1800 3131
146 107 234 146 30&

149 203 271 234 cidere.
316 201 336 220 ³*
352 200 439 240 quod
476 202 585 229 nocet.
638 196 708 228 Att.
746 198 788 228 iv.
830 198 880 227 12.

138 246 305 288 fiuudem
342 245 449 275 facere
487 241 596 273 alicui.
634 241 713 271 ibid.
744 241 799 271 vii.
827 236 881 270 2⁸6.

152 289 241 331 quod
257 289 364 320 multo
387 287 509 318 rectius
532 285 609 323 fuit,
625 285 659 315 id.
678 284 761 315 mihi
771 283 879 324 frau-

150 335 223 365 dem
238 333 327 363 tulit.

196 377 374 408 Fremitus.
399 371 477 406 Div.
493 374 515 405 i.
534 377 583 404 18.
595 371 757 413 fremitus
771 375 881 400 terrae.

152 420 234 453 Har.
260 418 299 451 R.
325 423 354 451 5.
382 427 577 459 responsum
600 415 814 456 haruspicum
842 413 881 442 de

142 465 291 505 Jiemitu
307 463 468 494 recitavit.

197 508 431 548 Frequentare,
460 505 649 544 frequentes
688 508 882 536 convocare,

154 562 282 592 cogere.
312 551 411 581 Catil.
430 550 471 580 iv.
487 552 517 582 7.
542 553 622 586 quos
640 555 716 576 cum
735 553 811 574 casu
828 542 881 572 hic

153 596 223 626 dies
250 595 291 626 ad
317 594 471 624 aerarium
486 590 741 632 frequentasset.
769 587 824 616 Sic
849 589 884 615 et

154 639 233 670 alibi
264 639 391 669 Cicero.
423 636 497 666 add.
526 634 668 664 Gronov.
698 631 739 661 ad
764 631 881 659 Senec.

156 684 255 714 Cous.
285 682 326 712 ad
358 681 462 712 Marc.
494 682 524 709 3.
561 676 722 712 *crebr0,
752 673 884 713 copiose

153 736 326 767 usurpare.
349 726 406 754 Or.
424 725 475 754 ⁶25.
499 720 678 760 acervatim
693 717 801 748 multa
807 715 885 756 sw-

153 776 322 811 quentare.
366 765 535 805 *replere
574 765 630 794 Or.
657 763 702 792 iii.
730 762 781 792 5⁶2.
806 759 884 800 sre-

153 819 308 855 quentare
332 811 518 841 orationem
544 806 727 837 luminibus
754 807 789 834 et
811 813 885 833 sen-

152 859 337 888 tentiarum
363 860 397 883 et
419 853 605 883 verborum.
629 850 671 880 ad
693 849 764 879 Att.
788 848 809 877 i.
838 850 886 881 19.

156 901 262 931 Italiae
289 897 503 929 solitudinem
519 894 752 935 frequentare.
782 890 885 920 *He-

155 953 250 975 renn.
267 943 313 973 iii.
332 943 384 973 24.
407 941 530 981 primas
547 947 693 978 quasque
716 938 825 976 partes
850 934 886 963 in

155 988 268 1018 animo
282 985 485 1027 frequenta:
509 984 531 1013 i.
559 992 588 1012 e.
613 981 807 1020 frequenter
833 985 887 1007 co·

155 1032 237 1071 gita.

199 1073 439 1115 Frequentatio,
458 1080 535 1101 usus
555 1069 723 1108 frequens.
770 1064 887 1095 Partit.

200 1161 407 1202 Frequentia.
431 1159 544 1189 Plane.
561 1160 591 1188 8.
614 1154 753 1185 solidam
779 1156 813 1182 et
836 1161 887 1181 ro-

154 1206 290 1236 bustam
313 1209 349 1235 et
371 1203 538 1234 assiduam
549 1199 780 1241 frequentiam
803 1205 887 1236 prae-

156 1251 315 1280 buerunt.

199 1293 349 1330 Fretum,
365 1301 424 1332 pro
439 1286 536 1330 frem
558 1286 680 1318 Siculo.
703 1285 773 1315 Att.
797 1283 831 1313 ii.
859 1285 887 1312 l.

155 1347 186 1367 v.
204 1336 277 1367 Ind.
295 1336 414 1375 Geogr.
431 1334 586 1364 Fretense
600 1334 703 1360 mare.

202 1381 331 1417 Fretus,
347 1389 406 1419 pro
410 1377 557 1417 fretum.
581 1375 675 1415 Verr.
692 1383 722 1402 v.
738 1372 791 1402 66.
813 1374 888 1410 per-

157 1430 300 1464 angusto
313 1422 425 1463 ,ἵν-εἰη..
454 1432 482 1451 v.
504 1419 590 1450 Gell.
614 1417 682 1448 xiii.
704 1418 756 1448 20.
789 1414 831 1444 cf.
855 1413 889 1443 ὖ.

156 1468 301 1498 Gronov.
319 1467 360 1496 ad
375 1465 460 1495 Gell.
475 1475 505 1494 x.
523 1464 576 1495 26.

201 1511 350 1551 Frigere,
363 1507 488 1539 dicitur
503 1507 543 1537 de
561 1516 612 1543 eo,
625 1505 679 1535 cui
696 1504 729 1534 in
742 1506 890 1542 quocun-

158 1565 221 1594 que
234 1564 356 1594 genere
374 1561 504 1583 resnou
519 1549 681 1580 succedit.
697 1547 738 1577 ad
753 1546 829 1577 Di'v.
845 1545 890 1574 xi.

159 1602 208 1629 14.
217 1598 315 1639 plane
326 1595 505 1636 jamfrigeo
516 1593 748 1635 (nihilefficere
758 1598 892 1630 possum

157 1643 193 1673 in
216 1641 414 1682 republica).
433 1638 549 1681 agyam
564 1637 654 1666 enim
668 1643 780 1665 meum
798 1642 892 1663 sena-

159 1692 215 1716 tus
232 1690 315 1715 erat.
332 1684 365 1714 id
381 1683 511 1721 estjam
525 1680 735 1711 dissolutum.
748 1677 825 1707 ibid.
838 1675 891 1705 vii.

164 1733 214 1760 11.
245 1730 295 1759 sin
326 1728 390 1757 ista
407 1726 608 1767 Jiigebunt:
637 1723 670 1753 h.
697 1732 726 1752 e.
754 1721 781 1751 si
807 1718 890 1749 nihil

160 1776 307 1812 quaestus
329 1771 420 1801 facis.
450 1769 531 1799 ibid.
547 1768 602 1798 vii.
623 1770 671 1797 13.
694 1765 779 1795 nihil
796 1763 889 1794 fieri:

148 1817 283 1855 frigere
298 1820 344 1853 te,
359 1824 400 1844 ne
415 1813 566 1843 chartam
584 1810 717 1850 quidem
733 1808 794 1839 tibi
813 1817 891 1847 sup-

159 1861 320 1901 peditare.
347 1858 440 1888 Verr.
458 1857 491 1887 ii.
508 1858 559 1887 25.
591 1864 668 1884 cum
684 1852 798 1882 omnia
812 1860 891 1881 con-

156 1905 232 1935 silia
241 1903 433 1943 ‚si-igereut:
458 1900 491 1930 h.
516 1910 544 1929 e.
568 1907 636 1928 non
652 1895 829 1926 commoda
844 1896 892 1924 vi·

158 1948 329 1978 derentur.
352 1946 371 1964 ²*
384 1943 468 1975 nihil
485 1953 592 1983 agere.
625 1941 667 1971 ad
682 1939 757 1971 Div.
774 1939 843 1968 viii.
861 1939 891 1968 6.

160 1992 341 2022 Curionem
361 1986 609 2027 valdefrz’gere.
632 1983 811 2024 *inprimis
821 1981 894 2022 fri-

156 2046 236 2075 gere
253 2035 412 2064 dicuntur
425 2036 586 2067 oratores,
598 2028 733 2064 musici,
750 2030 890 2063 actores,

161 2079 216 2118 qui
242 2088 309 2108 non
326 2077 461 2117 placent
476 2073 701 2104 audientibus.
726 2070 821 2100 Brut.
840 2072 892 2100 50.

159 2123 286 2153 tibicen
311 2118 530 2160 Antigenidas
548 2117 644 2154 dixit,
661 2115 824 2154 discipulo
840 2123 891 2143 sa-

161 2176 203 2196 ne
214 2165 366 2206 frigenti
381 2164 422 2193 ad
438 2161 620 2202 populum:
646 2159 727 2189 mihi
751 2167 833 2188 cane
858 2160 893 2186 et

161 2210 278 2240 Musis.
315 2208 334 2226 *
350 2206 533 2237 contemni.
557 2204 642 2234 Phil.
666 2204 708 2232 vi.
726 2205 756 2233 5.
777 2200 891 2240 friget

159 2259 321 2293 patronus
341 2251 526 2282 Antonius:
551 2258 597 2278 sc.
616 2248 694 2287 quia
708 2255 807 2275 nemo
822 2246 893 2284 ejus

162 2297 332 2327 beneficiis
349 2296 399 2325 uti
414 2294 497 2323 vult.

208 2341 404 2379 Frigescere.
423 2337 464 2367 ad
480 2335 633 2366 Div.viii.
645 2334 675 2364 6.
694 2342 752 2362 nos
770 2331 823 2361 hic
837 2331 895 2361 fri-

164 2383 480 2424 gorefiffgescimuffl
506 2380 538 2410 h.
556 2390 584 2409 e.
604 2376 687 2408 nihil
702 2377 812 2416 agitur
826 2375 894 2405 hic.

209 2427 355 2466 Frigide,
371 2426 519 2460 remisse,
535 2423 637 2452 lente.
662 2421 703 2450 ad
726 2420 801 2450 Div.
826 2419 893 2448 viii.

169 2475 218 2505 10.
249 2480 322 2510 quae
340 2470 496 2509 cupiunt,
513 2464 703 2506 ita-frigide
717 2470 836 2503 agunt,
855 2466 893 2492 ut

164 2513 251 2544 nolle
267 2514 512 2544 existimentur.

209 2557 380 2596 Frigidus,
406 2556 555 2595 jejunus,
585 2551 721 2592 puerilis
737 2563 742 2580 :
773 2549 812 2579 de
842 2559 894 2586 eo,

164 2602 221 2640 qui
248 2601 403 2630 acumina
430 2597 712 2628 sublimitatemve
735 2597 896 2630 sectatur,

165 2654 273 2683 neque
288 2644 487 2682 assequitur,
501 2641 558 2671 sed
575 2640 711 2669 ridetur.
735 2638 830 2668 Brut.
843 2638 897 2671 67.

164 2697 306 2723 aeumen
334 2697 420 2726 saepe
447 2683 711 2718 stomachosum,
728 2690 896 2710 nonnum-

164 2741 263 2771 quam
277 2729 465 2769 frigidum,
488 2727 657 2758 interdum
683 2725 785 2755 etiam
809 2724 897 2753 face-

162 2780 249 2809 tum.
275 2774 332 2803 Or.
359 2775 410 2803 26.
435 2772 553 2801 vitabit
580 2769 720 2800 ridicula
743 2767 895 2807 quaesita,

161 2829 226 2848 nec
242 2827 283 2847 ex
298 2821 448 2856 tempore
467 2816 558 2852 ficta,
576 2813 634 2843 sed
650 2812 749 2842 domo
772 2811 894 2840 allata:

164 2871 237 2901 quae
255 2860 452 2900 plerumque
470 2856 702 2896 suntfm'gz'da.
726 2856 783 2885 Or.
796 2855 830 2884 ii.
844 2855 897 2884 63.

163 2906 198 2938 in
222 2904 393 2945 ambiguo,
413 2911 487 2942 quae
511 2901 579 2931 sint
589 2900 791 2939 frigidiora,
814 2898 897 2929 vite-

666 108 812 138 INDEX
844 104 1140 135 LATlNlTA'rls.

925 205 1010 226 mus.
1032 195 1125 226 Verr.
1144 195 1165 225 i.
1180 194 1233 225 46.
1265 190 1320 224 alii
1337 195 1436 226 etiam
1441 195 1653 237 fi·1’gidiore5,

924 239 982 270 sed
999 240 1077 278 quia
1091 238 1400 276 stomachabantur,
1417 240 1546 271 ridiculi
1562 241 1657 271 vide-r

925 283 1048 313 bantur
1063 293 1143 313 esse.
1174 282 1192 300 '⁶
1206 283 1254 312 ita
1270 281 1457 322 uqi-igere,
1473 284 1595 315 dicitur
1610 285 1651 315 de

926 336 978 364 eo,
995 327 1052 365 qui
1070 334 1135 356 non
1153 326 1323 366 probatur,
1340 327 1396 356 cui
1418 337 1484 357 non
1509 338 1559 358 res
1575 338 1651 358 suc-

927 370 1026 400 cedit.
1051 370 1091 399 ad
1107 370 1182 400 Div.
1200 369 1265 399 viii.
1282 373 1313 403 9.
1337 370 1371 399 in
1387 370 1577 401 defensione
1591 380 1653 402 sua

926 412 991 443 fuit
1014 413 1262 450 disertissimus,
1279 413 1314 442 in
1337 415 1549 444 accusatione
1572 414 1653 445 satis

914 455 1076 495 ,fii-gidus.
1111 456 1151 495 Ω.
1168 457 1218 486 Fr.
1234 457 1281 487 iii.
1297 460 1327 486 3.
1361 463 1533 488 accusator
1542 458 1653 498 frigi-

926 500 1087 530 dissimus.
1111 500 1265 530 *tardus
1289 500 1383 531 Brut.
1406 504 1458 532 48.
1483 501 1595 533 lentus
1618 504 1654 534 in

927 543 1067 573 dicendo
1083 546 1116 572 et
1131 553 1225 582 paene
1237 542 1403 583 fi·igidus.
1432 545 1451 563 ³*
1463 545 1505 575 ad
1528 547 1604 577 Div.
1621 557 1655 577 x.

931 587 979 617 16.
992 585 1133 626 frigidoe
1148 591 1181 616 et
1198 587 1425 618 inconstantes
1442 589 1546 620 literae
1558 590 1657 630 Lepi-

931 630 962 660 di
979 642 984 659 :
1010 629 1044 660 h.
1059 640 1087 659 e.
1103 639 1143 659 ex
1161 630 1278 668 quibus
1295 630 1402 662 dnbiae
1419 632 1495 662 fidei
1511 643 1581 664 esse
1599 633 1657 665 ho-

926 674 1052 704 minem
1077 672 1337 711 intelligebatur,
1354 675 1388 705 in
1412 680 1565 707 neutram
1583 687 1658 718 par-

928 721 998 747 tem
1029 717 1109 746 satis
1139 715 1329 747 luculenter
1358 723 1393 748 et
1418 719 1551 751 fortiter
1578 722 1658 752 scri-

928 768 1007 801 ptae.

974 804 1107 843 Frigus,
1123 803 1230 833 otium
1251 813 1271 833 a
1293 804 1390 835 rebus
1407 805 1561 846 publicis,
1578 819 1656 839 eum
1685 828 1687 831 -

931 847 1015 878 nihil
1038 848 1149 886 agitur
1171 848 1206 877 in
1229 847 1356 887 republ.
1378 848 1462 878 nihil
1477 852 1659 889 proficitur.

929 891 971 921 ad
988 891 1063 922 Div.
1079 891 1146 920 viii.
1164 891 1195 920 6.
1225 900 1284 920 nos
1301 891 1355 920 hic
1365 891 1500 932 frigore
1512 893 1661 934 frigesci-

931 943 1016 965 mus.
1033 935 1073 974 Ω.
1085 934 1136 964 Fr.
1151 934 1184 964 ii.
1205 936 1253 964 12.
1278 940 1412 966 tantum
1425 936 1660 978 fuitfrz‘gusin

932 981 1063 1014 senatu,
1079 982 1118 1007 ut
1139 977 1252 1018 populi
1271 979 1420 1009 convicio
1443 979 1570 1021 Appius
1588 992 1664 1013 coa-

934 1026 1006 1052 ctus
1030 1021 1085 1058 sit,
1103 1030 1162 1051 nos
1186 1022 1364 1051 dimittere.
1387 1023 1466 1054 ibid.
1483 1030 1568 1055 extr.
1584 1026 1662 1056 reli-

934 1076 1000 1105 qua
1025 1064 1233 1103 singulorum
1261 1065 1389 1095 dierum
1415 1067 1597 1100 scribemus
1621 1070 1666 1100 ad

931 1114 1216 1147 ‘te—quamquam
1233 1109 1394 1148 ejusmodi
1398 1109 1520 1151 frigus
1531 1113 1662 1153 impen-

931 1153 1043 1189 debat,
1061 1153 1121 1182 διο.

976 1195 1088 1227 Frons.
1126 1195 1236 1226 Rabir.
1275 1195 1365 1227 Post.
1406 1199 1454 1228 12.
1494 1200 1665 1231 verissima

919 1239 1031 1281 frons,
1056 1240 1237 1279 opponitur
1259 1239 1302 1277 ei,
1327 1249 1400 1279 quae
1424 1243 1601 1282 mentitur,
1624 1248 1666 1275 ut

932 1285 979 1314 ait
996 1284 1037 1313 ad
1050 1283 1169 1323 Quint.
1192 1282 1244 1313 Fr.
1265 1283 1286 1313 i.
1306 1287 1333 1314 1.
1351 1288 1381 1315 5.
1414 1284 1486 1316 Att.
1502 1286 1524 1316 i.
1543 1290 1570 1317 1.
1601 1297 1664 1327 pu-

932 1333 969 1358 to
992 1332 1025 1357 te
1050 1327 1172 1364 risisse,
1189 1330 1247 1356 aut
1271 1327 1485 1367 ingemuisse,
1508 1336 1548 1360 ut
1561 1329 1665 1371 fron-

934 1376 998 1402 tem
1014 1371 1124 1401 ferias.
1144 1370 1185 1400 ad
1201 1370 1277 1400 Div.
1295 1371 1339 1401 ix.
1360 1374 1409 1402 10.
1432 1372 1558 1403 adeone
1581 1374 1668 1404 mihi*

933 1424 1106 1445 excussam
1129 1414 1341 1444 severitatem
1366 1419 1477 1455 putas,
1502 1421 1541 1447 ut
1564 1427 1606 1447 ne
1629 1418 1666 1448 in

933 1459 1005 1489 foro
1036 1457 1169 1498 quidem
1195 1457 1344 1497 reliquiae
1369 1460 1520 1498 pristinae
1536 1460 1667 1500 frontis

935 1502 1144 1542 appareant?
1166 1501 1238 1531 Att.
1256 1512 1286 1532 V.
1306 1505 1356 1532 10.
1381 1502 1452 1533 haec
1467 1503 1536 1533 fero
1548 1503 1668 1545 fronte

934 1550 968 1576 et
993 1545 1090 1576 vultu
1113 1544 1305 1583 bellissime,
1328 1546 1387 1576 sed
1408 1556 1512 1586 angor
1536 1548 1670 1579 intimis·

935 1589 1096 1620 sensibus.
1123 1588 1164 1618 iv.
1185 1592 1234 1619 1·5.
1257 1589 1433 1629 Pompeius
1449 1590 1667 1622 fremit—sed

936 1638 1051 1664 utrum
1080 1631 1198 1671 fronte
1235 1641 1278 1661 an
1316 1637 1441 1671 mente,
1480 1634 1667 1667 dubitatur.

940 1677 1054 1707 Plane.
1080 1676 1110 1706 6.
1141 1676 1167 1705 si
1198 1675 1320 1716 populo
1347 1684 1442 1715 grata
1467 1682 1518 1708 est
1542 1679 1669 1710 tabella

939 1717 1161 1762 (comitialis),
1187 1729 1260 1758 quae
1273 1718 1409 1759 frontes
1431 1722 1536 1761 aperit
1558 1722 1670 1753 homi-v

939 1774 1035 1801 num,
1051 1767 1181 1793 mentes
1198 1763 1295 1801 tegit.
1569 1762 1572 1765 ’

981 1807 1165 1843 Frontones,
1195 1805 1347 1837 homines
1385 1817 1508 1848 magna
1544 1809 1669 1840 fronte.

936 1851 1016 1882 Nat.
1033 1851 1077 1881 D.
1095 1850 1116 1880 i.
1131 1852 1184 1884 29.

980 1894 1134 1931 Fructus,
1151 1892 1276 1924 reditus
1291 1893 1493 1934 praediorum
1516 1900 1550 1926 et
1572 1906 1668 1936 agro-

937 1949 1024 1968 rum.
1050 1937 1148 1968 Catil.
1175 1938 1209 1967 ii.
1237 1940 1266 1968 8.
1299 1938 1433 1968 Certare
1457 1949 1534 1969 cum
1557 1941 1672 1970 usuris

924 1981 1098 2022 fructibus
1126 1980 1339 2021 praediorum.
1367 1981 1454 2011 conf.
1484 1983 1590 2014 Flacc.
1615 1987 1669 2018 37.

935 2026 1067 2066 (grui.
1088 2029 1115 2055 1.
1133 2028 1181 2055 ll.
1198 2025 1292 2054 Verr.
1306 2025 1352 2055 iii.
1369 2025 1550 2066 87.frucm
1561 2037 1635 2065 suo,
1646 2028 1669 2058 i.

935 2080 963 2099 e.
982 2069 1140 2099 reditibus
1164 2078 1203 2098 ex
1225 2069 1311 2107 agris
1334 2073 1369 2098 et
1391 2079 1504 2100 eorum
1523 2070 1668 2102 cultura.

934 2112 1128 2152 *voluptas,
1152 2112 1309 2142 suavitas.
1339 2112 1418 2151 Agr.
1442 2113 1476 2144 ii.
1501 2116 1532 2145 2.
1563 2115 1674 2145 anim'r

937 2157 1003 2186 mei
1020 2155 1181 2196 flac-tum
1212 2155 1272 2186 &c.
1304 2156 1385 2186 Har.
1415 2155 1455 2187 R.
1489 2161 1517 2187 1.
1549 2167 1669 2198 capere

923 2199 1095 2240 siue-tum.
1127 2199 1241 2229 Divin.
1258 2199 1292 2229 ii.
1307 2204 1338 2233 9.
1369 2199 1669 2241 omnemsructum

935 2244 1113 2284 superioris
1129 2243 1204 2273 vitae
1219 2242 1451 2282 perdidissent.

982 2287 1185 2326 Frugalitas.
1218 2286 1318 2316 Tusc.
1338 2287 1384 2316 iii.
1401 2290 1431 2318 ὃ.
1463 2287 1542 2326 quid
1564 2289 1621 2325 sit,
1636 2292 1672 2318 et

937 2341 1036 2371 quam
1054 2331 1119 2360 late
1135 2330 1273 2370 pateat?
1299 2330 1410 2360 Deiot.
1427 2335 1458 2365 9.
1477 2329 1677 2371 frugalita-r

937 2381 1015 2412 tem,
1028 2374 1061 2404 id
1076 2378 1140 2411 est,
1154 2373 1351 2403 modestiam
1365 2378 1398 2403 et
1409 2376 1670 2415 temperantiam

938 2419 1101 2448 virtutem
1119 2417 1299 2447 maximam
1314 2417 1439 2457 judico.

982 2462 1102 2500 Frugi.
1133 2460 1271 2490 Tuscul.
1301 2460 1347 2490 iii.
1374 2464 1404 2492 8.
1434 2461 1535 2491 homo
1549 2459 1672 2501 frugi,

939 2506 995 2544 qui
1020 2505 1176 2535 dicatur?
1203 2504 1280 2534 ibid.
1305 2504 1347 2534 iv.
1375 2505 1422 2535 16.
1452 2505 1553 2535 homo
1563 2504 1677 2545 frug-i

940 2549 1054 2579 omnia
1068 2552 1159 2578 recte
1174 2547 1264 2577 facit.

984 2590 1114 2631 Fruges
1135 2591 1319 2621 industriae.
1343 2590 1423 2621 Coel.
1448 2594 1502 2622 31.
1525 2592 1582 2631 qui
1604 2592 1672 2622 usi-

939 2636 1043 2667 tatius
1058 2636 1188 2665 fructus
1205 2635 1375 2664 dicuntur.

985 2679 1248 2715 Frumentarius,
1276 2678 1338 2707 int.
1365 2682 1542 2708 mercator.
1575 2677 1673 2708 offic.

940 2724 985 2754 iii.
1010 2725 1057 2753 13.

984 2766 1212 2797 Frumentum.
1229 2764 1268 2794 de
1279 2762 1456 2802 frumento
1472 2764 1674 2801 decumano,

940 2810 1120 2846 aestimato,
1142 2812 1246 2845 emto,
1268 2808 1303 2837 in
1327 2808 1459 2846 cellam,
1476 2818 1506 2838 v.
1529 2808 1671 2848 Argum.

940 2853 997 2883 Or.
1015 2853 1062 2883 iii.
1080 2853 1113 2882 in
1128 2851 1278 2881 Verrem.
1301 2851 1365 2882 Pis.
1382 2855 1435 2883 35.
1454 2851 1672 2892 frumentum

941 2896 1170 2934 honorarium,
1187 2899 1237 2926 est
1241 2894 1461 2935 frumentum
1476 2896 1511 2926 in
1528 2893 1659 2925 cellam.
