1804 3178
608 99 622 127 1
629 99 753 129 NDBX
785 102 917 130 LATm
925 104 1079 133 lTAns.

80 189 138 217 eat
152 185 269 225 magis,
285 195 384 225 quam
401 196 500 227 quem
516 191 556 217 tu
571 188 730 218 nma'nem
755 197 814 227 pu-

82 228 189 259 tabas.
205 229 227 259 i.
243 239 273 259 e.
290 229 415 260 nullius
433 230 542 270 pretii,
560 240 639 260 usus
655 230 715 260 ἃς.

127 272 239 312 Nepa,
263 274 421 314 scorpius.
446 272 516 304 Pin.
539 283 569 303 v.
597 276 645 305 15.
669 272 748 304 Nat.
771 273 814 304 D.

83 315 119 346 ii.
134 318 188 347 44.
212 316 252 347 fr.
269 316 363 347 Atat.

128 358 282 399 Nequam
301 369 359 399 pro
375 369 441 390 non
457 359 538 390 satis
553 358 682 390 doctus.
705 360 768 391 Sed
785 371 813 392 v.

85 408 156 432 not.

127 445 244 486 Neque
273 448 432 484 sequente
462 450 507 475 et.
545 446 664 486 Quint.
701 451 725 477 1.
758 448 814 486 qui

81 498 184 528 neque
207 498 269 520 usu
290 488 384 524 satis,
401 494 435 518 et
453 489 588 529 ingenio
605 501 720 530 parum
743 502 815 530 pos-

81 532 159 570 sim,
177 532 232 562 ubi
248 542 278 561 v.
295 538 364 561 not.
388 533 442 562 Sic
457 539 492 562 et
509 533 600 564 verr.
617 544 646 564 v.
663 537 715 565 22⁴.
741 534 813 565 Mil.

82 576 136 607 ⁴23.
158 575 259 606 Tuse.
286 575 308 605 i.
334 578 365 605 4.
395 576 467 605 init.
495 578 588 612 item,
613 577 715 607 semel
742 582 814 618 post

79 627 191 658 neque.
213 617 315 648 Acad.
338 619 380 648 iv.
404 621 456 650 ⁶25.
482 620 514 649 in
538 622 742 651 assumtione
759 632 815 651 ne·

80 659 192 701 gativa
207 671 266 701 pro
281 661 338 691 sed
356 672 433 692 non.
455 662 538 703 Top.
554 666 584 694 Ξ.

125 704 182 735 Ne
203 705 343 745 quidem,
362 707 540 744 conjuncte
561 707 652 738 nnlla
669 718 746 738 voce
765 708 814 737 in-

82 748 256 788 terposita,
273 759 342 779 esse
359 749 406 779 bis
423 760 475 790 ap.
493 751 687 781 Ciceronem
712 751 814 781 tradit

80 790 171 822 Guil.
187 791 365 823 Insulanus
381 794 459 823 Obs.
473 793 511 824 L.
526 794 563 824 L.
581 804 613 834 p.
628 797 681 826 3-1.
703 795 761 825 scd
776 795 815 824 il·

80 834 114 866 la
130 835 202 866 loca
217 835 313 866 hodie
330 836 428 867 aliter
452 837 620 876 leguntur.
643 838 705 868 vid.
729 838 814 868 Tur·

81 877 190 909 sellin.
207 879 247 910 de
263 879 384 910 Panic.
402 880 435 910 in
453 881 484 910 h.
503 891 531 910 v.
548 887 582 910 et
599 881 642 911 ibi
660 889 786 912 notata.

125 922 298 962 Nequitia.
322 923 459 954 Tuscul.
476 925 522 954 iii.
539 928 568 954 8.
596 925 684 955 unde
701 925 810 956 dicta?

80 965 152 996 *de
167 966 307 997 Venere.
330 966 424 997 Verr.
441 977 471 998 v.
494 971 541 998 11.

126 1009 281 1047 Νειναςε,
305 1010 448 1048 fortiter,
472 1020 595 1042 severe.
619 1011 660 1041 ad
683 1012 758 1043 Div.
782 1023 813 1043 x.

81 1054 135 1085 23.
158 1058 210 1090 tu,
233 1053 321 1093 quod
347 1054 454 1084 adhue
479 1054 601 1091 fecisti,
619 1056 704 1085 idem
731 1066 815 1096 prie-

80 1101 154 1135 sta;
178 1102 218 1127 ut
240 1097 429 1136 vigilanter,
453 1108 640 1138 nervoseque
663 1109 734 1138 nos,
757 1099 814 1138 qui

80 1147 208 1171 stamus
234 1141 270 1171 in
296 1141 379 1178 acie,
402 1142 572 1172 subornes.
596 1143 660 1173 Off.
689 1143 735 1173 iii.
761 1146 812 1177 99.

77 1187 244 1216 nervosius
267 1185 323 1224 qui
348 1185 412 1215 ista
435 1185 615 1223 disserunt,
632 1185 740 1217 solum
756 1197 815 1216 au-

80 1228 163 1259 dent
184 1228 310 1260 malum
327 1228 436 1258 dicere
453 1228 498 1265 id,
516 1229 603 1268 quod
626 1234 723 1270 turpe
747 1232 790 1260 sit
805 1242 811 1259 :

79 1273 138 1312 qui
154 1278 268 1303 autem
284 1273 452 1302 remissius
471 1277 530 1302 oze.
556 1274 574 1290 ὅ
586 1273 665 1312 quid
681 1275 724 1304 sit
740 1283 814 1304 ner-

79 1326 149 1347 vose
170 1316 294 1354 dicere,
317 1316 461 1355 intelligi
485 1320 595 1355 potest
616 1327 656 1347 ex
679 1318 736 1348 Or.
761 1318 813 1348 36.

78 1367 165 1391 extr.
190 1360 320 1390 dicetur
342 1366 469 1393 autem,
487 1369 552 1389 non
577 1360 814 1401 Peripatetico-

82 1414 157 1434 rum
181 1412 286 1441 more,
306 1404 370 1444 (est
393 1404 482 1433 enini
503 1403 637 1433 illorum
655 1406 814 1435 exercita—

79 1447 129 1478 tio
151 1446 285 1486 elegans
301 1447 374 1485 jam
392 1447 469 1477 inde
486 1447 526 1476 ab
542 1447 719 1478 Aristotele
736 1458 814 1478 con-

75 1491 210 1528 stituta)
221 1489 278 1521 sed
286 1490 457 1530 aliquanto
465 1492 637 1521 nervosius.
647 1501 676 1521 v.
685 1502 813 1522 nerim.

123 1535 300 1566 Ner-vonas.
323 1534 419 1564 Brut.
441 1536 494 1564 31.
518 1534 590 1573 quis
614 1540 664 1565 est
688 1535 813 1566 Aristo-

77 1577 145 1608 tele
159 1579 321 1608 nervosior
333 1578 350 1607 f
373 1587 402 1608 v.
419 1587 547 1608 nervus.

123 1621 269 1659 Nervus,
285 1620 448 1652 fortitudo
464 1621 580 1651 animi.
613 1620 655 1651 ad
678 1622 754 1652 Div.
772 1623 813 1653 vi.

83 1668 112 1697 1.
135 1670 301 1705 quantum
324 1665 359 1695 in
383 1664 543 1703 cujusque
560 1665 672 1695 animo
689 1665 812 1696 roboris

79 1713 132 1740 est
160 1713 261 1748 atque
286 1717 470 1738 nervorum.
505 1707 748 1738 *vehementia
778 1714 814 1739 et

79 1752 142 1790 vis,
157 1752 345 1789 contentio,
360 1760 435 1790 quae
451 1751 487 1781 in
501 1752 608 1781 causis
626 1751 812 1782 forensibus

79 1795 122 1826 ab
143 1800 275 1826 oratore
298 1795 487 1831 adhibetur,
504 1795 538 1824 in
563 1795 745 1834 arguendo,
763 1805 814 1825 re-

79 1838 238 1875 fellendo,
254 1848 327 1878 quae
351 1842 386 1868 et
400 1839 560 1878 asperitas
577 1838 748 1876 judicialis
763 1839 813 1869 di-

79 1883 180 1919 citur,
196 1892 273 1912 cum
294 1881 497 1922 philosophis
521 1887 638 1912 contra
655 1881 812 1912 mollities

77 1926 259 1957 tribuatur.
293 1926 388 1956 Orat.
419 1925 465 1955 iii.
495 1926 548 1955 21.
586 1926 678 1955 nervi
703 1925 813 1956 foren-

79 1979 142 2000 ses·
166 1969 261 2000 Orat.
290 1972 339 2003 19.
366 1969 473 1999 oratio
500 1968 728 2009 philosophica
756 1978 813 1999 ne-

79 2023 144 2053 que
167 2011 300 2043 aculeos
323 2022 430 2051 neque
453 2022 563 2042 nervos
583 2012 730 2042 forenses
756 2012 814 2042 ha-

80 2057 148 2087 bet.
178 2056 272 2086 *On
303 2057 348 2086 iii.
379 2057 432 2089 27.
464 2055 666 2086 inhaerentes
690 2055 754 2086 loci
778 2056 812 2085 in

79 2101 187 2131 nervis
202 2107 391 2136 causarum,
405 2104 498 2135 sunt,
513 2099 570 2138 qui
591 2108 632 2128 ex
649 2099 720 2139 ipsa
735 2105 813 2128 cau-

63 2153 117 2174 ἐι
130 2147 308 2184 petuntur,
323 2151 405 2182 quos
422 2143 493 2182 ipsa
509 2151 616 2172 causae
634 2142 718 2173 ratio
734 2152 813 2182 sup-

78 2187 221 2228 peditat.

125 2231 252 2262 Nescio.
275 2229 420 2260 formula
445 2229 555 2260 neseio
576 2228 667 2268 quid,
684 2227 752 2258 fere
778 2228 814 2258 in

81 2278 292 2305 contemtum
321 2273 444 2303 dieitur
470 2272 509 2302 de
536 2282 570 2302 re
598 2281 710 2312 parva,
736 2281 815 2301 con-

78 2316 260 2348 temtibili:
285 2316 372 2356 quod
401 2317 440 2346 iis
470 2325 535 2345 non
562 2315 643 2345 satis
669 2315 815 2344 attendi-

82 2370 171 2398 mus,
182 2365 242 2391 aut
255 2359 409 2390 consulto
420 2359 656 2389 obliviscimur.
680 2358 758 2389 Nat.
771 2358 814 2388 D.

80 2405 103 2435 i.
133 2407 186 2436 33.
217 2405 296 2443 quia
322 2405 423 2434 neseio
445 2403 522 2442 quid
546 2403 578 2432 in
606 2400 816 2442 philosophia

82 2447 287 2478 dissentiret.
309 2447 406 2477 Rosc.
430 2447 468 2476 A.
493 2448 546 2479 39.
573 2455 638 2475 non
664 2444 815 2484 paullum

79 2492 184 2522 nescio
205 2490 296 2531 quid,
311 2490 370 2520 sed
393 2491 452 2520 διο.
485 2490 555 2519 Att.
579 2499 630 2518 xv.
653 2491 683 2518 4.
716 2489 816 2518 nescio

80 2535 162 2575 quid
189 2533 375 2564 literarum.
409 2533 486 2563 ibid.
515 2532 578 2562 xvi.
608 2535 638 2561 5.
673 2532 815 2561 rumoris

80 2579 184 2609 nescio
198 2578 276 2618 quid
291 2577 427 2607 afflavit.
461 2575 538 2606 ibid.
556 2576 623 2605 xiii.
638 2577 692 2606 915.
717 2576 818 2604 nescio

81 2621 163 2662 quid
176 2630 194 2650 e
206 2630 332 2660 quercu
348 2620 608 2660 exsculpseram,
624 2618 711 2657 quod
728 2618 816 2648 vitle-

82 2668 179 2694 retur
200 2664 308 2695 simile
334 2663 516 2694 simulacri.
542 2662 600 2692 sed
626 2665 677 2691 est
701 2668 816 2691 tamen

83 2707 185 2738 etiam
209 2707 250 2737 de
273 2717 308 2738 re
331 2707 506 2738 excellenti
529 2712 563 2736 et
586 2705 761 2744 eiusmodi,
779 2709 817 2734 ut

81 2751 155 2789 ejus
193 2751 463 2789 magnitudinem
507 2756 542 2780 et
587 2748 817 2789 praestantiam

83 2796 180 2824 mens
202 2799 318 2824 nostra
329 2795 386 2824 vix
400 2794 552 2825 videatur
566 2792 695 2831 assequi
711 2800 817 2832 posse.

82 2836 184 2868 Arch.
209 2840 241 2871 7.
264 2840 340 2867 tum
361 2837 445 2868 illud
467 2838 569 2869 nescio
590 2835 670 2876 quid
682 2833 818 2876 praecla-

83 2888 160 2926 rum
175 2890 215 2924 ac
229 2879 398 2920 singulare
411 2880 516 2914 solere
530 2880 685 2914 existere.
712 2878 766 2909 Sic
782 2882 818 2909 et

1502 105 1587 143 868

858 189 994 220 Ovidius
1017 191 1101 222 dixit
1124 192 1161 223 Α.
1184 194 1230 225 iii.
1254 199 1284 226 4.
1304 198 1357 228 23.
1382 202 1480 230 nest-io
1495 202 1588 240 qnid,

859 233 947 271 quod
971 240 1004 263 te
1040 236 1178 274 ceperit,
1207 249 1277 274 ‚csse
1305 248 1438 280 putant.
1475 243 1585 276 Etiam

857 278 959 306 nescio
980 278 1051 316 quis
1068 279 1107 307 de
1123 278 1308 312 hominibus
1323 284 1469 315 obscuris
1485 293 1519 316 ct
1536 288 1587 317 in-

857 318 964 358 dignis
982 321 1151 351 memoria.
1166 323 1205 361 Ω.
1225 323 1272 353 Fr.
1287 327 1306 355 i.
1328 330 1352 356 1.
1368 338 1396 357 c.
1410 330 1440 359 6.
1457 329 1587 361 Paeonii

857 364 958 393 nescio
972 360 1067 403 cujus
1087 365 1145 394 ἄιε.
1180 367 1198 382 ·
1213 367 1325 397 Nescio
1338 380 1394 407 an,
1411 371 1534 403 dicitur
1549 379 1589 403 ut

859 406 946 435 hand
960 407 1028 436 scio
1043 417 1097 437 an.
1115 408 1154 437 de
1170 419 1235 448 quo
1252 420 1279 439 v.
1298 413 1394 442 houd.

903 450 1042 481 Neuter.
1068 451 1169 482 Acad.
1197 453 1216 482 i.
1249 455 1294 482 10.
1325 462 1442 486 nemera
1468 458 1586 489 Stoicis

857 502 930 531 quae
947 493 1103 524 dicantur
1117 495 1129 524 ἓ

902 536 1028 574 Aba-us,
1044 544 1094 567 cst
1118 539 1202 568 ritus
1226 539 1387 570 vendendi
1413 551 1470 580 per
1492 553 1535 573 ως
1552 549 1588 574 ct

858 578 989 617 librani,
1015 581 1234 621 praesentibus
1262 583 1407 622 quinque
1435 587 1588 624 testibus,

857 633 921 661 quo
953 624 1104 654 venditor
1127 624 1295 664 obligatur
1321 626 1361 656 ad
1391 628 1588 660 evictionem

858 667 1089 706 praestandam.
1113 667 1244 698 Murcn.
1263 671 1293 699 52.
1320 670 1354 699 in
1370 671 1408 700 iis
1426 671 1522 702 rebus
1539 683 1589 704 re,-

858 710 1009 748 pctendis
1036 721 1109 749 quae
1137 713 1281 751 mancipi
1304 719 1397 750 sunt,
1422 715 1448 743 is
1467 715 1587 754 judicii

858 753 1042 792 periculum
1076 755 1299 794 (evictionem)
1337 764 1494 796 proestare
1532 759 1588 788 de-

858 797 924 832 bet,
941 798 996 835 qni
1013 807 1047 827 sc
1063 807 1147 828 uera
1163 798 1331 837 obligavit.
1360 799 1443 840 Top.
1461 804 1492 831 5.
1520 807 1588 832 tra-

861 839 942 870 ditio
968 851 1064 871 netu.
1090 841 1204 871 Parad.
1222 852 1251 871 v.
1269 845 1294 872 1.
1319 845 1496 883 mancipia,
1513 855 1587 884 quoe

856 887 936 913 sunt
951 883 1161 914 dominorum
1178 884 1267 915 facta
1280 896 1376 915 nexu.
1392 887 1432 916 ad
1445 888 1520 918 Div.
1533 891 1587 920 vii.

857 929 908 956 30.
933 929 1027 966 cnjus
1045 928 1214 967 proprinui
1231 934 1264 958 tc
1280 939 1349 958 esse
1361 931 1476 960 scribis
1491 941 1585 962 inan-

856 970 942 1009 cipio
954 976 988 1000 et
997 981 1093 1000 nai-u.
1107 971 1455 1010 Distinguiturtainen
1465 984 1484 1004 a
1493 984 1587 1005 man-

856 1013 941 1052 cipio
952 1013 1032 1044 Har.
1043 1014 1079 1044 R.
1091 1017 1122 1047 7.
1131 1014 1243 1053 dequo
1251 1015 1314 1045 vid.
1325 1016 1358 1045 in
1370 1018 1585 1057 mancipium.

901 1056 1028 1094 Nea-us,
1045 1057 1109 1096 adj.
1124 1057 1270 1096 pendens
1287 1069 1326 1088 ex
1343 1058 1419 1097 alio,
1430 1060 1584 1097 junctus.

855 1099 954 1130 Tusc.
983 1101 1029 1131 iii.
1061 1106 1091 1131 ὅ.
1122 1110 1237 1131 omnes
1266 1102 1404 1133 virtutes
1437 1103 1525 1134 inter
1549 1115 1585 1135 se

855 1153 944 1174 πειτα
959 1149 1049 1173 sunt.
1073 1143 1148 1174 Div.
1166 1145 1187 1173 i.
1206 1148 1258 1175 55.
1283 1155 1359 1175 cum
1384 1156 1484 1176 causa
1506 1157 1585 1179 cau-

856 1196 900 1216 sae
924 1197 1008 1217 neta
1031 1197 1100 1217 reui
1124 1197 1163 1217 ex
1179 1196 1213 1217 se
1230 1189 1347 1227 gignit.
1381 1189 1448 1219 fat.
1469 1191 1516 1221 16.
1545 1201 1585 1222 ea

857 1239 921 1259 non
946 1240 1015 1260 esse
1040 1240 1122 1261 nera
1145 1231 1251 1260 causis
1274 1233 1418 1269 aetcrnis,
1434 1237 1467 1262 et
1489 1244 1510 1263 a
1524 1234 1585 1266 fati

856 1275 1053 1304 necessitate
1070 1283 1140 1304 esse
1156 1273 1267 1305 libera.
1282 1276 1300 1292 '0
1312 1275 1352 1305 de
1368 1275 1585 1308 collocatione

857 1317 1041 1347 verborum.
1072 1319 1165 1347 Orat.
1189 1320 1241 1348 41.
1271 1328 1320 1348 res
1344 1319 1526 1358 collocatae,
1549 1325 1585 1352 et

856 1362 948 1399 quasi
971 1366 1121 1398 structae,
1138 1366 1174 1391 et
1196 1370 1286 1392 nexoe
1301 1363 1417 1393 verbis.
1435 1363 1497 1393 vid.
1515 1365 1586 1394 vin-

857 1404 934 1434 cire.

901 1448 1046 1477 Nurum.
1059 1448 1116 1478 Or.
1133 1448 1180 1477 iii.
1197 1450 1248 1478 40.
1274 1457 1406 1485 nexum,
1422 1449 1510 1487 quod
1526 1461 1585 1490 per

856 1491 972 1520 libram
996 1491 1116 1529 agitur.
1143 1491 1223 1520 Har.
1248 1491 1286 1521 R.
1311 1495 1341 1525 7.
1368 1491 1483 1522 niultae
1505 1498 1586 1524 sunt

855 1534 972 1564 domus
989 1534 1066 1571 jure
1084 1535 1240 1573 mancipi,
1252 1534 1328 1571 jure
1345 1537 1428 1565 nez-i.
1444 1546 1473 1565 v.
1492 1546 1584 1566 man-

856 1577 991 1616 cipium.
1010 1577 1133 1608 Caecin.
1149 1580 1202 1608 35.
1218 1577 1309 1607 Sulla
1326 1579 1371 1607 ita
1387 1578 1465 1609 tulit
1481 1579 1522 1609 de
1538 1581 1584 1610 ci-

855 1622 970 1657 vitate,
986 1625 1025 1651 ut
1048 1630 1115 1650 non
1139 1621 1311 1650 sustulerit
1335 1621 1452 1652 horum
1476 1633 1559 1654 nexa
1574 1636 1584 1652 .-

856 1665 876 1694 i.
893 1673 923 1694 e.
946 1669 985 1694 ut
1007 1665 1172 1694 enitiones
1195 1668 1229 1694 et
1245 1663 1451 1695 venditiones
1468 1676 1526 1705 per
1539 1676 1584 1697 ωε

855 1713 889 1738 et
919 1707 1050 1744 libram,
1074 1716 1148 1745 quoe
1173 1713 1253 1738 sunt
1276 1707 1362 1746 juris
1387 1708 1586 1748 Quiritium,

855 1752 920 1780 vim
949 1760 1044 1781 suani
1076 1751 1273 1788 retinerent,
1303 1761 1404 1790 quain
1435 1763 1474 1782 ex
1507 1755 1584 1792 jure

855 1794 1037 1834 Quiritium
1055 1793 1190 1823 habent.

898 1837 1006 1868 Nihil.
1038 1837 1072 1867 in
1089 1836 1201 1867 Caecil.
1221 1839 1269 1867 14.
1297 1837 1382 1866 nihil
1395 1842 1446 1868 est
1462 1839 1495 1868 in
1512 1849 1587 1879 pro-

854 1880 1001 1911 lusione:
1020 1880 1052 1910 h.
1068 1890 1097 1910 e.
1111 1881 1197 1910 nihil
1211 1879 1308 1910 valet.
1331 1882 1419 1911 Sext.
1437 1884 1489 1912 53.
1506 1892 1585 1912 eum

853 1925 937 1954 nihil
961 1928 1107 1964 putaret,
1134 1924 1156 1953 i.
1185 1933 1214 1953 e.
1242 1923 1351 1961 nihili,
1379 1932 1417 1954 ut
1443 1926 1586 1956 correxit

855 1967 992 1997 Hotom.

899 2011 1014 2047 Nilus,
1027 2019 1131 2049 genus
1147 2009 1375 2048 aqnaednctns,
1388 2010 1444 2049 qui
1455 2015 1489 2041 et
1500 2011 1587 2041 euri-

855 2063 916 2094 pus
941 2059 1090 2090 vocatur,
1106 2053 1146 2083 «le
1169 2063 1234 2092 quo
1256 2063 1366 2092 supra.
1392 2054 1471 2093 Lag.
1495 2055 1529 2084 ii.
1558 2058 1584 2085 l.

855 2097 975 2128 ductus
991 2107 1165 2136 aquarum,
1182 2105 1262 2135 quos
1278 2097 1333 2126 isti
1347 2098 1427 2126 nilus
1442 2103 1476 2127 et
1498 2099 1587 2128 euri-

855 2150 912 2180 pos
927 2144 1056 2171 vocant.
1073 2140 1115 2170 cf.
1129 2140 1171 2179 Ω.
1190 2139 1240 2170 Fr.
1258 2140 1304 2169 iii.
1317 2143 1349 2174 9.
1364 2139 1428 2170 vid.
1445 2140 1584 2171 Salmas.

857 2184 897 2214 ad
913 2183 1016 2213 Solin.
1033 2194 1065 2224 p.
1082 2185 1156 2214 638.
1171 2192 1219 2222 sq.

900 2227 1052 2263 Nimbus,
1069 2226 1254 2263 calamitas,
1270 2225 1409 2256 malum.
1440 2226 1510 2257 Att.
1533 2237 1586 2258 xv.

855 2275 886 2305 9.
910 2270 1000 2300 hune
1015 2271 1160 2300 nimbum
1176 2269 1244 2299 cito
1259 2270 1428 2299 transiisse
1444 2270 1551 2301 laetor.

901 2314 1087 2350 Nimirum,
1118 2313 1190 2343 sine
1228 2312 1339 2343 dubio.
1370 2312 1503 2344 Muren.
1537 2317 1586 2345 15.

856 2357 1009 2387 omnibus
1025 2355 1289 2395 regibus—bunc
1305 2365 1415 2394 regem
1428 2357 1588 2388 nimirum

857 2405 1049 2440 antepones.
1067 2409 1139 2438 quae
1156 2409 1221 2429 non
1231 2399 1327 2429 modo
1342 2409 1475 2430 summa
1489 2400 1588 2438 bona,

857 2444 915 2474 sed
945 2444 1102 2473 nimirum
1134 2441 1185 2472 vel
1213 2441 1283 2472 sola
1313 2442 1440 2473 audebo
1467 2442 1588 2475 dicere.

857 2489 960 2518 ‘tum
985 2496 1061 2516 vero
1086 2487 1214 2524 utique.
1243 2485 1308 2515 Off.
1339 2486 1372 2515 ii.
1398 2487 1452 2517 20.
1477 2487 1536 2517 sed
1560 2487 1587 2518 si

859 2541 909 2561 res
941 2531 974 2560 in
1005 2529 1255 2559 contentionem
1287 2529 1392 2566 venit,
1428 2530 1588 2563 nimirum

857 2573 1099 2604 Themistocles
1114 2577 1166 2602 est
1180 2579 1298 2602 auctor
1311 2571 1529 2604 adhibendus.

904 2617 989 2647 Nisi.
1015 2616 1110 2646 Rosa.
1128 2616 1202 2646 Am.
1219 2618 1272 2646 35.
1302 2615 1429 2646 nescio:
1448 2617 1510 2646 uisi
1526 2616 1588 2647 hoc

859 2660 974 2690 video:
1007 2660 1029 2690 i.
1047 2670 1075 2689 e.
1090 2664 1313 2699 praeterquam
1340 2658 1441 2698 quod,
1469 2669 1590 2701 nempe

859 2703 1029 2733 omittitur
1043 2702 1141 2742 quod.
1175 2701 1412 2732 Hotomannus
1428 2702 1590 2744 interpre-

859 2753 952 2777 tatur
966 2746 1045 2776 sed:
1071 2756 1137 2785 quo
1153 2754 1253 2776 sensu
1269 2754 1357 2785 saepe
1369 2750 1420 2776 est
1433 2747 1521 2786 apud
1533 2756 1589 2777 ve-

860 2795 947 2821 teres
959 2791 1020 2820 niet*
1031 2802 1041 2822 .-
1060 2793 1099 2820 ut
1112 2790 1182 2829 ipse
1193 2788 1352 2826 ostendit,
1366 2792 1400 2819 et
1411 2788 1466 2820 alii
1478 2794 1590 2820 osten-

861 2833 994 2864 derunt.
1026 2832 1069 2863 ad
1084 2833 1159 2864 Div.
1176 2832 1246 2863 xiii.
1267 2835 1295 2863 1.
1322 2831 1387 2862 vid.
1413 2842 1494 2871 quos
1519 2833 1589 2864 lau·

861 2877 920 2909 dat
929 2876 1103 2909 Drakenb.
1119 2875 1162 2908 ad
1176 2875 1248 2908 Liv.
1265 2875 1352 2907 xxiv.
1369 2877 1422 2908 20.
1438 2876 1457 2895 ⁴⁵
1469 2877 1532 2908 nisi
1546 2876 1586 2909 si.
