1800 3131
193 68 249 105 94

195 167 318 206 factus,
349 175 416 198 non
447 165 546 198 modo
575 166 681 199 literis
716 170 837 208 utitur,
867 170 924 202 sed

195 211 298 242 etiam
315 212 532 251 geometriam
550 211 658 243 docet.
682 213 800 244 fidibus
816 215 926 245 utitur

195 255 477 295 Pythagoreorum
509 266 611 286 more.
637 256 679 287 ad
707 257 784 287 Div.
814 258 859 288 ix.
891 262 923 290 4.

195 298 333 329 Diodori
370 298 441 341 weg}
475 296 599 329 zaraa-5.
630 301 821 341 opinionem
857 311 924 332 non

194 343 433 383 concoquebat.

239 386 412 425 Diogenes,
440 386 678 427 Apolloniates.
716 386 797 418 Nat.
829 388 872 419 D.
900 389 920 419 i.

197 432 248 461 12.
279 434 357 460 aera
378 430 489 460 Deum
512 430 603 461 facit.
622 432 661 461 de
682 441 714 461 eo
738 430 852 462 Laio-t.
878 432 921 462 ix.

195 477 248 508 57.
273 472 398 505 Patria.
414 473 492 514 fuit
514 475 682 515 Apollonia
711 474 824 513 Crem,
847 480 885 505 ut
907 486 923 506 e

194 517 357 558 Stephano
379 517 417 548 de
445 518 523 549 Uro.
548 518 593 548 acl
615 528 688 548 eum
710 520 813 548 locum
836 519 922 549 docet

193 561 377 602 Menagins.
417 561 507 592 Vis-it
537 562 744 601 Anas-agoroe
773 563 921 601 tempm-i..

194 606 260 636 bus.
293 605 452 645 Physicus
477 605 580 635 dietus
603 609 660 640 est,
689 609 719 634 et
745 607 921 644 eloquentia

193 657 257 679 non
275 651 382 679 nunus
396 659 493 688 quam
505 649 701 689 philosophia
716 650 831 678 valuit.

237 692 404 732 Diogenes.
433 694 577 731 (yuieus.
608 692 709 722 Tusc.
734 692 755 721 i.
781 695 833 723 43.
870 693 920 723 in-

192 735 373 767 humatum
389 746 422 765 se
438 736 673 775 projici-jubet.
715 736 920 767 ,Memmvtur

191 781 290 811 eliam
316 779 415 809 Tusa
446 780 493 809 iii.
524 781 577 810 23.
604 789 634 809 v.
664 781 715 810 32.
748 779 837 811 Mur.
865 781 918 812 36.

191 823 272 855 Nat.
290 823 331 854 D.
349 823 395 853 iii.
412 826 464 854 34.
483 823 542 853 διο.

236 867 406 906 Diogenes.
444 867 656 906 Babylonius,
695 866 830 898 Stoicus.
875 868 919 898 A-

191 911 263 941 cad.
298 911 341 941 iv.
371 914 424 942 30.
471 911 649 942 Carneadis
673 910 707 940 in
730 910 919 942 Dialectica

190 959 387 995 praeceptor.
432 954 504 985 Fin.
536 955 570 984 ii.
604 957 633 985 8.
679 964 757 984 eum
794 955 917 986 Laelius

191 999 328 1028 audivit.
347 999 393 1028 iii.
414 1001 463 1028 10.
496 999 566 1037 ejus
589 997 741 1027 definitio
757 999 826 1028 boni
841 1009 918 1039 pro-

189 1042 299 1072 batur.
316 1041 415 1072 Tusc.
433 1042 475 1072 iv.
499 1045 530 1073 3.
563 1041 694 1071 Senect.
718 1045 749 1076 7.
773 1042 915 1073 Romam

188 1085 320 1126 legatus
343 1085 504 1116 mittitur.
541 1085 623 1116 Nat.
648 1085 690 1115 D.
715 1085 736 1115 i.
766 1088 815 1116 15.
846 1087 916 1126 ejus

185 1129 270 1160 liber
291 1130 329 1160 de
343 1129 506 1168 lfflneruo,
522 1130 557 1160 in
581 1139 646 1168 quo
668 1133 803 1169 partum
825 1130 917 1161 Jovis

188 1173 230 1204 ad
260 1173 500 1214 physiologiam
529 1173 689 1203 traducit.
721 1173 796 1203 Div.
830 1174 852 1204 i.
884 1177 915 1205 3.

187 1217 364 1258 Chrysippi
380 1217 524 1253 auditor,
538 1226 644 1247 unum
667 1216 790 1247 librum
812 1218 917 1248 edidit

186 1262 225 1291 de
254 1261 473 1299 Divinatione,
505 1261 539 1291 ii.
569 1264 622 1291 43.
663 1261 915 1301 praedictionem

186 1315 262 1335 eam
279 1305 446 1343 concedit,
464 1304 569 1344 qualis
587 1305 726 1343 quisque
744 1310 866 1335 natura
881 1309 916 1336 et

184 1349 229 1379 ad
256 1359 356 1388 quam
382 1349 520 1388 quisque
546 1357 618 1378 rem
644 1348 790 1378 maxime
817 1354 915 1389 aptus

184 1393 320 1423 futurus
339 1393 394 1423 sit.

229 1436 400 1477 Diogenes,
422 1436 566 1473 Groemzs,
584 1435 625 1466 ad
641 1435 716 1466 Div.
733 1436 768 1466 ii.
789 1438 839 1468 12.
875 1437 914 1468 it.

184 1480 253 1510 viii.
272 1485 301 1512 8.
330 1480 378 1510 M.
398 1479 491 1510 Coelii
509 1480 586 1510 Rufi
601 1481 740 1510 amicus.

227 1524 401 1564 Diogenes,
420 1524 554 1555 Cluent.
574 1525 625 1555 16.
657 1524 742 1554 servi
760 1533 896 1554 nomen.

227 1568 421 1608 Diognetus,
447 1568 622 1598 Venerius.
653 1568 748 1598 Verr.
780 1568 826 1598 iii.
858 1572 911 1599 38.

183 1613 240 1652 qui
263 1613 420 1643 decumas
442 1611 649 1642 Tissensium
669 1621 690 1641 a
705 1612 806 1642 Verre
823 1622 913 1642 eme·

180 1661 245 1687 rat.

226 1700 350 1739 Diona,
366 1698 507 1730 Nat.D.
524 1698 571 1729 iii.
589 1701 642 1731 23.
673 1703 782 1730 mater
802 1700 910 1730 Vene-

180 1754 236 1775 ris.

224 1787 493 1828 Dionysiarelrus,
508 1787 603 1818 Verr.
621 1787 663 1817 iv.
681 1788 734 1818 22.
771 1797 912 1828 proago-

181 1842 236 1863 rus
253 1832 454 1862 Catinensis.

223 1876 395 1915 Dimtysia,
413 1875 453 1915 Ω.
479 1875 577 1906 Rosc.
604 1878 634 1905 8.
661 1873 815 1905 saltatrix
842 1876 907 1907 vid.

186 1921 270 1951 Gell.
288 1921 309 1949 i.
328 1923 357 1950 5.

195 1977 199 1981 ·
223 1963 412 2002 Dionysius,
428 1962 509 1993 Nat.
527 1963 570 1993 D.
589 1962 636 1993 iii.
653 1964 706 1993 21.
739 1961 828 1993 filius
849 1963 908 1994 Jo-

178 2008 227 2039 vis
244 2013 277 2037 et
294 2007 510 2047 Proserpinae.
525 2006 591 2037 vid.
609 2007 744 2037 Anaces.

222 2051 407 2090 Dionysius,
426 2051 712 2090 Syramanwum
735 2055 907 2089 tyrannus.

177 2094 255 2126 Div.
275 2096 296 2125 i.
317 2097 370 2126 20.
400 2095 471 2135 ejus
492 2099 614 2131 mater,
631 2104 708 2124 cum
730 2104 907 2134 praegnans

177 2149 255 2169 eum
273 2139 346 2168 alvo
366 2139 569 2176 contineret,
584 2138 778 2176 somniavit,
793 2148 828 2168 se
849 2149 908 2179 pe-

176 2183 301 2223 perisse
333 2182 541 2220 Satiriscum,
573 2182 633 2212 &c.
663 2181 759 2211 Verr.
790 2191 821 2212 v.
853 2185 905 2213 55.

176 2228 248 2266 ejus
271 2226 456 2256 lautumiae.
484 2225 527 2256 ad
541 2226 618 2257 Div.
636 2226 681 2256 ix.
702 2228 751 2255 18.
783 2225 908 2256 dicitur

175 2269 295 2300 ludum
313 2270 466 2300 Corinthi
482 2270 660 2310 aperuisse.
691 2269 772 2300 Nat.
796 2269 840 2299 D.
857 2270 904 2301 iii.

174 2316 229 2345 34.
260 2313 451 2353 sacrilegus.
483 2314 560 2344 Div.
588 2314 609 2343 i.
634 2317 688 2344 33.
719 2313 753 2343 ii.
785 2316 839 2344 31.
869 2324 905 2344 o-

174 2362 326 2387 stentum
342 2358 418 2396 equi
441 2356 522 2396 ejus.
547 2357 611 2388 Off.
634 2358 669 2387 ii.
694 2360 725 2391 7.
756 2355 856 2387 Tusc.
873 2367 904 2388 v.

174 2403 228 2432 20.
258 2402 330 2438 ejus
359 2401 525 2441 tyrannis,
550 2410 685 2439 uxores,
711 2400 905 2440 crudelitas,

175 2453 320 2475 miseria.
759 2469 761 2471 .

191 2503 195 2507 ¹
218 2487 404 2527 Dionysius,
423 2487 651 2518 Heracleotes.
666 2486 768 2518 Acad.
786 2487 828 2517 iv.
849 2489 902 2519 92.

171 2530 319 2562 Zenonis
348 2532 452 2562 Cittiei
478 2531 670 2571 discipulus.
698 2531 770 2561 Fin.
795 2541 824 2561 v.
849 2534 902 2562 31.

170 2579 310 2616 propter
340 2575 514 2606 oculorum
547 2575 695 2605 dolorem
729 2584 750 2605 a
783 2575 903 2605 Stoicis

172 2618 340 2656 desciscit,
357 2620 441 2659 etfit
457 2619 641 2659 Epicureus
653 2629 679 2649 s.
698 2617 902 2658 Cyrenaicus,

170 2663 258 2693 unde
271 2662 467 2701 μεταθέμενος
484 2663 586 2693 (lic-tus
601 2667 657 2693 est.

214 2706 404 2745 Dionysius,
423 2705 559 2744 Stoicus,
574 2706 675 2737 Tusc.
700 2706 735 2736 ii.
761 2708 812 2737 11.
847 2706 901 2737 Ci-

170 2750 300 2780 ceronis
328 2749 477 2788 aequalis,
501 2759 614 2780 versus
638 2750 782 2781 orationi
806 2749 901 2780 nullo

169 2792 296 2824 dilectu
328 2793 544 2823 admiscebat.
578 2794 779 2834 Dionysium
813 2794 901 2825 Stoi-

168 2846 247 2868 cum
266 2836 382 2867 laudat
398 2836 514 2867 Laeti.
531 2837 575 2867 vi.
591 2840 646 2868 43.

210 2880 400 2922 Dionysius,
415 2881 570 2922 fllagues,
586 2880 685 2913 Brut.
700 2884 763 2917 91..
785 2881 902 2913 rhetor

715 76 862 108 INDEX
891 78 1048 109 nls'ron
1057 80 1171 110 icus.

969 172 1176 212 temporibus
1205 171 1387 210 Ciceronis,
1411 172 1467 212 qui
1495 183 1571 205 cum
1599 185 1638 206 eo
1663 175 1699 208 in

968 215 1047 245 Asia
1062 215 1251 246 adolescens
1268 216 1414 247 multum
1431 216 1508 248 fuit.

1013 257 1199 299 Dionysius,
1226 260 1266 289 ad
1290 261 1418 291 Divers.
1442 270 1473 290 ν.
1503 264 1552 293 10.
1582 273 1698 294 servus

969 301 1152 341 Ciceronis,
1169 309 1380 343 anagnostes.
1399 304 1439 334 ad
1456 304 1532 334 Div.
1554 307 1624 336 xiii.
1642 311 1696 341 77.

967 346 1023 384 qui
1056 346 1292 377 bibliothecam
1325 347 1494 378 Ciceronis
1524 351 1696 388 tractavit,

965 388 1064 428 fugit.
1096 389 1166 420 Att.
1199 391 1242 420 ix.
1280 393 1327 421 12.
1376 391 1572 422 Ciceronem
1610 393 1698 424 bello

967 432 1056 462 civili
1073 433 1208 471 deserit,
1226 435 1376 473 quamvis
1392 435 1486 465 valde
1509 435 1598 476 apud
1617 446 1697 467 eum

966 475 1148 507 honoratus
1163 477 1283 508 fuerat.

1009 519 1196 559 Dionysius,
1219 524 1292 551 toto
1319 522 1453 551 nomine
1479 521 1529 552 M.
1555 522 1696 563 Pompo-

964 564 1038 592 nius
1061 563 1248 603 Dionysius.
1272 564 1343 594 Att.
1368 566 1410 595 ἰν.
1436 569 1466 596 8.
1495 569 1543 596 11.
1572 569 1620 596 15.
1653 566 1696 596 ad

966 605 1042 636 Div.
1058 607 1116 636 xii.
1131 609 1183 638 94.
1215 617 1326 638 servus
1344 613 1403 639 aut
1420 609 1558 640 libertus
1576 610 1694 647 Attici,

965 659 1031 688 quo
1048 651 1166 680 Cicero
1187 659 1267 681 usus
1291 658 1342 681 est
1357 652 1556 683 instruenda
1577 653 1694 684 biblio-

962 693 1073 724 theca.

1009 737 1260 778 Dionysodorus,
1276 737 1370 768 Verr.
1388 738 1422 768 ii.
1441 741 1493 770 21.
1518 740 1694 780 Syracusa-

963 790 1038 811 nus.

1006 824 1183 865 Dionysus,
1200 824 1243 856 N.
1268 826 1311 857 D.
1335 825 1382 855 iii.
1405 827 1458 857 23.
1490 826 1588 857 multi
1612 828 1694 858 Dio—

962 869 1045 900 nvsi.

1005 912 1192 952 Diophanes
1237 911 1466 952 Mitylenaeus,
1502 912 1597 944 Brut.
1638 916 1691 948 97.

962 955 1076 986 rhetor
1092 965 1152 986 suo
1168 961 1318 996 tempore
1335 955 1528 986 Graecorum
1545 957 1693 989 disertis-

961 999 1079 1036 simus,
1095 999 1170 1030 Tib.
1188 999 1327 1030 Gracchi
1346 999 1390 1029 fil.
1408 1005 1604 1040 pra-ceptor.

1004 1043 1168 1080 Dioscuri,
1188 1043 1232 1073 N.
1257 1043 1299 1073 D.
1323 1044 1370 1073 iii.
1386 1047 1446 1074 21.
1479 1050 1561 1084 quot
1583 1045 1692 1076 modis

961 1087 1049 1127 apud
1065 1086 1196 1117 Graecos
1212 1087 1439 1117 nominentur.

1005 1130 1173 1170 Diphilus,
1190 1132 1247 1161 Or.
1276 1131 1297 1161 i.
1327 1134 1379 1162 30.
1412 1131 1521 1162 Crassi
1547 1132 1692 1172 scriptor

960 1180 995 1205 et
1010 1175 1126 1204 lector.

1003 1218 1158 1259 Diphilus
1181 1217 1223 1247 ad
1244 1217 1284 1257 Ω.
1310 1217 1362 1248 Fr.
1385 1218 1431 1248 iii.
1459 1221 1486 1248 1.
1520 1218 1691 1251 redemtor

960 1261 1047 1292 villie
1064 1262 1104 1302 Ω.
1123 1262 1306 1297 Ciceronis,
1323 1261 1528 1292 architectus
1545 1263 1645 1293 idem.

1003 1305 1201 1343 Diviciacus,
1219 1306 1296 1336 Div.
1312 1306 1333 1335 i.
1354 1308 1407 1336 41.
1436 1314 1525 1335 unus
1547 1315 1564 1336 e
1587 1307 1690 1337 Drui-

959 1350 1019 1381 dis.

1002 1393 1170 1430 Docimus,
1187 1392 1215 1423 V
1218 1402 1280 1422 err.
1298 1392 1343 1422 iii.
1361 1395 1412 1423 34.
1444 1392 1589 1424 Siculus.

1006 1437 1064 1468 Cn.
1094 1437 1277 1473 Dolabella,
1309 1436 1374 1466 Pis.
1409 1439 1457 1470 19.
1495 1437 1687 1478 triumphat

957 1491 997 1511 ex
1015 1481 1214 1511 Macedonia
1228 1479 1368 1510 rediens.
1405 1479 1521 1510 Consul
1522 1480 1599 1519 suit
1613 1491 1688 1512 eum

957 1524 1006 1555 M.
1025 1525 1132 1556 Tullio
1148 1524 1276 1556 Deculo
1298 1534 1329 1554 a.
1346 1532 1496 1554 DCLxxu.
1521 1523 1617 1554 Brut.
1633 1527 1687 1559 99.

957 1574 1135 1599 accusatur
1150 1578 1170 1598 a
1186 1568 1223 1598 C.
1241 1568 1371 1598 Caesare
1389 1567 1612 1606 adolescente,
1630 1568 1686 1598 de-

956 1611 1170 1643 fendentibus
1189 1611 1226 1642 C.
1246 1612 1348 1642 Cotta
1364 1616 1399 1641 et
1414 1611 1606 1642 Hortensio.

1003 1657 1059 1687 Cn.
1098 1656 1283 1693 Dolabella,
1313 1654 1451 1694 Quinct.
1490 1658 1520 1685 8.
1559 1663 1684 1696 praetor

954 1700 1101 1730 urbanus
1134 1700 1194 1730 Cn.
1226 1698 1401 1730 Dolabella
1432 1703 1466 1729 et
1496 1698 1544 1729 M.
1573 1698 1689 1729 Tullio

956 1744 1047 1774 Coss.
1070 1744 1116 1775 ad
1134 1752 1227 1784 quem
1246 1753 1345 1773 causa
1363 1743 1509 1783 ‚Quinctii
1526 1747 1602 1773 octa
1629 1747 1687 1774 est.

954 1787 1047 1818 verr.
1074 1792 1139 1818 act.
1164 1789 1185 1817 i.
1209 1790 1240 1817 4.
1266 1786 1359 1817 Verr.
1385 1787 1406 1817 i.
1433 1789 1484 1817 15.
1513 1796 1603 1826 seqq.
1629 1791 1682 1821 37.

955 1834 1007 1862 38.
1033 1836 1157 1872 praetor
1172 1830 1311 1867 Ciliciae,
1327 1831 1429 1860 Verre
1445 1829 1570 1870 legato,
1584 1840 1604 1860 a
1619 1841 1686 1870 quo

954 1875 1073 1906 deinde
1091 1886 1168 1906 cum
1185 1885 1205 1904 a
1220 1875 1268 1905 M.
1292 1874 1416 1904 Scauro
1432 1873 1472 1903 de
1489 1874 1686 1914 repetundis

954 1924 1180 1957 accusaretur,
1204 1924 1418 1959 oppugnatus
1443 1922 1507 1948 est.
1528 1918 1686 1948 condem-

953 1967 1065 1993 natur.
1103 1962 1172 1994 Hos
1187 1963 1263 1993 duos
1278 1962 1467 1992 Dolabellas
1481 1960 1687 2001 confundunt

951 2007 1105 2038 Asconius
1120 2007 1165 2037 ad
1181 2007 1260 2037 Dio.
1276 2007 1311 2035 in
1333 2006 1434 2036 Coem'l.
1449 2015 1479 2035 c.
1496 2009 1527 2040 7.
1558 2010 1589 2036 et
1609 2005 1685 2036 Cor-

949 2052 1052 2082 radus
1066 2052 1101 2081 in
1112 2051 1305 2091 ,Quorsum-a,
1311 2053 1483 2089 propterea
1499 2050 1684 2088 reprehensi

950 2105 972 2124 α
989 2093 1156 2125 Perizonio
1172 2094 1348 2124 Animadv.
1365 2092 1455 2123 Hist.
1472 2103 1499 2122 e.
1515 2094 1596 2132 22⁰.
1614 2095 1667 2124 54.

1000 2137 1056 2169 Cn.
1073 2137 1257 2175 Dolabella,
1275 2136 1318 2167 ad
1340 2136 1416 2168 Div.
1434 2136 1468 2166 ii.
1490 2139 1539 2167 15.
1577 2140 1612 2166 et
1632 2137 1684 2168 16.

952 2181 1121 2212 Ciceronis
1139 2191 1252 2222 gener.
1268 2180 1423 2210 libertate
1439 2190 1500 2210 sua
1511 2179 1683 2212 molestias

950 2226 1012 2256 sibi
1035 2226 1216 2257 contrahit.
1239 2225 1296 2255 vii.
1318 2227 1370 2255 33.
1403 2223 1572 2254 declamat
1593 2224 1685 2264 apud

951 2270 1150 2300 Ciceronem
1177 2270 1212 2300 ii.
1241 2272 1292 2300 13.
1323 2268 1469 2307 Appium
1499 2267 1684 2298 Pulchrum

950 2318 1096 2344 accusat.
1115 2313 1185 2343 Att.
1201 2312 1256 2343 vii.
1276 2315 1306 2342 8.
1328 2311 1434 2341 haeres
1451 2312 1491 2341 fit
1507 2310 1609 2341 Liviae
1622 2321 1682 2341 cu·

942 2358 1091 2396 jusdam.
1109 2357 1151 2387 ad
1166 2356 1242 2387 Div.
1259 2356 1304 2385 ix.
1324 2357 1373 2385 14.
1398 2355 1470 2394 ejus
1487 2354 1681 2386 consulatus

949 2400 1117 2439 laudatur,
1133 2401 1168 2431 ob
1184 2409 1326 2430 eversam
1341 2400 1526 2429 columnam
1548 2398 1680 2429 Caesari-

948 2455 1086 2476 anorum
1101 2446 1134 2475 in
1145 2443 1236 2484 soro,
1252 2448 1283 2473 et
1297 2443 1463 2473 seditiones
1476 2452 1680 2482 compressas.

949 2488 1035 2519 Phil.
1051 2490 1073 2519 i.
1090 2491 1120 2520 2.
1144 2492 1220 2518 aeta
1236 2487 1272 2517 in
1287 2486 1465 2516 consulatu
1482 2492 1559 2526 post
1570 2485 1680 2517 Caesa-

947 2533 991 2563 ris
1004 2537 1166 2563 mortem.
1199 2530 1283 2561 Phil.
1299 2531 1343 2560 xi.
1365 2533 1392 2560 1.
1421 2528 1602 2569 proconsul
1620 2529 1680 2569 Sy-

948 2576 1006 2606 riae
1039 2576 1077 2607 C.
1100 2575 1307 2606 Trebonium
1333 2573 1508 2604 interficit.
1534 2572 1576 2602 ad
1601 2572 1680 2604 Div.

946 2620 1005 2650 xii.
1031 2622 1080 2650 14.
1111 2619 1152 2649 ab
1176 2617 1357 2649 Antiochia
1379 2617 1532 2647 exclusus
1558 2615 1696 2646 Laodi->

947 2673 1051 2694 caeam
1068 2673 1102 2694 se
1119 2661 1277 2693 contulit.
1292 2660 1373 2691 ibid.
1392 2663 1442 2692 12.
1459 2669 1536 2690 cum
1553 2660 1681 2690 exerci-

944 2711 986 2737 tu
1017 2717 1077 2738 suo
1103 2716 1143 2737 ex
1174 2706 1268 2746 Syria
1297 2705 1332 2734 iu
1364 2703 1517 2734 Ciliciam
1542 2703 1679 2735 transit.

944 2749 1113 2786 Brut.'92.
1398 2751 1402 2754 ”
1457 2752 1471 2765 ·’
1623 2752 1628 2756 ’

989 2794 1044 2826 P:
1058 2793 1244 2830 Dolabella,
1262 2792 1388 2823 Caecin'.
1412 2793 1443 2821 8.
1471 2789 1600 2820 Praetor
1620 2799 1678 2820 ur·

944 2838 1066 2877 banus,
1091 2837 1134 2870 ad
1159 2846 1258 2877 quem
1290 2842 1343 2867 est
1373 2838 1449 2866 acta
1478 2843 1580 2865 eausa
1604 2833 1680 2864 Cae-

945 2883 1042 2914 cinoe.
1068 2908 1071 2911 .
1110 2909 1113 2912 ,
