1804 3178
559 95 703 124 mni-:x

45 181 98 214 vel
121 182 224 214 animi
250 183 401 223 insignis.
426 183 527 214 Tuse.
550 183 592 213 iv.
614 186 641 214 1.
669 184 776 214 incre-

45 224 156 257 dibilis
183 236 299 257 cursus
325 227 369 258 ad
393 236 529 257 omnem
551 228 776 258 excellentiam

45 269 156 300 tactus
173 275 233 300 est.

90 312 272 344 Emeum-c.
310 313 415 344 Flacc.
445 314 476 343 6.
514 313 675 344 autoritas
703 313 775 352 ejus

45 358 173 388 eat-ella
196 358 230 388 in
255 358 320 388 ista
340 357 525 397 provincia,
543 357 649 395 major
670 365 720 387 est
742 357 774 387 in

45 401 111 431 ista
133 401 314 441 provincia,
332 399 383 430 vel
400 400 554 430 maxima.
580 402 614 430 in
640 400 703 430 Pis.
723 405 775 432 33.

48 454 124 484 que
145 445 318 480 excellunt,
335 443 357 474 i.
373 444 541 484 praecipua
564 448 655 480 sunt,
672 445 775 474 etiam

48 487 84 518 in
98 493 230 528 partem
245 487 455 518 deteriorem.

90 530 247 571 Envpte'o
259 532 423 570 pra-toria.
447 530 564 562 lnv.ii.
582 534 627 564 19.
652 541 775 571 xzprze-

46 574 165 605 torius.
188 573 230 604 cf.
250 573 374 604 lieren.
393 575 413 604 i.
435 577 482 605 12.

91 617 292 658 Rumpere,
314 619 472 648 eximere.
502 619 558 648 Or.
584 618 617 648 ii.
642 621 689 648 11.
720 629 774 649 ez·-

157 671 175 691 e
187 661 228 691 de
245 670 386 692 numero
402 662 462 691 ἃς.

90 703 255 743 Exedra,
267 704 381 745 hydra.
402 705 504 736 Tusc.
518 705 590 740 ii.9.
615 704 686 734 lia-c
699 704 776 735 ‹lex-

46 750 100 779 tra
120 747 280 787 Lernam,
297 753 444 779 mactata
461 753 604 786 erecti-ct,
621 748 775 789 placavit.

47 790 160 823 Habet
175 793 279 822 etiam
294 791 407 823 Livius
423 792 533 823 xxxix.
554 795 563 822 1
576 795 602 822 1.

92 834 267 867 Etonia-e.
297 836 355 867 Or.
379 836 400 866 i.
417 838 470 866 21.
499 836 617 866 excidit
631 834 774 865 libellus.

45 877 127 910 ibid.
149 881 181 910 2.
213 889 288 919 quae
312 879 468 910 inchoata
491 889 528 909 ac
543 879 639 909 rudia
654 879 776 909 excide-

46 926 140 953 runt.
163 922 204 953 ad
226 925 300 954 Att.
317 923 363 953 iii.
383 924 432 953 12.
462 924 568 953 oratio
584 922 718 952 excidit:
743 922 775 952 h.

46 975 78 996 c.
91 972 215 1006 praeter
224 960 432 997 voluntatem
445 971 594 997 nostram
607 966 641 996 in
657 966 775 1005 vulgus

46 1010 142 1040 exiit.

92 1052 271 1093 Excipere,
297 1062 357 1093 pro
386 1054 547 1094 accipere.
577 1053 648 1084 Att.
675 1053 697 1083 i.
727 1056 775 1084 14.

45 1094 181 1127 laudem
203 1097 360 1136 excipere.
384 1107 413 1127 v.
428 1097 545 1128 Burin.
570 1097 611 1127 ad
633 1096 777 1136 Quintil.

48 1139 145 1170 Decl.
158 1141 232 1172 330.
255 1139 298 1170 ad
321 1141 392 1171 Att.
409 1141 455 1171 iii.
469 1143 521 1172 23.
545 1151 622 1170 eum
637 1141 776 1170 nuncios

46 1193 207 1224 excepero.
224 1193 292 1214 nou
304 1183 463 1215 dissimile
479 1190 530 1215 est
545 1184 629 1214 illud
645 1184 686 1214 ad
700 1185 776 1214 Div.

45 1227 70 1258 i.
81 1231 114 1262 9.
138 1226 260 1258 illustri
272 1228 379 1267 gratia
389 1227 514 1267 aliquid
522 1230 676 1268 excipere.
691 1231 709 1248 *
720 1227 778 1258 Or.

45 1270 82 1301 ii.
99 1273 131 1302 8.
153 1273 297 1312 accipere
312 1271 499 1302 voluntates
513 1271 702 1308 hominum,
715 1275 777 1309 est,

48 1313 228 1353 adducere,
244 1325 404 1355 quorsum
419 1315 516 1346 velis:
542 1323 694 1345 sumtum
709 1325 727 1344 e
744 1325 777 1345 re

51 1359 234 1389 venatoria.

94 1401 272 1440 Euam-e,
287 1406 409 1433 testem
425 1403 459 1433 in
477 1402 644 1441 judicium
669 1401 711 1433 ad
731 1401 779 1432 di-

49 1445 196 1476 cendum
230 1447 463 1477 testimonium
502 1456 629 1476 vocare.
669 1446 780 1476 Rabir.

49 1488 140 1520 Post.
160 1491 210 1521 12.
243 1490 418 1529 injudicio
433 1490 566 1520 Gabinii
582 1489 683 1519 tertio
699 1499 780 1528 quo-

49 1542 115 1572 que
132 1533 232 1563 verbo
245 1534 487 1564 excitabantur.
501 1533 670 1573 negabant
681 1533 781 1563 Gabi-

50 1576 109 1606 nio
137 1577 319 1617 pecuniam
350 1577 475 1608 datam.
506 1577 584 1607 hinc
613 1576 717 1606 etiam
740 1576 780 1606 de

51 1619 138 1658 aliis,
151 1625 232 1659 qu'os
244 1621 431 1651 testimonii
448 1625 508 1652 aut
521 1620 666 1660 exempli
681 1630 782 1650 causa

40 1662 258 1695 adducimus.
288 1663 389 1695 Tusc.
415 1674 445 1695 v.
471 1666 524 1697 23.
556 1665 696 1695 excitabo
723 1663 781 1694 ho-

50 1707 252 1739 munculum
268 1718 287 1738 a
304 1707 438 1748 pulvere
454 1713 489 1738 et
504 1707 607 1738 radio.
630 1708 648 1725 ²*
659 1707 783 1737 dicitur

50 1751 156 1781 etiam
173 1751 212 1782 de
229 1752 391 1782 aedificiis.
417 1753 507 1782 Sext.
524 1754 554 1781 ⁶2.
581 1751 701 1790 quibus
718 1751 782 1781 ini-

51 1794 108 1824 tiis
120 1799 156 1824 et
167 1794 494 1826 fundamentis—hae
508 1795 622 1825 laudes
634 1796 783 1825 evellam?

50 1838 131 1868 sint.
158 1838 246 1870 *On
266 1839 298 1869 ii.
318 1841 370 1870 21.
396 1839 528 1869 facilius
544 1839 578 1869 in
595 1838 717 1869 vitibus
732 1848 782 1868 re-

51 1883 214 1913 vocantur
235 1893 287 1921 ea,
308 1892 381 1921 quae
404 1892 438 1913 se
463 1883 605 1913 nimium
629 1882 783 1922 profude-

52 1931 146 1963 runt,
158 1936 259 1965 quam
271 1927 298 1956 si
312 1925 396 1957 nihil
409 1926 496 1957 valet
513 1927 681 1964 materies»,
699 1935 784 1956 nova

53 1974 227 2000 sarmenta
241 1969 375 2000 cultura
389 1971 588 2001 excitantur.

97 2012 287 2044 Excitatus.
317 2014 374 2044 Or.
406 2015 440 2044 ii.
471 2016 524 2044 41.
559 2013 608 2043 his
640 2012 720 2044 loeis
749 2013 783 2042 in

53 2060 167 2086 mente
184 2061 219 2087 et
236 2057 439 2097 cogitatione
456 2057 586 2093 defixis,
598 2061 633 2086 et
646 2057 679 2086 in
692 2057 783 2086 omni

51 2108 88 2129 re
111 2099 152 2130 ad
176 2099 356 2131 dicendum
380 2101 490 2141 posita
511 2102 676 2131 exc-italis:
701 2100 732 2130 h.
755 2110 784 2130 e.

52 2139 90 2172 in
119 2145 318 2174 memoriam
350 2145 510 2174 revocatis
542 2151 577 2174 et
606 2144 648 2174 ad
675 2153 784 2174 usum.

53 2185 197 2218 *Rabin
220 2187 310 2218 Post.
327 2191 376 2218 15.
399 2188 529 2228 magnis
546 2187 691 2227 praemiis
701 2189 785 2218 exci-

54 2233 139 2262 tata.
162 2231 235 2262 *ad
257 2232 334 2263 Div.
352 2232 385 2262 ii.
406 2232 454 2263 16.
480 2232 616 2262 fortuna
630 2232 784 2262 excitata.

46 2275 240 2316 ‚opponitur
248 2275 388 2313 jacenti.

101 2318 306 2357 Examen,
318 2319 464 2357 rejicere.
482 2319 564 2349 Har.
575 2317 615 2348 R.
629 2319 681 2347 21.
697 2317 786 2356 quod

55 2361 161 2393 frater
175 2362 334 2394 Metellus
350 2363 510 2403 Pompeio
521 2361 725 2392 sententiani
737 2360 787 2391 di-

56 2407 146 2438 centi
169 2409 365 2443 excluserat,
381 2406 606 2444 acerrimeque
623 2414 692 2434 una
707 2413 786 2434 voce

57 2459 97 2480 ac
121 2455 236 2481 mente
260 2451 448 2482 restiterat:
474 2450 599 2480 id—ita
613 2448 788 2488 perturba-

57 2497 148 2532 tum,
163 2495 277 2534 itaque
301 2497 531 2535 permutatum
550 2499 613 2530 est,
631 2497 683 2529 ut,
699 2491 788 2530 quod

57 2536 162 2568 frater
171 2537 303 2576 consul,
312 2548 354 2568 ne
367 2538 476 2575 fleret,
488 2537 681 2567 obstiterat:
699 2535 788 2574 quod

58 2581 166 2612 affinis
181 2585 218 2613 et,
237 2582 583 2613 sodalis—excluserat
593 2592 602 2609 .·
627 2578 659 2609 id
673 2579 698 2608 is
710 2588 788 2608 con-

59 2624 113 2656 sul
134 2626 283 2657 efficeret
298 2627 358 2657 διο.
385 2626 404 2644 ¹*
417 2625 488 2656 Att.
505 2625 560 2654 xii.
577 2626 632 2654 40.
660 2621 699 2652 de
715 2621 789 2652 hor-

59 2669 103 2699 tis
133 2668 197 2700 hoc
223 2670 355 2700 videtur
385 2670 469 2700 effici
498 2670 679 2708 posse—ut
707 2675 790 2705 prae-

60 2712 136 2742 coni
159 2713 398 2752 subjiciantur:
423 2712 456 2743 id
480 2712 543 2742 nisi
568 2711 618 2747 fit,
642 2709 790 2740 exclude-

60 2765 148 2786 mur.
172 2757 225 2786 sin
248 2756 290 2787 ad
314 2757 466 2788 tabulam
489 2755 653 2791 venimus,
679 2753 791 2782 vince-

60 2808 135 2830 mus
158 2798 336 2832 facultates
359 2800 502 2832 Othonis
527 2803 642 2829 nostra
664 2795 791 2836 cupidi-

103 2866 294 2928 ssxcudere,
311 2886 492 2920 elaborare.
514 2886 586 2919 Att.
598 2894 649 2918 xv.
663 2886 716 2920 27.
731 2884 792 2916 tibi

735 95 992 126 LA‘rlmTATi
998 98 1032 125 S.

1475 91 1555 131 295

820 183 860 214 de
875 183 981 223 gloria
996 185 1153 215 erc-udam
1170 185 1293 226 aliquid
1309 188 1497 229 ἦςαιιλιῖδιη.

863 227 1065 258 Emeum-ere.
1096 230 1152 258 ()r.
1183 233 1233 271 5.¹·
1264 233 1448 261 uranium-nu
1478 243 1542 263 non

818 269 1019 307 claudicare,
1036 281 1096 302 nec
1121 273 1282 311 insisti-re,
1299 274 1355 304 sed
1378 285 1453 304 cuni
1471 286 1546 305 wn-

818 314 927 344 tentia
939 315 1064 354 pariter
1075 325 1246 345 ‹arcum-er«-
1257 318 1405 348 :alivum-
1417 318 1456 348 dn:
1469 329 1543 347 ιιι-,ι-

817 358 906 387 tioue
931 359 1045 388 vincta
1068 364 1101 387 et
1127 368 1312 396 munerum,
1337 371 1426 396 vum,
1453 363 1539 392 wrm

817 411 929 438 eausa,
947 402 1200 431 emundationi-s
1218 403 1327 442 plnres
1346 405 1390 433 iia
1407 405 1466 435 sibi
1482 406 1543 435 im-

817 444 996 484 plirantur,
1013 452 1047 475 et
1071 446 1158 475 inti-1·
1172 446 1357 482 subiectum
1375 454 1405 475 vt
1426 449 1543 487 purili-

817 496 930 519 eatum
944 489 1140 529 primarium
1152 489 1269 519 media·
1280 491 1340 519 inu
1354 490 1543 530 rjivinntur,

818 540 854 562 ut
885 532 918 561 in
950 532 1100 569 subjecto
1131 533 1268 572 incipiat
1301 534 1333 562 iu
1366 534 1543 572 pra-diram

816 575 946 605 desinat
958 575 1121 615 periodus.
1139 576 1206 606 *de
1219 576 1432 616 profectibus.
1450 578 1543 608 urm.

817 622 869 653 73.
901 619 1012 649 studio
1035 623 1147 649 autem
1174 621 1343 649 neminem
1370 630 1430 650 uec
1448 621 1545 650 indu-

816 663 898 692 stria
937 665 1058 701 majore
1097 663 1395 702 cognovi—itaque
1432 670 1546 694 tantos

818 715 988 745 process-us
1012 707 1166 743 faciebat,
1185 713 1219 736 ut
1245 705 1375 737 evolare
1400 717 1465 737 non
1489 717 1546 738 es·-

817 759 950 779 eurrere
967 749 1089 779 vidrret
1097 760 1145 779 ur.

860 793 1038 830 Eam-ursio,
1052 793 1091 823 ‹le
1103 797 1247 830 oratore,
1259 803 1336 823 eum
1356 793 1543 833 paullulum

818 835 858 865 de
882 836 967 873 loco,
983 837 1017 867 in
1041 847 1105 876 quo
1121 837 1283 874 constitit,
1298 837 1457 876 procedit.
1487 840 1545 868 Or.

822 883 870 911 13.
901 882 1044 910 ert-ursio
1061 880 1242 918 moderata,
1255 890 1359 919 eaque
1376 891 1459 911 rara.

861 923 1036 954 Excusare
1059 924 1223 954 morbum.
1251 923 1334 954 Phil.
1358 924 1401 953 ix.
1418 927 1451 955 ⁴.
1478 924 1549 955 Le.

823 968 938 997 morbo
956 967 1004 997 uti
1021 967 1063 997 ad
1077 968 1309 998 accusandum.

860 1011 1041 1048 Excutere,
1055 1011 1177 1048 videre,
1189 1011 1215 1040 si
1229 1012 1302 1050 quis
1315 1011 1394 1050 quid
1411 1011 1548 1041 abscon-

819 1054 927 1084 ditum
951 1064 1064 1084 secum
1089 1054 1222 1091 habeat,
1239 1054 1327 1094 quod
1350 1054 1417 1084 fere
1438 1055 1477 1084 iit
1493 1064 1549 1084 ei·-

818 1098 969 1128 cutienda.
990 1103 1087 1137 toga:
1113 1098 1265 1128 scrutari.
1294 1097 1335 1127 ad
1352 1098 1428 1128 Div.
1445 1108 1475 1127 x.
1492 1101 1547 1129 31.

818 1141 982 1171 tabellarii
996 1142 1117 1180 ubique
1127 1143 1347 1171 excutiuntur.
1365 1141 1458 1171 Rosc.
1473 1140 1551 1172 Am.

819 1187 872 1216 3⁴.
895 1186 1018 1215 excutio
1034 1189 1080 1221 te,
1098 1185 1124 1214 si
1140 1185 1219 1224 quid
1236 1184 1312 1214 ferri
1330 1185 1485 1214 habuisti.
1506 1184 1549 1214 cs.

820 1228 897 1268 Agr.
918 1229 951 1259 ii.
971 1232 1020 1258 11.
1034 1230 1086 1259 23.
1111 1228 1188 1258 liinc
1205 1228 1340 1258 ducitur
1355 1227 1458 1258 illud:
1482 1227 1551 1258 Off.

820 1272 866 1302 iii.
885 1273 936 1303 20.
968 1271 1099 1312 explica
1111 1276 1146 1302 et
1162 1276 1274 1302 emente
1290 1270 1547 1310 intelligentiam

819 1320 927 1353 tuam,
946 1320 984 1345 ut
1007 1315 1130 1352 videas,
1147 1325 1221 1354 quae
1238 1316 1281 1345 sit
1306 1315 1339 1344 in
1363 1324 1403 1344 ea
1425 1314 1550 1354 species

820 1366 854 1389 ct
871 1360 976 1389 forma
991 1363 1025 1389 et
1043 1359 1135 1389 notio
1150 1359 1210 1388 viri
1234 1359 1322 1388 boni.
1346 1357 1388 1388 ad
1402 1358 1443 1398 Ω.
1463 1357 1511 1388 Fr.
1530 1358 1554 1389 i.

823 1405 850 1432 1.
875 1407 905 1433 3.
943 1412 1051 1441 neque
1081 1411 1160 1432 sane
1190 1401 1312 1442 placet,
1343 1401 1485 1432 scrutari
1515 1407 1550 1431 te

820 1456 936 1476 omnes
956 1445 1080 1483 sordes,
1097 1449 1246 1476 excutere
1267 1454 1552 1484 unumquemque.

820 1490 992 1530 *eripere,
1015 1489 1157 1519 auferre.
1185 1488 1322 1519 Tuscul.
1340 1489 1359 1518 i.
1378 1489 1439 1518 46..
1455 1498 1551 1518 excu-

821 1538 889 1564 tere
912 1533 1104 1573 opinionem
1129 1531 1300 1562 radicitus.
1331 1532 1411 1562 Har.
1435 1531 1474 1562 R.
1502 1534 1553 1562 18.

821 1587 972 1607 excussus
984 1582 1018 1606 et
1030 1576 1224 1612 exhaustus,
1238 1586 1285 1606 sc.
1303 1574 1454 1615 pecunia.
1469 1574 1553 1605 Sull.

826 1622 876 1652 16.
907 1621 974 1651 noli
992 1619 1125 1650 aculeos
1142 1619 1301 1649 orationis
1319 1628 1413 1655 meze,
1430 1618 1483 1657 qui
1503 1627 1553 1647 re-

822 1664 948 1694 conditi
965 1669 1057 1702 sunt,
1074 1673 1216 1694 ε.ι,ϊιι,ς.ςο.ς
1231 1662 1394 1693 arbitrari.
1411 1662 1453 1692 cf.
1471 1660 1554 1691 Coel.

824 1710 877 1739 22.

866 1750 1020 1787 Exedra,
1046 1749 1138 1779 locus
1171 1750 1204 1779 in
1234 1749 1430 1790 porticibus,
1461 1746 1556 1778 villa-

824 1805 898 1825 rum
929 1793 1092 1834 inprimis,
1121 1793 1269 1833 pluribus
1296 1793 1479 1822 instructus
1505 1800 1555 1821 se-

823 1838 931 1875 dibus,
948 1845 981 1867 ui
1004 1838 1046 1867 ibi
1073 1836 1249 1873 consuleri,
1267 1834 1458 1876 disputandi
1477 1844 1556 1864 cau-

823 1892 873 1919 sa,
899 1887 958 1911 aut
984 1880 1121 1910 dormiri
1147 1890 1167 1910 a
1193 1879 1329 1910 meridie
1357 1879 1469 1919 possit.
1497 1877 1555 1908 Or.

825 1926 870 1955 iii.
888 1929 918 1956 5.
950 1925 1020 1954 Fin.
1036 1934 1067 1954 v.
1085 1926 1116 1954 (Ζ,
1147 1933 1176 1953 ν.
1198 1922 1390 1953 Gothosred.
1408 1921 1449 1951 ad
1473 1920 1555 1951 cod.

824 1968 950 1999 Theod.
976 1968 998 1998 l.
1032 1967 1094 1997 ult.
1122 1967 1163 1997 de
1192 1966 1346 2007 operibus
1377 1964 1466 2006 publ.
1498 1964 1554 1994 ubi

826 2012 933 2042 multa
950 2011 989 2041 de
1005 2011 1142 2048 exedris,
1158 2009 1215 2040 sed
1239 2009 1321 2039 falsa
1343 2008 1451 2038 inulta
1470 2008 1554 2038 veris

827 2057 951 2091 mixta:
977 2064 1051 2094 quae
1075 2054 1108 2085 h.
1132 2054 1153 2084 l.
1177 2059 1332 2084 excutere
1357 2062 1422 2082 non
1441 2060 1555 2092 possu-

830 2109 915 2130 muS.

869 2142 1065 2173 Eoeedrium.
1083 2141 1183 2171 idem.
1205 2139 1246 2170 ad
1263 2139 1337 2170 Div.
1353 2138 1407 2167 vii.
1424 2139 1477 2168 23.

870 2187 1082 2226 Exemplum.
1099 2185 1191 2215 Verr.
1209 2184 1242 2213 ii.
1258 2184 1310 2213 42.
1327 2181 1434 2211 facere
1450 2191 1557 2211 esem-

820 2232 876 2270 plo
890 2243 899 2260 .·
924 2230 956 2260 h.
979 2239 1008 2258 e.
1032 2238 1098 2258 non
1123 2228 1282 2268 primum,
1298 2225 1354 2254 sed
1372 2229 1446 2264 post
1463 2224 1555 2254 alios.

827 2272 1041 2312 *exemplam
1072 2270 1251 2313 dexia-varon.
1297 2269 1392 2299 Offic.
1425 2268 1471 2298 iii.
1507 2271 1557 2301 17.

827 2318 930 2348 ‹lueta
955 2321 1037 2346 sunt
1063 2325 1102 2344 ex
1130 2313 1265 2354 optimis
1294 2318 1424 2342 naturae
1447 2315 1482 2342 et
1503 2320 1560 2340 ve-

828 2361 936 2392 ritatis
963 2359 1125 2398 exemplis.
1157 2357 1289 2387 Manut.
1317 2354 1433 2386 Lamb.
1462 2355 1559 2384 Pear-

827 2405 897 2435 cius
923 2402 1145 2444 praetulerunt
1172 2399 1364 2441 principiis:
1389 2397 1477 2437 quod
1503 2407 1560 2428 et-

827 2449 936 2488 empla
963 2451 1091 2477 naturae
1120 2454 1182 2474 nec
1213 2442 1370 2479 intelligi,
1401 2451 1462 2471 nec
1492 2439 1558 2471 dici

829 2495 974 2533 possent.
1020 2487 1168 2526 intelligi
1206 2491 1346 2527 possunt
1365 2497 1371 2514 :
1412 2488 1559 2523 suntque

828 2533 1032 2575 exemplaria
1047 2541 1125 2562 vera.
1140 2531 1180 2561 ab
1204 2531 1275 2570 ipsa
1299 2536 1419 2559 natura
1441 2537 1564 2568 suppe-

829 2579 946 2609 ditata.
994 2576 1068 2606 Dici
1099 2575 1200 2604 etiam
1233 2573 1264 2603 h.
1298 2573 1319 2602 l.
1348 2572 1560 2602 debuerunt:

829 2623 907 2662 quia
923 2620 1115 2651 referuntur
1131 2617 1172 2648 ad
1188 2617 1351 2656 imagines
1366 2620 1401 2646 et
1423 2615 1561 2653 effigies,

830 2675 903 2706 quae
929 2673 995 2694 non
1020 2673 1040 2693 a
1063 2661 1246 2702 principiis,
1265 2659 1323 2690 sed
1345 2659 1386 2689 al)
1409 2658 1563 2698 exemplis

831 2710 1013 2740 ducuntur.
1042 2706 1111 2736 lnv.
1136 2706 1170 2735 ii.
1199 2708 1224 2735 1.
1251 2707 1290 2734 ut
1312 2703 1346 2733 in
1371 2706 1503 2733 mutum
1521 2701 1565 2730 si-

832 2752 1020 2783 mulacrum
1048 2749 1168 2779 veritas
1192 2748 1233 2778 ab
1261 2746 1397 2777 animali
1425 2745 1566 2784 menapia

832 2795 1066 2827 transferatur.
1097 2793 1115 2810 ⁴
1129 2791 1218 2822 Hinc
1238 2792 1422 2830 exemplum
1441 2789 1565 2819 dicitur

834 2839 976 2878 alicujus
1006 2837 1053 2868 rei
1083 2835 1291 2878 τραφείη-υτον,
1317 2832 1474 2868 formula,
1501 2839 1567 2870 qua

835 2893 888 2915 res
905 2882 1053 2923 primum
1070 2883 1235 2920 concepta.
1249 2883 1321 2910 est:
1338 2877 1395 2909 das
1406 2872 1571 2914 Original,

915 2933 936 2956 υ
954 2927 974 2958 4
