1804 3178
625 92 772 124 'NDBX
803 93 1094 124 LATIMTATm.

156 177 366 220 Pon-lenham,
396 180 484 212 unde
509 179 666 212 dicatur?
692 181 771 214 Nat..
796 182 839 213 D.

111 222 148 254 ii.
165 226 196 254 ³.

156 266 320 306 Porticus,
347 266 530 299 ambulatio
559 268 724 298 columnis
763 277 833 301 sus-

114 319 218 350 pensa
231 312 318 341 circa
333 311 472 351 templa,
488 316 521 340 et
535 311 569 341 in
585 311 710 341 aedibus
728 311 834 351 priva-

112 354 158 383 tis
174 355 207 384 in
235 355 332 391 atrio,
360 353 520 394 impluvio
542 354 621 384 item
640 359 718 384 ante
734 353 832 391 mdes,

115 406 181 436 qua
196 397 363 438 a‘pluviis,
388 401 421 426 et
437 397 514 427 solis
539 397 652 427 ardore
679 397 834 428 desende-

113 445 241 471 rentur.
265 440 358 471 Verr.
377 441 418 470 iv.
435 443 488 471 40.
513 441 689 480 Sopatrum
707 441 746 471 de
759 452 834 481 por·

113 485 181 514 lieu
194 483 227 513 in
248 493 313 523 qua
329 483 463 514 sedebat
480 484 539 513 Sec.
559 484 600 513 ef.
613 485 654 525 Ω.
670 484 720 515 Fr.
739 485 784 516 iii.
806 488 832 515 1.

102 535 142 557 a.
162 529 189 557 1.
205 526 304 557 Dom.
321 529 373 557 44.

156 569 347 607 portitores,
360 574 550 610 suntopera‘
565 570 739 611 publicano
746 580 832 607 rum,

111 612 169 652 qui
179 614 325 652 portoria
350 613 570 650 redemerant,
587 624 660 653 quae
678 615 710 644 in
733 618 833 654 portu

111 654 284 693 sedebant,
302 666 428 687 merces
443 658 670 695 excutiebant,
685 662 717 687 et
728 662 833 697 porto-

110 699 201 730 rium
213 700 400 739 exigebant.
460 700 499 731 ln
515 711 579 740 quo
596 711 672 731 cum
689 701 832 740 iniquius

112 747 150 772 et
173 743 322 773 acerbius
346 750 569 781 versarentur,
595 745 750 774 omnibns
776 743 834 773 ho-

112 786 259 816 minibus
275 786 370 817 invisi
386 790 495 823 erant,
513 793 551 817 ut
577 788 679 817 etiam
702 798 719 817 e
743 787 833 816 libris

108 829 211 860 sacris
228 833 369 860 constat.
413 830 500 860 Nam
518 830 574 869 qui
591 831 634 860 ibi
648 839 835 860 memoran-

107 877 166 903 tur
192 872 325 910 caim,
341 878 421 903 sunt
440 875 622 913 portitores,
641 883 748 914 operae
775 883 834 913 pu-

110 915 334 952 blicanorum,
359 926 424 946 non
448 916 627 957 publicani.
652 927 681 947 v.
707 917 784 956 Agr.
802 917 834 946 ii.

107 960 162 990 23.
203 959 256 989 nbi
300 959 477 990 Turnebus
520 960 605 990 male
642 961 835 1000 publicanos

110 1002 365 1043 interpretatur,
391 1004 447 1042 qui
472 1003 503 1033 ei
526 1013 617 1034 error
642 1013 718 1034 cum
748 1003 834 1034 mul-

107 1045 153 1075 tis
199 1047 385 1076 communis
433 1052 497 1084 est,
535 1052 569 1077 et
607 1047 646 1077 ab
694 1047 834 1077 Asconio

109 1088 262 1120 haustus.
278 1089 389 1120 Vatin.
407 1093 436 1121 5.
463 1089 503 1119 ad
526 1090 566 1130 Q.
586 1090 636 1120 Fr.
654 1091 675 1120 i.
698 1093 723 1121 1.
738 1100 766 1120 c.
784 1093 832 1120 ll.

100 1132 175 1163 off.
207 1132 228 1162 i.
258 1134 311 1163 4‘2.
344 1133 407 1163 vid.
442 1133 627 1164 Casaubon.
660 1133 701 1164 ad
727 1133 836 1163 Theo-

108 1176 236 1216 phi-ast.
253 1185 281 1206 c.
299 1176 329 1206 6.
356 1175 538 1207 Burmann.
559 1177 599 1207 de
615 1176 777 1217 Vectigal.
799 1187 832 1217 p.

154 1262 355 1300 Porton'um,
382 1262 537 1303 vectigal,
560 1263 648 1303 quod
674 1264 708 1294 in
735 1266 833 1304 portu

109 1315 169 1347 pro
198 1306 360 1337 mercibus
388 1306 536 1338 solvitur.
563 1307 655 1338 Font.
681 1310 710 1338 5.
728 1312 835 1348 porto-

106 1352 196 1381 rium
213 1350 291 1380 vini.
315 1349 444 1380 Verrin.
464 1351 496 1380 ii.
522 1354 575 1385 75.
596 1352 732 1392 portarii
746 1351 832 1381 vice-

108 1393 217 1424 sima:
250 1392 283 1422 h.
307 1403 335 1422 e.
357 1393 512 1424 vicesima
537 1395 711 1432 mercium,
731 1404 830 1434 quam

101 1437 242 1478 portorii
283 1435 354 1466 loco
394 1437 575 1468 solvebant.
619 1436 690 1468 lnv.
720 1438 741 1468 i.
779 1440 830 1468 30.

103 1479 416 1521 portoriumlocare.
429 1480 470 1510 cf.
487 1481 558 1511 Att.
574 1481 608 1511 ii.
629 1482 676 1512 16.
702 1481 766 1511 Pis.
779 1481 832 1511 36.

110 1524 170 1553 &c.
201 1523 241 1553 de
261 1524 401 1563 portorio
433 1525 584 1555 omnium
610 1525 735 1564 optime
763 1524 833 1563 egit

110 1567 297 1599 Burmann.
316 1565 336 1596 l.
354 1577 382 1596 c.
399 1576 426 1596 c.
442 1570 471 1597 5.

152 1607 341 1641 portuosus.
365 1609 407 1640 ad
429 1610 504 1640 Div.
529 1612 573 1640 vi.
590 1613 642 1642 20.
667 1610 834 1649 navigatio

103 1658 256 1694 portuosa
269 1666 278 1682 .·
303 1653 334 1683 h.
351 1663 381 1683 e.
397 1654 430 1683 in
448 1664 513 1693 qua
529 1653 627 1684 multi
645 1660 759 1694 portus
776 1663 833 1693 pa-

107 1702 195 1728 tent.
219 1697 313 1726 Orat.
327 1696 373 1726 iii.
395 1699 443 1730 19.
467 1702 765 1738 mareportuosum,
782 1701 834 1726 est

109 1740 271 1782 portubus
286 1739 451 1778 frequens.

154 1782 288 1814 Portus.
312 1783 505 1814 Caecim34.
523 1787 637 1823 portus
664 1782 832 1823 supplicii,

107 1834 248 1857 vocatur
279 1825 447 1864 exsilium,
489 1827 576 1864 quod
602 1827 637 1857 in
679 1827 830 1856 exsilium

108 1869 259 1900 damnati
276 1874 372 1906 eunt,
388 1874 427 1899 ut
437 1869 638 1909 supplicium
655 1869 796 1909 fugiant.

152 1912 302 1949 Poscere,
328 1922 514 1952 provocare.
536 1913 630 1943 Verr.
654 1914 675 1943 i.
692 1914 744 1944 96.
763 1922 835 1952 pos-

107 1965 181 1988 cere
197 1955 375 1995 majoribus
392 1956 530 1995 poculis.
547 1966 576 1985 v.
591 1956 711 1987 Ascon.
735 1956 831 1986 Rosc.

109 2001 222 2031 Amer.
255 2002 285 2029 5.
309 2008 390 2037 quos
412 1999 551 2039 populus
569 2001 688 2039 poscit:
713 1999 775 2029 int.
791 1998 832 2028 ad

108 2042 332 2083 supplicium:
358 2041 496 2072 ductum
523 2052 541 2073 e
565 2042 650 2073 ludis
671 2042 832 2083 gladiato-

107 2087 178 2124 riis,
195 2086 228 2115 in
244 2085 362 2125 quibus
386 2085 527 2126 populus
550 2086 718 2116 interdum
741 2086 832 2125 flagi-

53 2135 57 2141 ·
109 2134 183 2160 tare
198 2128 394 2169 gladiatores
411 2133 506 2159 notos
530 2129 570 2159 ab
595 2128 720 2159 editore.
740 2128 833 2159 ludo-

109 2182 186 2204 rum
203 2171 341 2202 solebat.
356 2182 394 2204 v..
409 2171 545 2202 Sueton.
573 2172 656 2212 Aug.
684 2175 736 2203 44.
761 2171 831 2202 haec

110 2215 333 2257 gladiatorum
346 2215 437 2255 paria
453 2215 663 2255 postulaticia
674 2215 833 2245 dicuntur

109 2269 131 2290 a
145 2261 272 2290 Seneca
286 2269 338 2299 ep.
354 2261 384 2292 7.
408 2264 441 2288 et
460 2262 676 2298 opponuntur
700 2258 832 2288 ordina-

109 2303 177 2334 riis.
201 2301 347 2332 Verbum
374 2302 540 2342 postulare
565 2311 652 2342 saepe
678 2302 724 2332 sic
751 2301 832 2331 dici-

107 2350 177 2377 tur.
193 2345 258 2387 vid.
275 2355 304 2375 v.
320 2355 349 2375 c.
366 2347 458 2376 Suet.
477 2345 580 2384 Calig.
599 2348 651 2376 30.

155 2388 264 2419 Posse.
280 2389 364 2419 bene
380 2388 499 2418 valere.
523 2388 672 2418 Tusc.⁴‘i.
694 2391 742 2422 19.
761 2397 830 2428 pos-

109 2436 186 2463 nmt
201 2431 413 2472 oculi,potest
437 2435 550 2472 caput,
562 2431 679 2468 latera,
702 2430 831 2471 pulmo-

111 2484 183 2512 nes,
194 2480 327 2515 possunt
341 2475 463 2505 omnia.

156 2518 310 2550 Possessio
326 2518 366 2548 de
383 2519 482 2557 agris,
495 2517 635 2558 praediis.
652 2517 724 2548 Att.
742 2517 782 2547 vi.
803 2519 812 2546 1
826 2538 834 2545 .

108 2562 174 2593 iter
185 2561 248 2592 feci
262 2572 321 2602 per
335 2562 405 2601 ejus
416 2563 648 2601 possessiouem.

154 2604 328 2636 possessor.
352 2605 430 2644 Agr.
447 2605 467 2634 i.
496 2608 525 2635 5.
551 2603 683 2634 invidiae
700 2605 759 2634 aut
775 2612 831 2643 pe-

107 2647 267 2679 stilentiae
298 2658 483 2689 possessores
496 2661 504 2677 .-
543 2648 575 2678 b.
605 2657 634 2678 e.
675 2656 829 2686 agrorum

107 2690 353 2732 pestilentium,
370 2695 403 2722 et
431 2691 585 2722 invidiam
605 2690 831 2731 possessoribus

109 2733 332 2765 afferentium.

156 2775 335 2808 Possidere.
344 2778 511 2808 vindicare
523 2778 584 2808 sibi
596 2781 634 2808 ut
643 2786 751 2807 suum.
765 2774 830 2804 lle-

109 2829 181 2850 ren.
203 2821 224 2850 i.
255 2823 302 2851 ll.
326 2830 355 2851 v.
374 2827 443 2852 not.
471 2821 512 2852 ad
525 2820 631 2852 Tacit.
654 2820 762 2859 Agrie.
783 2820 831 2848 ¹8.

108 2862 194 2897 item
210 2872 385 2905 occupare,
399 2864 494 2898 Verr.
511 2864 558 2896 iii.
574 2864 627 2896 68.
646 2864 724 2904 Agr.
738 2862 758 2894 i.
775 2863 806 2895 9.

1512 87 1591 128 891

919 182 1006 212 I'nse.
1030 182 1157 213 Verrin-
1175 183 1194 213 i.
1210 187 1240 218 7.
1262 190 1330 225 pou
1352 183 1442 215 hunc
1466 187 1593 217 statum

876 225 1015 265 reipubl.
1030 225 1063 255 b.
1079 235 1108 255 e.
1126 236 1144 255 a
1157 235 1221 265 quo
1232 231 1380 268 tempore
1398 228 1449 259 bic
1463 235 1514 259 est
1528 233 1595 259 sta-

876 273 930 299 tus
947 268 1027 308 reip.
1223 266 1228 272 '

922 311 1108 343 posteritas.
1143 310 1182 340 de
1209 317 1355 353 tempore
1378 313 1503 345 futuro.
1528 314 1589 343 ‘'a-

874 354 924 384 til.
941 355 962 385 i.
977 359 1008 388 9.
1033 354 1066 384 in
1094 363 1235 394 proesens
1264 358 1471 396 tempus—iu
1489 361 1593 397 poste·

875 402 1018 428 ntalem.
1468 414 1472 418 -

920 441 1210 472 Postmeridianas.
1234 441 1292 471 Or.
1316 444 1368 474 47.
1398 442 1591 480 pomeridia-

875 494 935 515 nas
950 484 1137 523 quadrigas,
1158 493 1256 523 qnam
1269 485 1535 523 postmeridianus
1552 484 1590 515 li-

876 529 1006 558 bentius
1022 527 1171 557 dixerim.
1200 527 1296 567 Apud
1312 533 1437 556 vetere-s
1452 537 1536 567 sirpe
1553 528 1591 558 fit

876 572 1002 601 mentio
1015 571 1256 601 matutinorum
1268 575 1301 600 et
1315 570 1568 600 meridianorum
1580 582 1591 607 ;

875 615 929 654 qui
957 620 1036 644 sunt
1062 613 1258 653 gladiatores
1284 613 1362 643 dicti
1386 623 1406 642 a
1430 618 1592 652 tempore,

876 668 940 697 quo
955 657 1147 688 edebantur.
1173 656 1223 687 llli
1248 656 1404 686 dicuntur
1418 656 1520 685 etiam
1536 655 1591 684 bc-

874 701 977 731 stiarii
995 711 1047 741 ap.
1075 702 1210 730 Sueten.
1227 699 1343 730 Claud.
1359 701 1411 730 34.
1435 698 1476 728 ad
1492 708 1590 738 quem

875 744 983 774 locum
1001 744 1199 774 v.'rorrent.
1225 749 1259 773 et
1287 743 1374 783 Lips.
1397 742 1528 772 Saturn.
1556 742 1588 772 ii.

879 791 927 819 15.
953 788 1007 826 qni
1043 787 1081 816 de
1123 792 1263 825 utroqne
1300 795 1419 825 genere
1460 784 1589 814 erudite

875 837 990 870 agunt.
1014 830 1190 861 Dabantur
1204 834 1315 859 autem
1339 827 1524 864 meridiani,
1541 834 1592 864 ut,

875 873 1154 913 quemadmodum
1172 872 1295 902 Seneca
1310 872 1331 902 l.
1344 882 1372 901 c.
1388 872 1448 908 ait,
1469 870 1555 900 oculi
1571 881 1592 900 a

875 917 999 948 crudeli
1014 916 1204 956 spectaculo
1221 916 1461 946 matutinorum
1478 914 1593 944 refice-

876 966 1002 991 rentur.
1027 961 1134 999 Atque
1155 958 1292 988 candem
1309 958 1350 988 ob
1367 967 1499 987 causam
1516 962 1591 997 post

874 1004 1084 1043 gladiatores,
1101 1006 1248 1042 tempore
1270 1000 1507 1042 pomeridiano,
1533 1000 1590 1030 da-

875 1048 996 1077 bantur
1005 1046 1170 1076 interdum
1181 1046 1350 1076 Circenses
1358 1044 1439 1080 ludi,
1449 1053 1590 1082 quorum

874 1095 954 1121 sunt
979 1089 1155 1129 qnadrigae.
1179 1088 1294 1128 ltaque
1310 1087 1486 1127 Augustini.
1503 1087 1590 1117 Con-

875 1134 951 1164 sess.
971 1133 992 1164 1.
1021 1133 1085 1163 viii.
1111 1133 1279 1163 Circenses
1303 1131 1423 1161 diserte
1449 1129 1594 1170 appellat.

875 1176 1104 1218 spectaculum
1121 1175 1382 1216 pomeridianum
1397 1185 1408 1212 ;
1432 1182 1530 1212 quem
1543 1172 1590 1203 lo-

876 1230 952 1250 cum
969 1220 1071 1250 debeo
1083 1219 1272 1256 Torrentio,
1289 1217 1345 1257 qui
1360 1225 1436 1246 eum
1454 1216 1474 1246 l.
1497 1226 1525 1246 c.
1543 1219 1592 1246 at-

873 1263 965 1294 tulit.
980 1263 1058 1293 binc
1074 1263 1242 1293 Ciceronis
1263 1259 1436 1301 quadrigas
1452 1259 1594 1300 pomeri·
1635 1258 1640 1263 ⁴

875 1307 988 1337 dianas
1004 1305 1165 1345 intellige.

918 1350 1093 1387 Posterior,
1116 1347 1305 1388 improbior.
1328 1346 1421 1377 Prov.
1449 1345 1546 1376 Cons.
1561 1348 1592 1376 4.

872 1395 920 1424 sic
934 1393 1070 1424 fortuna
1081 1402 1157 1423 cum
1167 1391 1378 1431 improbitate
1390 1389 1541 1426 certavit,
1555 1393 1594 1418 ut

876 1447 974 1467 nemo
988 1440 1109 1476 posset,
1125 1440 1238 1465 utrum
1260 1434 1427 1474 posterior,
1451 1442 1493 1462 an
1509 1431 1595 1462 infe-

875 1481 969 1511 licior
985 1478 1255 1517 esset,judicare.
1269 1477 1335 1507 Viri
1352 1475 1438 1506 docti
1455 1474 1593 1505 laudant

878 1523 919 1553 ad
935 1523 968 1555 h-.
987 1521 1166 1553 l.Turneb.
1191 1520 1324 1550 advers.
1341 1529 1392 1549 xx.
1411 1523 1441 1553 9.
1464 1519 1526 1548 Pis.
1539 1519 1592 1551 27.

875 1566 959 1597 nihil
981 1567 1100 1596 scitote
1125 1573 1195 1594 esse
1221 1563 1432 1598 lnxnriosius,
1450 1561 1532 1591 nihil
1555 1560 1593 1590 li—

876 1610 1070 1645 bidinosius,
1094 1607 1175 1638 nibil
1195 1608 1364 1647 posteriue,
1380 1604 1463 1635 nibil
1479 1604 1595 1643 neqni-

877 1663 925 1683 us.
971 1653 1022 1683 Sic
1054 1652 1149 1682 Rosc.
1176 1651 1215 1681 A.
1239 1653 1291 1683 47.
1309 1649 1462 1689 post-remi
1488 1647 1594 1677 homi-

875 1706 943 1727 nes.

918 1739 1172 1775 I’oslliminium,
1191 1733 1330 1768 iaedrolof.
1344 1733 1496 1769 reversio,
1512 1731 1597 1762 redi-

876 1788 940 1814 tus.
975 1781 1090 1821 Topic.
1123 1784 1152 1811 8.
1188 1788 1261 1818 qnae
1287 1789 1307 1808 a
1335 1778 1426 1807 nobis
1450 1777 1593 1806 alienata

877 1831 969 1863 snnt,
987 1834 1063 1854 cnm
1092 1824 1132 1854 ad
1157 1819 1285 1853 bostem
1307 1820 1533 1861 pervenerint,
1559 1823 1594 1848 et

876 1880 916 1900 ex
942 1879 1000 1899 sno
1026 1871 1196 1906 tamqnam
1214 1865 1327 1895 limine
1349 1863 1502 1899 exierint,
1518 1870 1595 1892 eum

876 1912 1034 1943 redierint
1050 1910 1090 1940 ad
1106 1910 1192 1940 idem
1214 1905 1532 1947 limen‚postlimi111'o
1544 1903 1594 1934 di-

876 1961 1000 1986 cuntur
1016 1953 1131 1984 redire.
1176 1951 1239 1981 Sed
1254 1954 1342 1981 totus
1360 1948 1414 1979 ille
1432 1948 1536 1985 locus,
1558 1951 1595 1977 et

877 1999 918 2029 ibi
950 1997 1109 2029 Bozzthius
1139 1994 1307 2035 legendus.
1340 1992 1380 2022 ef.
1403 1992 1461 2021 Or.
1488 1991 1508 2020 i.
1522 2029 1525 2031 Α
1539 1992 1593 2020 40.

879 2041 968 2072 Bali».
1002 2044 1047 2071 11.
1067 2039 1261 2079 postliminio
1287 2035 1490 2076 fier-ipotest
1513 2033 1593 2062 civi-

876 2085 954 2116 tatis
971 2084 1124 2114 mutatio.
1139 2081 1217 2112 ibid.
1240 2082 1286 2110 12.
1309 2077 1372 2109 civi
1389 2078 1538 2109 Romano
1555 2075 1594 2105 li-

877 2136 927 2159 cet
949 2137 1018 2158 esse
1047 2125 1262 2160 Gaditanum,
1288 2122 1354 2152 sive
1379 2120 1505 2157 exsilio,
1529 2120 1595 2149 sive.

869 2171 1064 2212 postliminio
1080 2170 1138 2199 &a
1167 2167 1198 2197 b.
1213 2178 1242 2196 e.
1269 2166 1297 2196 si
1323 2163 1458 2202 redierit
1474 2162 1594 2197 Gades,

878 2216 933 2246 ubi
949 2217 1025 2244 ante
1041 2213 1120 2242 civis
1136 2211 1256 2245 fuerat,
1271 2217 1371 2248 qnam
1384 2206 1462 2237 civis
1472 2205 1595 2236 Roma-

876 2268 938 2288 nus
954 2257 1061 2287 faetus
1077 2259 1161 2290 erat,
1176 2258 1209 2283 et
1225 2252 1294 2292 ejus
1309 2250 1452 2281 civitatis
1471 2249 1528 2287 jus
1544 2257 1594 2278 re-

877 2302 968 2342 cipit,
996 2300 1130 2329 civitate
1146 2297 1241 2328 Rom.
1258 2299 1394 2334 accepta
1419 2292 1591 2322 amissum.

876 2345 930 2375 ubi
947 2354 975 2372 v.
993 2343 1099 2372 Graev.
1121 2346 1155 2370 et
1172 2338 1272 2369 Salm.
1298 2337 1338 2367 ad
1359 2336 1391 2366 J.
1408 2335 1478 2365 Att.
1494 2344 1523 2364 c.
1541 2333 1594 2363 ⁴26.

875 2397 972 2427 quem
990 2385 1094 2415 Graev.
1122 2382 1246 2413 laudat.
1265 2381 1345 2410 lntt.
1362 2378 1402 2409 ad
1419 2378 1489 2409 Caii
1511 2376 1543 2407 J.
1571 2377 1594 2412 ἰ,

877 2433 907 2461 6.
922 2434 951 2461 22.
970 2429 1109 2467 Menag.
1126 2427 1200 2456 Am.
1215 2425 1246 2455 J.
1265 2425 1301 2453 C.
1319 2426 1370 2458 39.

920 2472 1105 2508 postutare,
1121 2478 1207 2509 saepe
1234 2467 1356 2497 dicitur
1371 2473 1469 2495 sensu
1485 2462 1593 2492 foren-

877 2517 916 2552 si,
930 2517 961 2545 in
979 2525 1043 2554 quo
1059 2513 1188 2555 proprie
1197 2516 1259 2548 est,
1274 2511 1306 2540 in
1322 2509 1428 2539 causis
1445 2505 1591 2547 privatiS,

878 2560 1054 2590 l'raetor‹·m
1085 2564 1212 2595 rogare,
1238 2559 1276 2584 ut
1301 2553 1399 2582 liceat,
1426 2550 1590 2580 actionem

877 2603 975 2632 alicui
990 2600 1160 2631 intendere
1179 2610 1184 2627 :
1212 2598 1245 2628 in
1258 2596 1365 2626 causis
1380 2592 1519 2634 publicis
1537 2601 1594 2621 au-

876 2650 958 2684 tem,
990 2649 1025 2674 ut
1057 2643 1156 2672 liceat
1183 2649 1304 2671 nomen
1334 2637 1478 2673 defcfrre3
1505 2633 1590 2663 unde

876 2699 935 2729 per
949 2685 1187 2726 metonymiam
1204 2680 1431 2713 antecedentis
1447 2688 1504 2719 pro
1517 2686 1593 2707 con-

877 2736 1049 2770 sequente,
1071 2739 1129 2768 pro
1145 2735 1299 2758 accusare
1315 2724 1449 2754 dicitur.
1474 2721 1591 2767 Exem-

877 2774 931 2815 pla
952 2773 1020 2803 brec
1054 2776 1166 2808 sunto,
1189 2775 1224 2800 et
1249 2767 1381 2808 quidem
1409 2763 1595 2805 posterioris

878 2817 1029 2857 generis:
1056 2824 1132 2845 nam
1150 2813 1265 2855 prioris
1291 2810 1419 2841 nullum
1446 2803 1593 2837 animad-

874 2860 969 2890 verti.
987 2859 1027 2898 Ω.
1043 2858 1093 2890 Fr.
1106 2858 1152 2890 iii.
1166 2860 1229 2889 1.c.
1243 2859 1272 2887 5.
1285 2851 1460 2885 Gabinium
1473 2854 1538 2883 tres
1550 2846 1596 2876 sa-

905 2905 1006 2936 cen}
