1790 3219
183 68 267 108 520

182 170 298 194 verum
307 159 506 201 probabilia,
520 168 594 201 quae
615 159 775 201 disputari
790 159 907 200 proba-

184 204 296 236 biliter
310 204 448 243 possint.

224 245 412 289 φιλόστατςις,
428 244 552 286 patrioe
572 251 704 282 amans,
720 241 762 275 ad
775 243 847 275 Att.
870 244 906 274 ii.

187 292 216 321 l.
232 290 276 320 ix.
294 291 344 320 10.

227 330 515 374 φιλοπροσηνίςατα,
532 329 758 368 benignissime
778 331 810 358 et
831 336 908 358 sua-

187 374 330 411 vissime,
346 374 386 404 ad
399 374 471 405 Att.
486 383 517 404 v.
531 375 562 406 9.

185 416 393 490 Αφιλορήτορ,
417 415 577 452 studiosus
601 413 685 443 areis
706 411 845 450 dicendi,
867 411 909 443 ad

216 463 258 491 tt.
275 459 298 490 i.
320 461 369 489 13.

230 503 402 543 φιλοσοφεῖν,
411 498 642 540 philosophari,
658 495 698 527 ad
711 496 783 526 Att.
797 495 831 527 ii.
849 497 878 526 5.

227 543 444 585 φιλοσοφητὶον,
453 539 762 583 philosophandum,
778 537 818 568 ad
837 536 909 568 Att.

186 588 210 620 i.
227 588 280 619 16.

227 629 464 671 φιλοσοφῦμεθιι,
483 624 762 666 philosophamur,
779 620 819 652 ad
837 619 909 651 Att.

186 682 240 705 xv.
262 675 309 704 13.

221 713 522 755 φιλοσοφέμινιι,ᾳαα·
530 719 552 741 a
556 708 752 750 philosophis
763 709 911 737 tractan-

187 762 257 795 tur,
274 758 348 787 libri
357 753 578 795 philosophici.
594 751 635 782 ad
650 751 727 781 Div.
738 750 781 780 xi.
793 751 845 782 27.

231 798 438 840 φιλοσοφῶμεν,
449 795 724 838 philosophemur,
737 791 777 823 ad
787 791 859 822 Ait.
876 790 910 820 ii.

230 884 402 926 φιλοσὸφως,
425 880 655 924 philosophice,
678 876 718 908 ad
744 876 816 907 Att.
842 874 909 906 xiii.

189 930 242 960 20.

229 968 452 1012 φιλοσοφῶτεξον
473 964 702 1008 διιυκςινῆσσμεν,
718 961 827 1000 magis
835 961 910 1008 plri-

189 1014 343 1053 losophice
364 1018 395 1043 et
420 1012 593 1046 subtiliter,
617 1008 640 1038 i.
665 1016 693 1036 e.
723 1007 912 1035 accuratius

187 1055 449 1085 examinabimus
475 1057 506 1084 et
530 1051 750 1084 discutiemus,
776 1045 816 1076 ad
838 1045 909 1076 Att.

190 1097 245 1128 vii.
263 1100 294 1128 8.
856 1120 864 1129 ⁸

232 1138 488 1183 φιλαςοςγῶτεξον,
504 1135 680 1170 amantius,
697 1132 738 1164 ad
752 1132 824 1163 Att.
841 1130 909 1162 xiii.

231 1225 423 1269 φιλοςὸργως,
430 1225 656 1266 peramanter,
666 1219 706 1250 ad
715 1218 786 1248 Att.
800 1226 850 1247 xv.
862 1219 909 1250 17.

230 1268 451 1309 φιλο-τέχνημα,
463 1276 539 1307 opu-5
547 1263 684 1295 Studiose
697 1260 911 1294 elaboratum,

192 1310 232 1341 ad
247 1311 318 1343 Att.
336 1313 403 1342 xiii.
418 1313 472 1341 40.
787 1345 793 1350 ,

233 1354 410 1393 Φιλοτιμία,
431 1353 493 1383 hoc
515 1351 601 1386 loeo,
619 1346 794 1378 Philotimi
815 1345 911 1382 actio,

190 1396 231 1428 ad
245 1396 315 1427 Att.
333 1397 386 1427 vii.
405 1399 435 1430 l.

232 1439 417 1482 φιλοφςὸιως,
446 1435 648 1471 humaniter,
677 1435 843 1467 amanter,
872 1429 913 1460 ad

190 1482 263 1513 Att.
275 1492 326 1512 xV.
345 1485 394 1513 15.

233 1524 341 1561 Φλιές,
355 1524 458 1559 ’on-55,
471 1521 577 1557 moris,
591 1518 721 1551 Phlius,
742 1516 842 1554 opus,
858 1513 912 1546 Si-

185 1577 263 1608 pus,
280 1566 321 1597 ad
333 1568 407 1598 Att.
426 1567 468 1596 vi.
485 1569 516 1595 2.
535 1562 670 1593 nomina
684 1558 891 1599 oppidorum.

231 1609 372 1652 φλυιιξός,
385 1609 557 1648 garrulus,
573 1604 614 1635 ad
627 1603 703 1633 Div.
720 1611 773 1631 xV.
791 1602 841 1630 18.

232 1653 343 1695 φοβερὸν
367 1650 412 1690 ἦν,
426 1646 644 1691 formidabile
664 1642 813 1693 erat‚·ad
838 1641 911 1673 Att.

192 1695 259 1727 xiii.
275 1698 328 1729 37.

233 1737 374 1780 φςὸνησις,
383 1735 576 1777 prudentia,
590 1730 655 1762 Off.
672 1729 694 1759 i.
708 1730 762 1758 43.
824 1770 843 1776 ..

233 1780 377 1823 φυξάτης,
398 1777 618 1811 conturbator,
641 1771 682 1802 ad
705 1771 779 1802 Att.
802 1780 858 1819 v.¹¹·
887 1772 913 1800 1.

192 1822 246 1854 lta
259 1823 379 1854 dicitur
397 1819 596 1851 Philotimus
611 1814 760 1850 libertus,
775 1822 830 1852 qm
847 1813 912 1844 im-

192 1866 312 1909 φυςοίιιει
326 1866 361 1895 in
376 1861 557 1895 rationibus
576 1860 739 1889 bonorum
752 1855 795 1886 T.
811 1855 912 1886 Milo-

192 1908 256 1946 nis,
268 1908 300 1939 h.
315 1918 344 1938 e.
357 1907 411 1946 qui
428 1904 571 1936 rationes
584 1901 633 1931 ita
646 1897 912 1935 conturbaverat,

193 1954 231 1981 ut
260 1949 355 1981 facile
384 1946 638 1985 intelligeretur,
666 1949 809 1980 nequam
844 1950 913 1972 esse

191 1991 373 2028 hominem,
389 1995 423 2021 et
438 1988 605 2019 fraudibus
619 1984 684 2015 uti.

233 2034 340 2078 φυρμός
361 2031 473 2068 πολὺς,
496 2026 698 2060 conturbatio
728 2026 849 2062 multa,
873 2025 914 2056 ad

191 2076 263 2107 Att.
280 2078 342 2108 xiv.
360 2079 390 2107 5.
435 2073 600 2105 Antonius
622 2069 747 2100 aleator
771 2067 855 2098 Phil.
878 2067 914 2098 ii.

191 2120 305 2151 omnia
319 2119 411 2149 nobis
425 2114 614 2149 conturbat,
627 2120 704 2142 cum
720 2110 914 2141 Caesarianis

193 2171 260 2192 non
276 2161 411 2197 resistit,
425 2158 481 2190 sed
494 2157 533 2188 iis
548 2155 658 2196 potius
672 2153 771 2183 favet.

234 2205 312 2245 φυσᾷ
326 2203 386 2246 '73⁸4’
401 2204 418 2233 ἐ
432 2201 588 2242 σμικροῖσιν
602 2195 751 2228 αὐλίσκοις
768 2193 825 2230 istri,
841 2194 915 2224 ἀλλ’

192 2247 309 2289 &yginus
332 2245 446 2287 φύσαισι
469 2243 596 2286 &nectabis
619 2240 702 2281 ling,
725 2237 766 2269 ad
787 2237 859 2268 Att.
879 2236 914 2267 ii.

195 2290 244 2319 16.
289 2290 419 2320 Horum
453 2283 711 2326 Sophocleorum
747 2289 914 2315 versuum,

192 2341 272 2370 quos
295 2338 329 2362 et
350 2329 529 2370 Dionysius
548 2325 718 2364 Longinus
740 2322 803 2364 περὶ
819 2320 913 2360 ὕψους

193 2374 279 2404 Sect.
309 2377 340 2404 3.
369 2368 653 2405 commemoravit,
683 2365 914 2405 interpretatio

193 2424 261 2445 non
289 2415 400 2447 eadem
430 2417 493 2450 est,
524 2420 628 2451 neque
654 2417 769 2439 omnes
799 2416 913 2437 verum

192 2466 326 2489 sensum
349 2456 492 2487 adsecuti
515 2458 604 2485 sunt.
628 2451 744 2494 φσρξειᾶ,
759 2449 835 2489 quid
857 2450 914 2486 sit,

192 2498 331 2530 docuere
361 2499 497 2529 Salmas.
522 2496 563 2528 ad
584 2495 687 2526 Solin.
708 2503 742 2534 p.
767 2503 813 2523 m.
838 2493 913 2522 585.

193 2543 266 2573 586.
289 2542 345 2572 ubi
367 2542 467 2572 etiam
490 2540 529 2570 de
549 2538 613 2568 hoe
633 2538 705 2568 loeo
719 2534 914 2576 disputavit,

192 2589 226 2614 et
242 2584 443 2623 Interpretes
460 2582 500 2612 ad
514 2580 704 2619 Longinum
716 2577 739 2607 l.
753 2588 780 2608 c.
797 2585 915 2616 nempe

192 2626 384 2667 capistrum,
400 2634 463 2664 quo
485 2623 635 2654 tibicines
657 2620 809 2661 spiritum
825 2621 916 2649 coer-

192 2672 280 2704 cent,
295 2678 337 2698 ne
352 2667 471 2697 nimius
492 2671 525 2696 et
540 2663 775 2696 immoderatus
788 2662 824 2692 in
838 2661 916 2691 tibi-

192 2720 246 2741 am
262 2712 434 2750 irrumpat.
482 2708 568 2738 Hine
582 2707 653 2749 ἄτερ
668 2705 797 2748 pogesii&
812 2706 918 2735 meta-

192 2753 326 2791 phorice
342 2757 392 2783 est
408 2751 477 2781 sine
493 2750 593 2780 modo.
636 2748 820 2783 Caecilium,
837 2745 916 2775 dicit

193 2794 377 2835 Longinus,
392 2802 462 2825 esse
479 2793 611 2832 egregio
626 2791 757 2831 spiritu,
771 2788 826 2820 sed
841 2797 918 2817 cum

192 2841 376 2879 temperare
410 2845 486 2867 eum
524 2843 591 2866 non
625 2833 741 2874 possit,
776 2831 916 2862 nimium

610 73 663 116 I'N
673 73 769 102 DEX
802 68 1236 102 GRAECO-LATINUS.

949 157 1055 196 evehi,
1077 161 1112 188 et
1139 156 1216 188 inde
1236 159 1417 194 tumorem,
1437 155 1582 200 μετ-ἔαρι,
1603 158 1670 189 exi-

949 204 1048 231 stere.
1092 200 1146 231 Sic
1167 208 1244 229 cum
1266 199 1440 239 Pompeius
1461 199 1582 230 dieitur
1601 210 1672 233 ma·

950 243 1023 282 gnis
1034 242 1123 273 tibiis
1134 242 1197 279 uti,
1209 245 1244 271 et
1255 240 1467 273 vehementer
1477 251 1531 273 eas
1541 241 1672 282 inflare,

949 284 1006 315 sed
1029 285 1099 315 sine
1121 284 1276 325 capistro,
1291 283 1353 315 hoc
1368 282 1508 315 dicitur:
1533 284 1673 325 Pompe-

950 327 1019 356 ium
1055 326 1177 357 viribus
1211 327 1289 363 suis,
1325 335 1398 365 quae
1432 335 1564 366 magnae
1590 326 1673 366 sint,

949 367 1055 404 abuti,
1069 372 1106 398 et
1119 378 1195 399 cum
1209 367 1443 409 cupiditatibus
1456 369 1523 399 suis
1537 367 1673 400 modum

950 410 1119 449 imponere
1135 419 1202 441 non
1218 412 1332 451 possit,
1349 411 1446 442 nimis
1461 411 1529 442 alte
1543 410 1674 442 evolare

951 451 1047 499 velle,
1062 461 1166 491 eaque
1186 463 1317 493 cupere,
1333 463 1407 493 quae
1426 457 1486 484 aut
1505 453 1583 484 ferri
1604 462 1674 484 non

951 498 1090 536 possint,
1104 498 1164 525 aut
1176 494 1244 534 ipse
1260 505 1327 526 non
1342 496 1445 536 possit
1459 496 1626 535 consequi.

993 536 1128 575 Φυσικοὶ,
1145 536 1294 576 Physici,
1310 538 1368 570 Or.
1385 539 1409 569 i.
1426 541 1477 570 50.

995 579 1117 619 φυσικὴν
1137 579 1189 612 τὴν
1210 579 1278 622 πρὸς
1301 580 1343 611 τὰ
1363 580 1464 618 τέκνα,
1484 581 1677 612 naturalem

951 631 1098 653 amorem
1112 622 1148 652 in
1163 622 1288 659 liberos,
1303 622 1345 653 ad
1359 623 1430 654 Att.
1445 623 1501 654 vii.
1517 625 1549 655 2.

953 664 1161 738 Qodmrpbeog,
1178 664 1329 705 Lucifer,
1347 665 1467 698 Venus.
1481 666 1563 697 Nat.
1578 665 1625 697 D.
1642 664 1676 696 ii.

1296 841 1335 867 X.

993 920 1094 963 χαῖρε,
1108 921 1207 951 sulve.
1220 920 1292 952 Fin.
1309 921 1331 952 i.
1349 924 1380 951 3.

994 963 1171 1006 χκξακτῇξ,
1186 962 1309 1003 forma
1343 963 1404 999 rei,
1432 971 1499 1002 qua
1534 962 1680 994 maxime

952 1006 1143 1045 agnoscitur
1155 1015 1206 1036 res
1219 1005 1443 1046 eejudicatur.
1458 1004 1518 1036 Or.
1539 1007 1587 1036 11.

993 1048 1170 1091 χαρακτὴρ,
1186 1048 1226 1079 ad
1240 1049 1304 1088 Qu.
1323 1048 1376 1079 Fr.
1390 1047 1425 1077 ii.
1445 1047 1492 1078 16.
1516 1053 1564 1079 est
1585 1049 1681 1078 stilus

952 1100 978 1121 s.
990 1091 1113 1131 ¹forma
1135 1092 1302 1128 orationis,
1315 1099 1423 1130 genus
1442 1090 1579 1121 dicendi.
1600 1099 1678 1121 nam

953 1134 1133 1174 opponitur
1148 1143 1197 1164 res
1211 1139 1246 1164 et
1259 1132 1434 1176 χαρακτήρ.

994 1176 1078 1217 χολὴ
1112 1177 1254 1219 ἄκρατος,
1285 1178 1356 1207 bilis
1388 1184 1493 1206 mera.
1532 1174 1575 1206 ad
1603 1175 1680 1207 Div-

954 1220 1015 1249 xiv.
1032 1223 1064 1253 7.

995 1262 1088 1304 χρεῶν
1096 1263 1260 1298 ἀποκοπαὶ,
1272 1260 1408 1303 φυγάδων
1419 1258 1549 1296 namin,
1561 1261 1683 1292 tabule

953 1313 1054 1341 novoe,
1065 1307 1199 1336 exulum
1211 1306 1346 1337 reditus.
1356 1305 1396 1336 ad
1405 1307 1477 1336 Att.
1485 1303 1540 1334 vii.
1552 1305 1562 1333 l
1573 1305 1600 1334 1.
1616 1303 1683 1336 Ta-

955 1347 1037 1378 buloe
1047 1357 1136 1378 novoe
1146 1348 1302 1379 dicuntur
1310 1348 1405 1391 χςεῦν
1413 1346 1580 1382 ἀποκοπαὶ,
1594 1345 1682 1386 quod

955 1394 1128 1430 propterea
1156 1390 1228 1430 lege
1255 1391 1341 1421 fiunt
1369 1399 1457 1421 novoe
1485 1389 1618 1426 tabuloe,
1640 1393 1681 1420 ut

955 1432 1091 1463 nomina
1110 1432 1220 1469 aliter,
1237 1439 1271 1465 et
1291 1438 1417 1464 resecta
1438 1436 1533 1473 parte
1555 1430 1680 1470 aliqua,

955 1474 989 1504 in
1020 1475 1057 1504 iis
1088 1476 1288 1513 scribantur,
1313 1481 1473 1516 tanquam
1503 1478 1681 1513 argentum

955 1526 1014 1556 pro
1029 1526 1092 1548 aere
1109 1529 1116 1547 z
1142 1517 1177 1549 11.
1193 1530 1221 1549 e.
1241 1522 1293 1549 25.
1309 1528 1369 1558 pro
1388 1520 1458 1548 100.
1474 1522 1513 1548 ut
1527 1520 1579 1547 est
1592 1515 1682 1558 apud

955 1559 1147 1590 Sallustium
1165 1561 1199 1591 in
1213 1560 1299 1592 Bell.
1316 1559 1417 1591 Catil.

995 1602 1099 1644 χρήσει
1113 1602 1165 1641 μὶν
1179 1607 1271 1641 tuus,
1286 1602 1387 1635 κτήσει
1401 1600 1430 1633 δὲ
1444 1601 1547 1633 Attici
1561 1601 1683 1632 nostri.

954 1652 1016 1674 usu
1030 1646 1160 1686 quidem
1180 1650 1269 1682 tuus,
1279 1647 1470 1686 possessione
1487 1648 1600 1675 autem
1619 1643 1682 1674 At-

955 1688 1023 1720 tici.
1039 1687 1081 1717 ad
1094 1687 1172 1719 Div.
1188 1688 1244 1719 vii.
1262 1690 1314 1723 ⁶29.

998 1729 1148 1772 χρήσιμοι,
1152 1729 1261 1771 frugi
1273 1730 1426 1761 homines.
1440 1729 1541 1760 Tuse.
1556 1728 1604 1759 iii.
1620 1729 1652 1759 8.

995 1774 1145 1816 χρησμὸς,
1159 1775 1343 1804 oraculum.
1360 1771 1402 1803 ad
1412 1772 1485 1803 Att.
1498 1772 1541 1803 ix.
1559 1774 1608 1802 10.

995 1816 1210 1859 >consonos-(ins,
1226 1825 1296 1856 quoe
1313 1818 1390 1846 sunl
1405 1824 1446 1845 ex
1458 1823 1522 1844 usu
1535 1814 1660 1845 discens
1667 1823 1682 1849 ,-

954 1860 1012 1900 qui
1032 1869 1072 1890 ea
1092 1859 1220 1896 didicit,
1241 1867 1313 1899 quoe
1333 1857 1515 1888 hominibus
1531 1858 1683 1897 prosunt.

955 1902 996 1933 ad
1010 1904 1083 1933 Att.
1097 1902 1120 1933 i.
1135 1902 1166 1933 6.

995 1943 1111 1988 zeniam
1132 1942 1300 1986 χαλκείων,
1315 1951 1421 1973 aurea
1437 1951 1501 1982 pro
1521 1941 1627 1972 oeneis.
1641 1937 1684 1970 ad

955 1986 1028 2018 Att.
1050 1989 1093 2019 vi.
1118 1990 1148 2019 l.
1177 1995 1305 2025 magna
1321 1994 1384 2025 pro
1400 1984 1529 2026 parvis,
1551 1991 1686 2023 prover-

955 2030 1047 2061 bium
1065 2029 1204 2061 ductum
1227 2039 1267 2059 ex
1290 2027 1452 2064 Homero,
1466 2026 1524 2056 ubi
1538 2024 1683 2056 Glaucus

956 2078 990 2103 et
1005 2072 1184 2103 Diomedes
1202 2080 1295 2102 arma
1309 2072 1516 2110 permutant,
1528 2071 1570 2098 ut
1584 2075 1685 2098 aurea

957 2114 1042 2147 alter
1057 2124 1116 2156 pro
1133 2114 1233 2147 aeneis
1247 2112 1420 2153 acciperet.
1435 2110 1531 2142 Iliad.
1546 2115 1580 2141 z.
1595 2108 1670 2141 236.

1299 2247 1343 2272 Ψ.

1000 2327 1242 2372 ψευδέγγμφος,
1254 2325 1350 2368 falso
1372 2323 1588 2366 perscriptus,
1609 2329 1686 2361 sup-

952 2373 1132 2412 posititius,
1149 2372 1192 2403 ad
1205 2371 1277 2402 Att.
1292 2379 1346 2402 xv.
1364 2368 1416 2399 26.
1429 2367 1470 2398 de
1485 2367 1574 2398 SCto
1588 2363 1684 2395 falso.

1000 2413 1219 2454 ψευδησιόδειον,
1242 2413 1328 2453 quod
1343 2410 1439 2451 falso
1460 2407 1602 2442 Hesiodo
1626 2405 1686 2437 ad-

956 2459 1122 2489 scribitur.
1137 2458 1179 2489 ad
1193 2458 1265 2488 Att.
1286 2455 1340 2486 vii.
1359 2456 1407 2484 18.

1000 2499 1185 2540 ψενῖὖμενος,
1214 2498 1385 2532 mentiens,
1412 2494 1454 2526 ad
1481 2493 1559 2525 Div.
1588 2491 1624 2522 ii.
1641 2491 1686 2539 fl.

957 2552 1060 2581 genus
1082 2541 1293 2584 sophismatis
1314 2535 1552 2578 inexplicabilis
1565 2545 1586 2566 a
1606 2534 1690 2566 Dia-

956 2584 1083 2617 lecticis
1118 2586 1305 2616 inventum.
1351 2578 1506 2612 Formula
1531 2578 1604 2618 ejus
1636 2580 1689 2607 est

957 2628 1045 2668 apud
1060 2627 1207 2660 Gellium
1221 2625 1309 2657 xviii.
1326 2625 1357 2656 2.
1394 2621 1475 2653 Omn
1490 2621 1642 2657 mentior,
1656 2620 1689 2648 et

957 2680 1009 2700 nze
1018 2672 1152 2701 mentiri
1161 2670 1243 2705 dico,
1254 2667 1406 2702 mentior,
1415 2674 1461 2694 om
1468 2671 1584 2693 verum
1592 2662 1663 2692 dico
1671 2660 1689 2690 ?

959 2712 1074 2744 Cicero
1087 2713 1242 2743 Graeeum
1250 2710 1318 2751 ipse
1328 2709 1583 2747 interpretatum
1596 2711 1687 2736 men-

958 2755 1051 2786 tiens.
1068 2755 1107 2786 de
1123 2754 1237 2786 Divin.
1253 2753 1287 2783 ii.
1302 2754 1333 2782 4.
1361 2750 1442 2788 Ejus
1458 2748 1623 2779 rationem
1638 2754 1691 2776 so-

958 2796 1010 2826 lus
1026 2798 1141 2829 Cicero
1156 2798 1190 2827 in
1206 2794 1306 2827 Acad.
1323 2793 1366 2824 iv.
1382 2803 1413 2823 c.
1429 2794 1482 2826 29.
1506 2791 1590 2822 etin
1604 2788 1690 2819 libro

960 2838 998 2870 de
1015 2840 1098 2873 Fato
1114 2839 1254 2881 aperuit.
1298 2835 1454 2868 Ceterum
1474 2833 1582 2874 ipsum
1599 2830 1693 2864 Cice-
