1804 3178
639 101 784 133 tNDEx
819 101 1071 134 LATINJTATl
1078 108 1111 135 S.

110 195 266 233 operata:
291 191 312 222 i.
329 201 359 222 e.
383 191 561 222 eonsilium
590 190 704 231 gloria·
736 202 846 232 porso-

112 235 254 274 quendae
272 236 425 274 abjicere.
441 235 506 265 Sed
522 245 551 264 v.
569 241 639 265 not.
665 235 735 265 Pin.
755 236 775 266 i.
792 237 846 266 ⁴20.

113 279 298 310 amicitiam
334 283 461 319 negant
497 288 516 308 a
546 278 718 319 voluptate
749 289 845 319 posse

113 322 295 354 discedere.-
319 323 339 352 i.
356 333 385 352 e.
409 323 552 362 sejungi.
575 322 671 353 Brut.
696 326 748 357 79.
776 323 844 353 Fin.

113 375 144 395 v.
174 369 222 397 11.
245 375 313 396 ase
338 366 515 397 discedere:
541 366 562 396 i.
590 376 619 396 e.
643 367 777 397 mutari.
805 367 845 397 ad

112 408 190 441 Div.
206 410 249 440 vi.
274 412 323 440 14.
348 410 382 440 in
399 410 590 450 opinionem
608 409 694 440 hanc
709 411 843 440 discessi.

110 453 176 484 vid.
198 453 351 484 discessio.
375 454 454 484 ibid.
470 454 512 483 ix.
530 454 582 483 96.
607 463 625 483 a
642 452 746 484 literis
766 464 842 484 cum

109 496 260 528 discessi:
283 498 304 527 i.
322 508 351 528 e.
376 507 454 528 eum
479 497 559 527 desii
588 496 691 528 literis
707 505 842 538 operam

109 539 188 570 dare
203 549 244 570 eo
259 539 323 570 die.

154 583 360 624 msc-optare,
370 584 537 623 judicare.
547 584 671 623 judicis
687 588 743 615 aut
757 584 842 615 arbi-

112 627 156 657 tri
178 632 290 671 partes
317 629 493 659 sustinere.
516 628 616 659 Tuse.
635 629 676 658 iv.
703 632 733 658 3.
759 629 841 659 Aca-

109 669 223 701 demia
247 681 362 702 eorum
401 673 639 703 controversias
674 673 839 712 disceptat.

107 713 189 754 Leg.
206 715 240 745 ii.
256 720 287 750 9.
312 715 399 746 bella
419 717 614 756 discepmnlo
625 729 634 747 .·
659 715 699 745 de
716 715 841 746 feciali-

105 756 181 796 bus,
195 759 250 798 qui
267 760 382 790 arbitri
398 766 582 790 sumuntur
592 759 776 797 etjudiees,
789 765 840 797 ut,

108 810 150 832 an
168 801 379 842 bellumjure
395 803 517 844 suscipi
535 803 651 844 possit,
675 808 838 833 statuant.

108 846 128 863 ‘
143 846 320 887 disceptare
334 852 448 878 tamen
465 848 565 877 etiam
581 846 741 876 dicuntur
766 857 839 887 par-

109 893 162 919 tes
179 889 350 931 litigantes
365 899 399 921 et
411 894 589 920 certantes.
607 891 647 920 ad
661 890 735 920 Div.
753 891 794 920 vi.
812 894 837 920 1.

105 942 175 963 non
190 934 338 965 consiliis
354 944 415 964 nee
441 934 697 964 auctoritatibus
719 935 837 964 nostris

104 975 235 1016 dejure
250 977 385 1018 publico
400 978 606 1018 disceptatur.
623 975 716 1008 Verr.
734 978 767 1008 ii.
788 982 835 1009 15.

105 1023 146 1050 ut
160 1020 222 1052 sibi
238 1031 316 1052 cum
342 1021 532 1063 palaestritis
557 1031 651 1060 aequo
671 1021 748 1059 jure
773 1023 836 1052 dis-

101 1069 232 1104 ceptare
246 1063 357 1096 liceat.
375 1065 395 1084 «-
411 1075 461 1096 res
478 1066 550 1106 ipsa
565 1065 700 1102 dieitur,
716 1066 837 1106 discep-

101 1111 186 1145 tare,
205 1107 245 1139 de
269 1119 334 1148 qua
350 1114 401 1140 est
417 1109 666 1147 coutroversia3
694 1109 837 1151 ing-ynn-

101 1150 150 1182 κᾶν
165 1152 233 1182 ἀντὶ
246 1153 435 1186 παθητικοῦ.
455 1153 495 1183 ad
512 1153 588 1183 Div.
606 1163 637 1182 x.
656 1155 704 1184 lo.
718 1163 836 1192 quam-

102 1203 203 1234 quam
220 1197 254 1226 in
272 1206 340 1227 uno
352 1197 466 1238 praelio
483 1197 591 1227 omnis
605 1195 741 1227 fortuna
753 1197 833 1236 reip.

97 1238 264 1280 disceptat.

145 1282 354 1324 Disceptatio.
379 1283 497 1314 Partit.
513 1286 567 1315 30.
591 1293 630 1314 ex
647 1283 785 1314 rationis
800 1288 835 1314 et

100 1335 142 1356 ex
158 1327 362 1358 firmamenti
376 1327 587 1358 conflictione
596 1334 630 1358 et
646 1328 738 1367 quasi
756 1337 834 1357 eon-

102 1380 203 1401 eursu
219 1372 361 1411 quaestio
383 1373 534 1402 exoritur
548 1371 715 1411 quaedam,
732 1381 832 1410 qnam

98 1413 358 1454 disceptationem
375 1424 475 1446 voco:
502 1415 536 1445 in
561 1424 627 1454 qua
642 1415 722 1454 quid
737 1415 834 1445 deve-

98 1458 172 1488 niat
189 1459 415 1497 injudicium,
432 1464 466 1489 et
479 1459 519 1489 de
535 1468 600 1498 quo
612 1459 832 1499 disceptetur,

99 1502 203 1541 quaeri
226 1502 321 1534 solet.
346 1503 423 1543 Agr.
441 1503 475 1533 ii.
492 1505 543 1534 521.
569 1502 662 1533 nulla
676 1503 831 1542 discepta-

97 1546 180 1576 tione
193 1555 240 1577 sc.
257 1546 470 1586 adjudicem.
495 1547 559 1577 Off.
577 1547 598 1577 i.
620 1549 669 1577 ll.
694 1546 760 1576 duo
775 1556 832 1586 ge-

99 1589 413 1629 neradecertandn
449 1590 592 1621 alterum
609 1600 669 1630 per
684 1589 764 1627 vim,
785 1591 833 1621 al-

96 1639 209 1665 terum
232 1644 292 1675 per
314 1635 585 1674 disceptatimiem.
623 1634 702 1674 Agr.
730 1635 776 1665 iii.
803 1638 830 1664 1.

96 1677 291 1716 aequitatem
317 1684 436 1709 vestrae
462 1678 699 1718 disceptationis
717 1678 830 1719 (vestri

89 1719 226 1761 judieii)
250 1722 479 1753 retinuissent.
503 1724 523 1743 ²*
540 1722 658 1752 Partit.
690 1723 737 1752 12.
764 1723 829 1752 dis-

94 1767 232 1806 ceptatio
247 1765 402 1805 legitima
418 1778 425 1795 x
449 1766 632 1806 opponitur
646 1765 770 1796 liberae.

138 1808 357 1850 Disceptaeor.
382 1810 470 1840 Part.
499 1813 530 1841 3.
561 1810 752 1850 disceptator
778 1814 829 1840 est

95 1853 143 1883 rei
166 1854 411 1893 sententiaeque
436 1853 637 1883 moderator.
654 1853 780 1884 Caecin.
796 1857 826 1885 2.

93 1896 288 1937 disceptatm·
303 1896 530 1935 domesticus;
555 1896 595 1927 de
618 1897 742 1928 arbitro
769 1896 828 1927 ho-

95 1941 238 1971 norario.
262 1940 370 1971 Flace.
386 1943 439 1972 38.
462 1941 707 1981 dLeceptatmcm
723 1951 828 1982 popu-

95 1982 165 2014 lum
184 1993 252 2014 non
266 1993 405 2015 recuso:
431 1985 452 2014 i.
471 1984 674 2023 e.judieem.

137 2026 308 2065 Discessim
324 2037 431 2068 genus
446 2028 625 2058 sententia!
648 2028 684 2058 in
707 2031 825 2058 senatu

94 2070 318 2110 declarandae,
346 2080 422 2102 cum
450 2071 549 2101 dietis
577 2071 754 2102 sententiis
785 2072 826 2102 ab

92 2114 145 2153 ἰίε,
161 2115 219 2154 qui
235 2125 275 2146 eo
290 2115 364 2146 loeo
379 2119 503 2152 essent,
519 2119 558 2145 ut
582 2115 761 2146 sententiae
777 2115 827 2145 di-

94 2158 208 2190 cendae
219 2159 277 2198 jos
288 2159 466 2196 haberent,
477 2159 504 2189 si
517 2168 590 2188 eam
607 2163 720 2189 essent
731 2168 826 2198 roga-
861 2167 876 2196 J

90 2203 133 2240 ti,
148 2203 302 2234 consules
325 2203 481 2243 juberent
496 2202 638 2241 reliquos
654 2206 825 2233 senatores

90 2246 252 2278 discedere
266 2247 308 2278 ad
322 2257 400 2277 enm
412 2246 536 2283 locum,
550 2246 605 2276 ubi
619 2251 707 2276 esset
721 2245 825 2277 alieu-

83 2288 143 2330 jus
158 2291 337 2322 sententiaa
353 2291 583 2331 pronunciatae
601 2293 730 2320 auctor.
750 2289 824 2320 Hoc

89 2332 223 2374 planius
249 2334 437 2375 explicatur
461 2335 497 2365 in
523 2333 692 2364 Pedarius.
714 2332 824 2364 Locus

91 2377 245 2418 inprimis
261 2378 418 2409 notabilis
445 2382 496 2408 est
522 2378 555 2408 in
579 2377 673 2407 Verr.
701 2376 742 2407 iv.
770 2377 823 2408 65.

90 2421 135 2452 ad
149 2421 226 2452 Div.
244 2422 266 2454 i.
284 2424 315 2453 2.
339 2426 417 2452 ante
436 2432 471 2452 se
495 2425 648 2462 oportere
663 2421 824 2451 discessio-

89 2474 165 2496 nem
184 2465 308 2503 faeere,
323 2475 423 2506 quam
452 2463 625 2501 Consules,
643 2464 664 2494 i.
680 2474 709 2494 e.
725 2473 760 2494 se
782 2473 822 2495 ex

90 2507 253 2540 relatione
267 2519 328 2540 sua
347 2509 424 2550 (vid.
443 2520 494 2550 ep.
518 2512 542 2538 1.
547 2516 557 2547 )
571 2508 690 2546 jubere
703 2506 822 2537 debere

87 2552 307 2584 discessionem
324 2554 357 2584 in
375 2553 560 2584 sententias
572 2563 612 2582 ex
633 2561 693 2581 sua
709 2551 822 2582 relati—

87 2605 153 2626 one
169 2596 288 2628 dictas.
304 2597 383 2627 ibid.
400 2600 432 2628 4.
449 2606 548 2627 nemo
565 2599 627 2632 est,
643 2595 699 2634 qui
716 2596 822 2625 nesei-

89 2643 138 2677 at,
162 2649 229 2680 quo
253 2641 364 2672 minus
390 2641 534 2671 discessio
556 2640 663 2675 tieret,
681 2647 741 2678 per
765 2639 822 2668 ad-

87 2684 248 2716 versarios
273 2689 350 2715 tuos
381 2694 452 2715 esse
478 2685 616 2714 factum.
649 2683 740 2712 Sext.
767 2684 820 2712 34.

87 2726 232 2758 discessio
244 2727 317 2758 sine
345 2727 414 2758 ulla
431 2729 600 2758 varietate.
625 2724 709 2756 Phil.
725 2725 771 2755 iii.
789 2729 820 2759 9.

86 2769 213 2801 SCtum
240 2771 281 2802 de
303 2772 547 2812 supplicatione
577 2780 634 2811 per
663 2769 835 2799 discessio„

86 2821 163 2844 nem
185 2814 279 2852 fecit,
305 2825 382 2846 cum
412 2815 444 2846 id
471 2815 598 2845 sactum
624 2817 712 2844 esset
741 2818 820 2842 ante

85 2865 272 2898 nunquam.
288 2869 318 2888 v.
334 2858 420 2889 Geli.
437 2859 484 2889 iii.
503 2862 551 2889 18.

129 2903 309 2936 Dicemus.
327 2903 428 2934 Doin.
445 2904 496 2934 32.
509 2903 646 2934 discessu
663 2909 738 2931 meo
753 2912 759 2930 :
786 2898 818 2930 h.

1542 99 1621 144 275

891 200 921 221 e.
938 202 1014 222 eum
1042 203 1104 232 ego
1120 194 1335 225 discessissem.
1359 194 1460 227 ‘Ath
1483 198 1538 227 vii.
1568 199 1617 228 12.

889 244 950 264 nec
979 246 1055 266 eum
1081 246 1190 267 rerum
1209 237 1370 278 prolatio,
1398 248 1458 269 nec
1481 247 1616 271 temtus

889 279 1212 319 magistratuumque
1236 281 1388 312 discessus
1403 296 1447 304 —·
1457 283 1614 315 tardabit.

888 321 965 352 ibid.
986 323 1042 353 xii.
1060 326 1112 353 40.
1130 323 1155 353 si
1174 324 1245 362 quis
1259 325 1409 363 requirit,
1426 335 1485 355 eur
1502 326 1615 357 Rome

888 374 953 396 non
971 367 1033 397 sim
1049 377 1055 395 :
1081 367 1158 405 quia
1174 366 1325 397 discessus
1340 375 1401 398 est.
1439 367 1509 398 viri
1525 368 1612 401 docti

888 408 1154 450 interpretantur
1170 409 1210 439 de
1225 415 1387 450 tempore,
1403 420 1467 449 quo
1482 418 1612 443 senato-

887 462 936 483 res
952 453 1110 484 discedere
1121 452 1284 489 solebant,
1296 453 1382 491 quod
1395 459 1526 484 senatus
1539 456 1614 486 nul-

887 495 936 526 lus
952 497 1140 527 haberetur.
1186 496 1250 526 Sed
1274 496 1421 526 Gra-vius
1444 507 1462 526 e
1489 498 1610 528 Ballio-

886 539 968 571 lensi
988 541 1150 571 malebat:
1176 541 1387 575 discessimus,
1404 540 1490 579 quod
1516 541 1611 572 dubi-

884 587 984 622 tarot,
1001 585 1136 615 verbum
1164 583 1226 613 hoe
1249 583 1375 614 nudum
1402 584 1442 612 de
1463 591 1610 624 tempore

885 627 948 658 dici
967 638 1071 668 posse.
1094 628 1113 646 ‘
1127 628 1227 658 Tusc.
1245 628 1266 657 i.
1284 629 1336 660 99.
1359 631 1410 657 est
1424 628 1513 657 enim
1528 629 1612 658 inte-

885 672 980 708 ritus,
1003 672 1094 711 quasi
1111 672 1265 701 discessus
1290 676 1323 700 et
1339 671 1480 700 secretio
1505 677 1535 700 et
1565 671 1612 701 di-

885 717 992 755 reptio
1015 725 1128 746 earum
1159 715 1315 755 partium.
1342 716 1419 743 Seu.
1446 724 1476 754 p.
1500 714 1539 744 R.
1563 718 1609 745 10.

883 759 1036 790 discessus
1051 759 1090 788 de
1108 759 1225 799 patria.
1249 759 1267 776 θ
1282 757 1374 798 Qnir.
1398 767 1428 797 p.
1456 758 1495 788 R.
1521 761 1551 788 3.
1575 759 1606 788 in

883 802 1019 833 dist-ussa
1036 803 1158 832 civium
1174 814 1180 831 :
1207 802 1260 831 ubi
1277 806 1389 831 tamon
1407 800 1462 831 :dii
1479 801 1606 832 dissen-

882 856 932 876 su.
958 850 977 867 *
989 847 1142 876 discessus
1155 846 1240 876 ‹wi-li.
1258 855 1286 875 v.
1303 846 1434 874 ‹fu-inm.

925 889 1126 926 Discidium,
1152 889 1323 919 distractio
1355 898 1464 918 rerum
1497 892 1531 918 et
1556 898 1608 919 se—

874 934 1028 972 jun‹·tio:
1064 933 1244 971 disjunctio
1266 932 1440 962 hominum
1465 941 1532 962 non
1556 942 1607 962 so-

880 977 949 1008 luux
967 977 1100 1015 animis,
1115 976 1174 1007 sed
1189 976 1290 1007 etiam
1308 975 1508 1014 corporibus.
1530 976 1606 1006 Aa.

881 1031 930 1053 xv.
956 1022 1008 1055 29.
1031 1021 1253 1051 constitutum
1278 1025 1328 1049 est
1350 1019 1539 1051 discidium.·
1565 1019 1606 1049 de

879 1064 1032 1095 divortio.
1076 1064 1129 1094 Sic
1156 1063 1233 1094 ibid.
1251 1064 1294 1093 xi.
1311 1065 1364 1094 23.
1388 1061 1506 1092 melius
1533 1063 1607 1101 qui-

878 1108 954 1138 dem
971 1109 1005 1138 in
1021 1107 1172 1148 pessimis
1189 1106 1272 1137 nihil
1287 1106 1352 1136 fuit
1366 1106 1506 1136 discidio.
1539 1106 1605 1136 Sed

879 1152 978 1182 Dom.
994 1152 1046 1182 36.
1070 1151 1239 1182 discidium
1261 1149 1410 1189 conjugis
1426 1149 1550 1180 dicitur
1564 1149 1605 1179 de

876 1195 1099 1233 sejunctione,
1115 1204 1188 1234 quae
1205 1203 1244 1224 eo
1265 1199 1417 1233 tempore
1433 1191 1509 1229 fuit,
1525 1202 1603 1223 cum

878 1240 995 1270 Cicero
1012 1239 1152 1269 maritus
1174 1239 1208 1267 in
1234 1237 1331 1268 exilio
1342 1241 1440 1266 esset.
1464 1236 1565 1267 Acad.
1583 1237 1605 1266 i.

881 1284 929 1313 12.
953 1283 1083 1319 docere,
1098 1281 1187 1321 quod
1208 1286 1243 1311 et
1259 1290 1324 1320 qua
1339 1280 1378 1309 de
1394 1289 1492 1310 causa
1513 1280 1607 1310 disci-

875 1327 966 1357 dium
982 1326 1110 1357 factum
1127 1326 1193 1364 sit3
1217 1330 1255 1355 ut
1278 1324 1463 1360 videamus,
1479 1323 1604 1353 satisne.

869 1371 965 1410 justa
988 1371 1033 1401 sit
1058 1370 1124 1400 ista
1139 1369 1292 1399 defectio.
1347 1368 1440 1407 Saepe
1457 1367 1490 1397 in
1514 1366 1605 1397 libris

875 1413 1130 1444 confunduntur
1141 1413 1308 1443 discidium
1322 1416 1355 1441 et
1366 1410 1548 1440 dissidium.
1564 1411 1605 1441 de

876 1456 996 1488 horum
1014 1457 1188 1488 verborum
1214 1455 1404 1485 discrimine
1419 1459 1452 1483 et
1470 1464 1603 1494 perniu-

875 1502 1005 1531 tatione
1028 1501 1091 1531 vid.
1107 1500 1180 1530 fuse.
1195 1503 1230 1529 et
1254 1502 1407 1529 accurate
1429 1497 1604 1538 disputan-

874 1550 944 1575 tem
960 1544 991 1575 J.
1017 1544 1068 1575 Fr.
1093 1544 1235 1574 Gronov.
1259 1542 1299 1572 ad
1327 1542 1397 1572 Liv.
1415 1549 1489 1571 xxv.
1512 1543 1560 1571 18.
1583 1550 1604 1571 a

874 1599 940 1627 quo
970 1589 1131 1629 repetiere
1169 1586 1309 1616 eandem
1339 1585 1602 1615 observationem

874 1632 1024 1662 Graevins
1048 1631 1089 1662 ad
1106 1631 1301 1661 Ciceronem
1326 1629 1446 1670 passim
1473 1635 1508 1658 et
1533 1627 1602 1658 alii.

872 1676 1003 1716 Nempe
1018 1677 1052 1706 in
1069 1675 1204 1705 dissidio
1215 1681 1266 1704 est.
1277 1676 1410 1703 tantum
1423 1671 1601 1702 dissensio:

873 1720 906 1750 in
923 1720 1054 1750 discidio
1069 1724 1182 1748 autem
1196 1717 1372 1755 sejunctio.
1418 1714 1490 1745 Hac
1506 1724 1605 1755 regu-

872 1763 906 1794 la
921 1763 960 1793 de
978 1763 1168 1793 discrimine
1190 1760 1315 1790 discidii
1341 1763 1373 1789 et
1397 1758 1521 1789 dissidii
1547 1758 1604 1789 de·

871 1807 962 1837 cerni
994 1808 1098 1836 etiam
1133 1809 1245 1846 potest
1281 1803 1321 1833 de
1352 1802 1495 1833 lectione
1525 1811 1603 1833 vera

869 1851 964 1882 Orat.
981 1851 1027 1881 iii.
1048 1850 1096 1880 16.
1120 1848 1198 1879 hinc
1222 1847 1392 1878 discidium
1417 1845 1499 1876 illud
1519 1846 1603 1876 exti-

869 1895 926 1933 tit,
947 1894 1039 1935 quasi
1060 1893 1184 1932 lingum
1200 1896 1299 1930 atque
1325 1889 1530 1926 cordis‚—ut
1544 1888 1601 1919 alii

870 1948 930 1968 nos
951 1947 1079 1978 sapere,
1105 1936 1159 1966 alii
1188 1934 1298 1965 dicere
1323 1933 1501 1963 docerent:
1542 1932 1600 1962 ubi

869 1981 949 2012 olim
966 1981 1141 2018 legebatur
1156 1978 1328 2009 dissidium
1344 1989 1350 2006 :
1376 1975 1462 2006 male
1489 1974 1597 2015 profe-

869 2032 934 2056 eto.
981 2025 1057 2056 Non
1081 2024 1170 2054 enim
1188 2021 1344 2052 dissidere
1359 2019 1475 2058 lingua
1489 2024 1525 2049 et
1541 2028 1600 2049 cor

869 2069 1041 2106 dicuntur,
1058 2067 1116 2096 sed
1131 2065 1289 2104 disjungi,
1304 2063 1336 2094 h.
1352 2061 1598 2103 e.philosophia

868 2118 903 2144 et
918 2111 1110 2151 eloquentia
1130 2120 1190 2150 pro
1207 2108 1334 2139 duabus
1348 2106 1483 2137 diversis
1499 2113 1535 2136 et
1547 2115 1600 2136 se-

869 2156 992 2187 'unctis
1008 2155 1134 2186 artibus
1150 2152 1272 2183 haberi.
1298 2150 1362 2180 Sed
1376 2156 1411 2180 et
1425 2149 1596 2180 discidium

868 2210 926 2240 pro
953 2198 1088 2230 dissidio
1119 2195 1286 2227 interdum
1317 2199 1444 2224 temere
1475 2193 1596 2232 reposi-

866 2249 941 2274 tum
957 2248 1019 2273 est.
1034 2252 1065 2271 v.
1082 2241 1123 2271 ad
1142 2239 1223 2269 Sull.
1240 2240 1293 2270 ⁰21.
1316 2242 1350 2267 et
1375 2235 1456 2266 Lael.
1481 2238 1534 2266 ⁶21.
1560 2236 1597 2266 in

867 2287 940 2317 his:
967 2296 1007 2317 ne
1038 2295 1105 2325 qua
1129 2292 1245 2313 eorum
1279 2280 1414 2312 discidia
1451 2280 1548 2317 fiant,
1576 2289 1594 2309 a

867 2331 1009 2368 Graevio,
1038 2333 1076 2359 ut
1101 2328 1184 2357 bene
1217 2329 1332 2356 monet
1356 2322 1528 2355 Drakenb.
1554 2322 1596 2354 ad

867 2375 938 2406 Liv.
953 2383 1024 2404 xxV.
1045 2373 1092 2403 18.

909 2417 1070 2456 Discingi.
1085 2414 1124 2444 ad
1137 2413 1201 2454 Qu.
1214 2412 1265 2442 Fr.
1282 2412 1315 2442 ii.
1332 2413 1380 2441 13.
1394 2409 1517 2447 Caesar,
1533 2410 1597 2440 mi·

864 2461 900 2492 hi
923 2459 1032 2496 crede,
1050 2459 1084 2489 in
1101 2458 1177 2487 sinu
1199 2461 1270 2486 est:
1307 2463 1415 2492 neque
1442 2463 1505 2491 ego
1531 2454 1595 2484 dis-

864 2507 998 2543 cingor:
1031 2502 1063 2533 h.
1088 2512 1118 2532 e.
1147 2509 1255 2539 neque
1281 2498 1430 2528 desinam
1454 2506 1532 2527 eum
1560 2497 1594 2527 in

864 2550 938 2579 sinu
957 2552 1098 2585 gestare.
1115 2544 1200 2576 Nam
1211 2543 1267 2582 qui
1282 2542 1524 2580 discinguntur,
1542 2540 1595 2578 iis,

864 2601 937 2632 quoe
957 2581 997 2621 *in
1013 2590 1089 2620 sinu
1106 2587 1243 2624 habent,
1267 2584 1439 2615 excidunt.
1463 2584 1518 2613 Sic
1544 2584 1595 2614 in-

862 2639 1070 2675 terpretatur
1081 2631 1184 2661 etiam
1202 2628 1387 2660 Manutius.
1433 2626 1594 2657 Ceterum

865 2678 945 2709 inihi
963 2677 1094 2707 videtur
1109 2684 1179 2704 esse
1197 2674 1294 2713 jocus
1311 2681 1350 2702 ex
1370 2670 1542 2710 ambiguo,
1559 2670 1594 2700 in

863 2722 961 2752 verbo
976 2720 1123 2758 discingi.
1172 2717 1300 2756 Nempe
1315 2714 1460 2745 discincti
1476 2713 1593 2744 dicun—

863 2771 920 2796 tur
932 2764 1082 2795 homines
1096 2760 1316 2801 negligentes,
1329 2767 1441 2788 rerum
1456 2765 1594 2787 suarum

864 2817 980 2850 parum
1006 2805 1140 2843 curiosi,
1168 2803 1298 2834 securi:
1335 2801 1422 2832 unde
1448 2800 1595 2831 ‹liscinch'

863 2856 1014 2893 nepotes,
1031 2849 1137 2889 qualis
1153 2848 1386 2879 Nomentanus
1409 2843 1497 2884 apud
1523 2843 1594 2874 Ηυ-

863 2897 985 2928 ratium
1024 2893 1114 2925 Laxo
1142 2892 1219 2923 sinu
1248 2889 1335 2921 serre
1373 2896 1474 2919 nuces
1506 2885 1609 2927 apud.
