1804 3178
606 95 764 127 *mnis-,x
795 97 1089 129 Larmtrarts.

108 189 236 225 unns,
258 188 368 227 aptus.
397 183 510 217 'Han
532 183 574 216 R.
597 186 652 216 28.
682 185 842 225 suffragia

108 231 273 271 incripta
287 234 450 261 tenentur
461 238 482 259 a
495 229 629 269 paucis:
654 228 688 259 h.
701 239 730 259 e.
742 230 839 269 pauci

111 274 246 314 quidam
263 278 298 304 et
314 278 469 314 potentes
483 272 636 303 homines
656 272 704 303 ita
717 272 842 303 habeut

109 318 147 349 in
163 327 224 348 sua
243 321 409 358 potestate
430 316 590 354 suffragia
611 317 842 346 centuriarum

111 364 147 392 et
175 361 346 399 tribuum,
368 365 407 390 ut
437 360 557 398 cuique
589 359 756 399 imperent
788 360 842 390 cui

110 405 309 444 suffrag-ium
331 403 410 434 dare
432 403 548 432 velint.
578 412 608 432 v.
622 404 731 434 Graev.
747 403 789 434 ad
808 403 841 434 h.

110 447 135 479 l.
150 448 238 479 male
253 446 332 478 olim
348 446 522 485 legebatur
544 446 718 485 districta;
743 447 842 486 quod,

110 497 152 522 ut
167 497 281 522 cetera
295 490 499 529 hujusmodi,
515 491 657 520 servavit
675 500 759 520 nova
777 490 842 521 lta-

110 534 220 566 lorum
232 534 334 564 editio
345 533 513 565 Nizoliani
525 533 686 564 thesauri.
702 534 721 552 Ῥ
730 534 842 565 Plane.

109 579 164 611 90.
199 585 326 608 vocate
351 578 472 615 tribus,
495 577 601 608 latum
633 577 842 617 suffragium,

109 620 278 661 deiru-que
291 621 411 658 tribus,
426 622 642 651 renunciate.
680 620 773 651 Nihil
789 621 842 651 hie

109 664 323 705 interpretes.
370 664 399 695 E
429 664 510 694 Cod.
534 664 603 695 Erf.
628 668 722 694 notat
751 664 843 695 Grae-

107 708 182 739 vius
205 707 359 739 diribitae.
403 709 468 738 Sed
490 718 530 738 ea
552 707 652 738 lectio
668 707 763 738 nihili
781 713 843 738 est.

108 751 268 783 Diribitio
294 752 386 782 enim
412 752 555 782 refertur
580 751 622 781 ad
643 751 843 781 tabellarum

111 794 404 826 distributionem:
442 795 522 834 quid
552 800 666 824 autem
697 795 844 825 diribitio

110 842 188 880 post
215 839 375 878 suffr-agia
410 837 501 868 lata?
550 838 748 877 Cogitabam
786 838 845 868 ali-

110 882 246 922 quando
269 882 439 912 diremtae:
472 891 513 912 ex
538 891 604 920 quo
631 882 701 912 fieri
732 883 845 921 potnit

111 925 274 956 diribitae:
299 925 364 955 Sed
379 925 544 965 descriptae
563 926 664 955 etiam
686 925 843 965 explicari

110 971 232 1010 potest.
276 968 408 1009 Nempe
439 974 514 1008 post
539 968 609 999 lata
631 968 788 1007 suffragia
810 974 844 999 et

110 1011 268 1050 diremta,
284 1014 420 1052 punctis
441 1012 644 1042 notabantur
658 1013 693 1042 in
709 1012 844 1051 tabulis,

110 1055 201 1086 unde
222 1059 387 1096 punctum
418 1065 477 1095 pro
506 1056 673 1095 suffragio.
705 1066 734 1085 v.
759 1065 844 1096 pun-

111 1102 217 1130 emm.
256 1099 290 1129 id
320 1099 384 1129 dici
413 1099 586 1129 commode
611 1109 704 1139 posse
727 1105 843 1139 putem

107 1143 218 1173 tribus
238 1142 434 1173 describere.
479 1143 674 1173 Describere
697 1143 762 1173 dici
786 1153 845 1183 pro

111 1186 148 1217 in
171 1185 303 1217 tabulas
327 1186 462 1223 referre,
479 1186 576 1216 docet
598 1186 786 1226 Schulting.
804 1186 846 1216 ad

111 1229 273 1270 Calpurn.
288 1230 441 1261 Deciani.
457 1231 641 1269 subjectam
664 1229 846 1270 Quinctili-

111 1275 205 1304 aneis
228 1283 260 1314 p.
277 1276 351 1308 794.
382 1273 515 1304 *Donn
534 1276 563 1304 5.
595 1283 672 1303 cum
696 1273 846 1303 decuria-

109 1320 163 1348 tos
178 1326 218 1347 ac
232 1317 399 1357 descriptos
423 1317 560 1347 haberes
583 1317 749 1346 exercitus
771 1326 846 1357 per-

111 1360 280 1391 ditorumz
319 1361 354 1390 in
382 1370 446 1400 quo
469 1360 648 1401 descriptus
669 1360 756 1390 idem
781 1365 845 1397 est,

110 1404 200 1443 quod
216 1404 418 1435 decoriatus.
444 1413 523 1434 nam
538 1403 774 1434 describuntur
785 1405 846 1433 mi-

108 1447 199 1486 lites,
223 1457 300 1478 cum
328 1447 545 1478 decutiantur
569 1451 629 1478 aut
653 1449 847 1477 centurian-

108 1493 180 1527 ων,
205 1500 251 1521 sc.
275 1491 311 1520 in
339 1490 490 1521 decurias
514 1496 550 1521 et
577 1491 756 1521 centurias.
786 1500 846 1531 pro

111 1533 311 1571 describere,
342 1534 405 1564 hoc
443 1543 543 1565 sensu
581 1533 706 1564 dicitur
743 1535 845 1564 etiam

111 1577 333 1616 conscribere,
352 1578 466 1608 Plane.
484 1581 533 1608 18.
558 1587 636 1608 nam
654 1587 730 1607 cum
746 1577 846 1607 decu-

111 1621 257 1658 riantur,
274 1622 552 1659 conscribuntur;
572 1630 619 1651 sc.
632 1622 666 1651 in
683 1621 846 1652 decurias.

110 1673 144 1695 v.
159 1665 380 1696 conscribere.

155 1707 326 1740 Deserere.
354 1707 426 1739 Att.
450 1708 497 1739 iii.
524 1711 573 1742 19.
603 1716 671 1738 non
699 1707 847 1738 deseram

111 1760 226 1793 preces
242 1752 366 1790 fratris,
385 1762 447 1782 nee
463 1755 651 1782 ceterorum
670 1751 846 1792 promissa,

110 1804 174 1826 nec
202 1805 296 1836 spem
328 1796 452 1834 uxoris,
483 1805 546 1825 nec
581 1795 845 1825 obsecrationem

111 1839 205 1877 filioe,
229 1848 291 1869 nec
314 1839 428 1870 fideles
450 1839 562 1870 literas
585 1843 672 1869 tuas.
700 1839 801 1870 Tusc.
824 1839 846 1869 i.

111 1883 169 1914 46.
191 1882 320 1913 tardius
334 1883 457 1914 deseret
473 1882 564 1913 fama
579 1882 748 1913 Curtium.

158 1925 343 1963 Deservire,
363 1926 398 1956 in
421 1926 543 1956 bonam
567 1930 603 1956 et
625 1925 749 1956 malam
771 1935 847 1966 par-

111 1973 184 2001 tem
206 1970 341 2000 dicitur.
370 1969 465 2000 Verr.
481 1970 528 2000 iii.
544 1972 598 2003 98.
628 1970 656 2000 si
679 1969 771 2000 vobis
793 1969 847 1999 de-

110 2013 259 2044 serviunt
275 2023 336 2043 suo
358 2012 481 2044 labore.
513 2012 595 2043 Suu:
613 2017 643 2047 9.
675 2013 702 2043 si
725 2012 847 2052 vigiliae

112 2065 198 2088 meae
213 2056 396 2088 deserviunt
418 2057 545 2087 amieis.
574 2056 694 2086 Pan-tit.
711 2057 765 2088 20.
794 2056 848 2086 de-

109 2101 234 2131 servire
248 2101 346 2131 rebus
359 2100 471 2131 sacris.
488 2100 510 2130 i.
527 2109 556 2130 e.
572 2099 760 2130 studiosum
777 2109 847 2129 esse

112 2143 294 2184 religionis.
317 2144 413 2174 Offie.
425 2144 446 2174 i.
459 2146 510 2175 30.
534 2143 638 2174 cuivis
653 2143 846 2173 deserviant.

112 2187 209 2226 dum,
238 2187 327 2227 quod
357 2187 475 2224 velint,
506 2191 767 2225 consequantur.
805 2186 847 2217 ad

112 2229 192 2263 Div.
207 2231 264 2262 xii.
280 2233 312 2262 2.
335 2231 495 2262 descivit-e
508 2230 630 2260 latroni
648 2230 708 2260 &c.

158 2273 380 2306 Desideraln'oe
401 2274 584 2315 opponitur
606 2273 651 2312 ei,
668 2283 734 2313 quo
750 2272 847 2304 facile

115 2324 241 2349 careas.

158 2360 329 2399 Desidere,
351 2360 490 2391 verbum
516 2359 687 2400 proprium
711 2358 752 2389 de
773 2358 847 2390 labe

113 2406 226 2436 terrae.
264 2404 340 2436 Div.
366 2404 387 2434 i.
410 2407 463 2434 35.
485 2406 538 2434 43.
586 2404 702 2434 Utitur
729 2403 847 2433 eodem

112 2448 214 2478 verbo
236 2447 278 2478 de
300 2448 363 2478 hac
379 2458 413 2478 re
428 2447 544 2478 Livius
561 2447 660 2477 xxxii.
677 2451 709 2481 9.
740 2447 798 2477 ubi
814 2455 845 2476 v.

114 2491 289 2524 Drakenb.

159 2534 356 2566 Desidiosus.
386 2536 443 2565 Or.
464 2535 510 2565 iii.
534 2536 586 2565 ²23.
616 2533 769 2563 desidiosa
790 2533 848 2563 ob-

115 2576 252 2609 lectatio
273 2579 437 2609 tribuitur
462 2578 514 2615 iis,
538 2577 592 2616 qui
621 2577 684 2606 toti
708 2581 789 2607 sunt
812 2577 848 2606 in

114 2620 234 2659 literis,
251 2631 312 2652 nec
328 2620 568 2662 rempublicam
585 2625 718 2650 curant.

159 2663 359 2704 Desigmre.
381 2665 461 2697 Nat.
477 2665 520 2695 D.
538 2665 559 2694 i.
581 2667 628 2695 13.
653 2662 847 2694 Aristoteles

113 2707 261 2747 quodam
277 2708 350 2739 loco
372 2708 537 2739 mundum
559 2708 709 2746 desig-nae
724 2706 848 2737 Deum.

114 2751 195 2782 ibid.
223 2754 274 2782 ll.
310 2752 523 2792 Anaxagoras
553 2751 704 2781 omnium
735 2759 848 2779 rerum

115 2794 374 2835 descriptionem
389 2800 425 2825 et
446 2794 582 2826 modum
598 2794 720 2824 mentis
735 2792 849 2823 infini-

113 2842 161 2912 ἴα
175 2839 208 2868 vi
224 2847 263 2869 ac
277 2839 408 2870 ratione
422 2839 590 2879 designari
605 2843 641 2870 et
659 2836 779 2868 confici
794 2846 850 2867 vo-

132 2881 194 2912 uit.

1526 95 1608 137 26⁸

928 185 1134 227 Dalmatio,
1146 187 1328 230 dispositio,
1337 189 1520 224 collocatio.
1535 194 1609 227 Λα.

883 229 925 259 ἰν.
948 232 979 261 4.
1009 231 1154 261 offendes
1181 234 1399 273 designatione
1424 234 1607 274 Tyrannio-

883 273 935 303 nis
952 273 1129 304 mirificam
1146 275 1302 307 librorum
1327 287 1477 308 meorum
1493 279 1608 311 biblio-

883 316 1033 348 thecam.

929 359 1141 400 Designaeor.
1171 361 1242 390 Att.
1259 362 1299 392 iv.
1317 365 1346 392 3.
1376 368 1450 403 post
1466 364 1525 394 has
1541 367 1610 396 rui·

884 412 944 433 nas
955 403 1105 434 desertus
1118 414 1136 434 a
1148 404 1215 433 suis
1228 405 1356 444 vixjam
1371 407 1545 438 Decimum
1556 409 1608 437 de-

883 448 1094 486 signatorem,
1111 449 1163 478 vix
1180 447 1324 478 Gallium
1341 450 1474 480 retinet.
1515 450 1610 482 Desi-

882 495 1005 530 gnator
1019 496 1069 521 est
1086 494 1219 521 curator
1237 495 1272 521 ct
1294 492 1418 522 arbiter
1440 494 1562 524 ordinis
1576 500 1612 526 ct

886 534 948 565 loci
962 535 995 565 in
1009 534 1095 565 ludis
1107 539 1141 565 et
1153 535 1364 575 spectaculis,
1378 535 1408 565 h.
1422 546 1450 565 e.
1468 538 1520 575 qui
1535 539 1611 568 uni-

885 579 1003 618 cuique
1019 588 1117 609 suum
1139 578 1250 609 locum
1264 578 1430 618 designat,
1447 580 1532 618 quod
1554 590 1611 620 ge-

887 631 948 652 nus
965 622 1139 652 hominum
1155 631 1214 652 nos
1239 621 1446 652 Mars-chaeur·
1468 623 1613 664 appella-

886 674 981 703 mus;
1007 666 1086 695 item
1101 666 1135 695 in
1150 666 1400 702 certaminibus,
1412 666 1466 705 qui
1481 666 1566 706 leges
1578 675 1613 698 ct

885 709 1023 747 praemia
1046 708 1128 738 dant
1150 709 1321 748 agonistis.
1352 709 1392 739 dc
1416 709 1465 739 bis
1494 720 1523 740 v.
1547 711 1612 741 Bu-

887 751 1010 789 daeum,
1029 752 1192 792 Lipsium,
1219 752 1372 789 fabrum,
1395 763 1476 792 qnos
1500 753 1615 785 laudat

887 794 992 825 Graev.
1010 795 1051 825 ad
1065 795 1098 825 h.
1115 795 1136 826 l.
1153 798 1186 825 ct
1202 795 1278 824 hinc
1297 796 1439 826 Lexicon
1460 796 1563 827 Fabri.

930 838 1144 878 Designatus.
1177 838 1215 868 de
1234 840 1481 877 magistratibus
1499 849 1619 876 recens,

887 882 1007 912 creatis
1037 881 1128 912 locus
1157 882 1312 912 classicus
1342 886 1392 912 est
1422 883 1554 914 Muren.
1585 887 1614 915 1.

887 924 1010 956 Consul
1035 926 1221 965 designatus
1250 935 1270 955 a
1291 926 1412 966 populo
1435 926 1614 967 suffragiis,

886 968 1074 999 declaratus
1099 975 1212 999 autem
1245 969 1295 998 vel
1328 971 1543 1000 renunciatus
1572 971 1613 1001 ab

887 1012 952 1042 alio
967 1012 1104 1043 consule
1126 1022 1216 1042 voce.
1248 1012 1326 1042 hinc
1341 1013 1513 1051 eleganter
1535 1013 1615 1044 Clu-

887 1061 956 1086 ent.
984 1059 1033 1086 ll.
1063 1057 1252 1095 designatus
1274 1056 1354 1096 rcip.
1378 1057 1468 1094 civis,
1492 1057 1532 1087 de
1563 1058 1613 1087 in-

887 1099 980 1129 sante
1003 1107 1165 1140 concepto
1188 1100 1303 1129 matris
1326 1104 1434 1137 utero,
1452 1100 1509 1130 sed
1530 1109 1614 1130 non-

887 1142 968 1172 dum
1005 1147 1096 1173 nato.
1141 1143 1159 1161 ¹*
1174 1151 1359 1182 ex1›ressuS‚
1395 1143 1615 1181 significatus.

887 1187 946 1217 Or.
962 1186 983 1216 i.
1000 1188 1053 1217 ²23.
1083 1186 1190 1216 verbis
1209 1186 1390 1224 designata.
1421 1188 1439 1204 ⁸*
1451 1187 1614 1217 coustitu-

886 1233 954 1267 tus,
985 1229 1183 1270 descriptus.
1227 1229 1307 1259 Nat.
1344 1230 1443 1260 Dcor.
1478 1230 1523 1261 iii.
1561 1234 1617 1262 35.

888 1282 973 1313 resp.
1003 1273 1132 1303 ratione
1167 1278 1201 1303 et
1230 1272 1406 1313 disciplina
1432 1274 1616 1312 desig-nata.

887 1316 1000 1347 Divin.
1026 1318 1047 1346 i.
1071 1319 1124 1348 38.
1154 1326 1261 1356 neque
1285 1315 1329 1346 dii
1354 1317 1522 1356 ignorant,
1541 1327 1616 1357 qua!

887 1360 928 1390 ab
944 1360 1023 1400 ipsis
1040 1360 1222 1390 constituta
1236 1365 1270 1390 et
1285 1360 1458 1399 designata
1472 1366 1563 1391 sunt.

930 1403 1063 1434 Desino.
1095 1403 1137 1434 ad
1153 1403 1229 1434 Div.
1246 1403 1300 1433 vii.
1323 1406 1349 1433 1.
1381 1402 1526 1434 libenter
1545 1413 1614 1435 me-

888 1446 1022 1477 hercule
1052 1451 1157 1478 artem
1183 1447 1369 1477 desinerem.
1414 1448 1466 1477 Sic
1495 1450 1529 1477 ct
1559 1446 1615 1478 alii

888 1490 1003 1521 locuti.
1034 1500 1063 1520 v.
1080 1490 1196 1521 Heius.
1212 1490 1252 1520 ad
1275 1489 1370 1520 Ovid.
1393 1490 1464 1520 Art.
1487 1490 1562 1520 Am.
1579 1491 1614 1520 ii.

887 1535 963 1568 7⁶26.
993 1534 1148 1566 Torrent.
1165 1533 1206 1563 ad
1229 1534 1320 1564 Suet.
1341 1533 1485 1567 '1'ib.:37.
1515 1533 1615 1564 Acad.

888 1577 930 1608 iv.
947 1579 1000 1609 95.
1031 1578 1147 1614 desine,
1164 1587 1287 1616 quaeso,
1311 1576 1544 1607 communibus
1567 1576 1616 1607 lo-

889 1621 955 1652 cis:
980 1621 1069 1651 domi
1085 1621 1150 1651 ista
1165 1623 1359 1651 nascuntur.

931 1663 1128 1706 Desperare.
1152 1663 1287 1694 Cluent.
1303 1666 1355 1695 25.
1380 1662 1550 1703 desperare
1564 1672 1615 1693 sa-

888 1707 964 1738 luti.
996 1709 1071 1739 Sen.
1097 1717 1130 1749 p.
1149 1707 1189 1738 R.
1209 1710 1258 1738 14.
1288 1707 1456 1748 desperare
1470 1707 1537 1737 suis
1551 1706 1617 1736 sor·

886 1752 992 1782 tunis.
1024 1751 1089 1782 Pis.
1113 1753 1167 1782 34.
1197 1760 1274 1781 cum
1305 1749 1427 1791 oppido
1454 1750 1618 1790 desperas-

887 1799 966 1826 sent.
998 1795 1087 1825 Mur.
1110 1796 1163 1826 21.
1200 1794 1261 1825 sibi
1284 1793 1344 1834 ipsi
1368 1793 1545 1834 desperare.
1576 1793 1617 1824 ad

887 1839 928 1880 Ω.
946 1838 997 1869 Fr.
1013 1839 1035 1869 i.
1049 1839 1081 1870 2.
1104 1838 1171 1868 sive
1187 1837 1410 1874 instituimur,
1426 1836 1494 1866 sive
1510 1837 1617 1876 despe-

886 1891 1018 1913 ramur.
1056 1881 1099 1912 ad
1121 1880 1197 1912 Div.
1220 1881 1278 1911 xii.
1309 1883 1357 1912 14.
1395 1889 1494 1919 quam
1523 1879 1616 1910 valde

888 1935 948 1957 nos
970 1929 1004 1956 et
1020 1935 1123 1965 remp.
1139 1925 1352 1965 desperarint.
1381 1923 1495 1954 Divin.
1511 1923 1546 1954 ii.
1562 1924 1616 1955 21.

889 1979 955 2000 non
971 1969 1100 2008 despero
1116 1969 1180 1998 ista
1194 1977 1264 1998 csse
1279 1976 1368 1997 vera.

931 2012 1131 2053 Desperatio.
1162 2011 1238 2041 Seu.
1263 2021 1296 2051 p.
1319 2010 1359 2041 R.
1384 2012 1415 2041 3.
1448 2008 1539 2039 Mur.
1561 2010 1619 2040 25.

887 2057 1063 2097 desperatio
1078 2054 1219 2096 reipubl.
1241 2054 1263 2084 i.
1284 2064 1313 2085 e.
1337 2053 1377 2084 de
1393 2051 1502 2084 salute
1517 2052 1616 2094 reip..

888 2099 928 2130 de
943 2099 1123 2140 republica.

931 2143 1143 2183 Desperatus.
1166 2141 1257 2172 Verr.
1274 2140 1308 2171 ii.
1324 2142 1377 2170 41.
1400 2139 1619 2179 deweratissi-

888 2196 980 2218 mum
1009 2185 1217 2227 perfugium:
1253 2183 1285 2214 h.
1317 2192 1346 2213 e.
1377 2192 1455 2222 quo,
1486 2182 1541 2221 qui
1574 2181 1615 2212 de

888 2240 995 2262 causa
1019 2238 1081 2259 sua
1109 2228 1208 2269 plane
1242 2227 1432 2267 desperant,
1461 2225 1618 2265 aliudque

889 2273 1080 2314 perfugium
1105 2281 1173 2302 non
1199 2270 1338 2309 habent,
1363 2269 1543 2309 confugere
1565 2278 1619 2299 so-

889 2317 973 2348 lent.

933 2359 1114 2399 Despicere.
1144 2357 1241 2388 Rosc.
1257 2357 1332 2387 Am.
1351 2359 1381 2387 8.
1413 2354 1618 2395 simulatque

889 2403 945 2434 ille
961 2403 1148 2442 despexerit.
1192 2400 1340 2431 Groevius
1356 2400 1403 2429 sic
1419 2400 1619 2439 interpreta-

888 2451 962 2477 tur:
987 2445 1087 2476 simul
1103 2455 1142 2475 ac
1158 2444 1294 2484 coeperit
1308 2442 1420 2473 oculos
1443 2446 1496 2472 tot
1518 2450 1619 2481 nego-

888 2490 944 2521 tiis
956 2491 1102 2520 intentos
1119 2496 1264 2524 movere,
1276 2491 1314 2518 ut
1326 2485 1616 2526 circumspiciens:

889 2534 1059 2573 despicere
1081 2536 1133 2561 est
1154 2530 1275 2561 videre.
1319 2528 1423 2568 Male,
1446 2538 1522 2559 mea
1544 2537 1619 2558 sen-

889 2577 1008 2607 tentia.
1053 2575 1228 2615 Despicere
1250 2582 1316 2604 non
1340 2577 1392 2603 est
1406 2571 1515 2603 videre
1538 2571 1618 2601 sim-

889 2619 1036 2661 pliciter,
1074 2618 1132 2648 sed
1176 2617 1319 2658 desuper
1361 2615 1486 2652 videre,
1523 2614 1617 2644 ‹leor-

889 2673 965 2694 sum
988 2665 1153 2703 spectare,
1176 2659 1264 2691 unde
1288 2660 1360 2700 ipsa
1381 2656 1619 2690 contemnendi

891 2707 939 2736 vis
962 2705 1107 2736 ducitur.
1153 2703 1271 2742 Neque
1300 2703 1407 2733 tribus
1438 2701 1502 2732 illis
1526 2700 1617 2738 locis,

891 2759 972 2789 quos
992 2747 1121 2785 attulit,
1137 2746 1327 2777 confirmari
1345 2748 1468 2786 potest,
1483 2744 1617 2784 despice-

890 2803 928 2823 re
942 2802 1012 2823 esse
1028 2802 1087 2832 pro
1097 2790 1208 2821 videre
1223 2789 1430 2830 simpliciter.
1452 2788 1538 2819 Nam
1554 2786 1620 2826 pri·

893 2845 967 2867 mus
983 2845 1021 2866 ex
1039 2834 1120 2865 Har.
1136 2834 1235 2875 Resp.
1257 2836 1305 2865 15.
1326 2832 1442 2863 tollam
1458 2830 1556 2861 altius
1570 2833 1619 2859 te-

894 2883 1002 2918 ctum,
1016 2887 1084 2910 non
1098 2881 1139 2910 ut
1153 2886 1216 2918 ego
1229 2880 1266 2909 te
1278 2876 1451 2917 despiciam
1466 2874 1525 2905 διο.
1548 2880 1618 2904 ma-
