1815 3209
228 159 278 195 14

221 250 316 280 aiunt
343 252 445 290 leg-em
472 260 539 282 esse
567 251 695 292 patricii
730 254 940 291 magistratus

220 296 366 328 tantum,
391 293 602 332 plebeiorum,
627 294 647 324 i.
669 305 697 324 e.
719 294 939 332 tribunorum,

214 335 395 374 plebiscita,
410 335 442 365 id
456 346 531 365 usus
547 336 652 365 onmis
667 337 871 375 antiquitatis
893 347 940 367 re·

221 376 318 413 fellit,
339 387 410 415 quae
432 377 470 407 de
504 379 648 416 utrisque
683 379 863 417 promiscue
896 379 940 408 le-

220 428 295 457 gem
320 418 413 455 dixit,
438 421 618 459 praesertim
646 425 855 460 posteaquam
883 431 933 457 ca,

220 470 293 499 quae
319 461 408 500 plebs
427 462 575 500 jussisset
603 462 795 502 (plebiscita)
822 471 933 492 omnes

219 502 364 541 Quirites
405 509 517 533 tenere
557 514 692 544 coepere,
736 503 934 543 eandemque

220 544 300 574 adeo
311 545 376 575 vim
391 545 529 576 habuere
541 556 616 576 cum
627 545 763 584 legibus,
777 555 854 584 quas
868 556 934 575 ma-

219 586 376 625 gistratus
401 587 555 627 patricius
579 588 719 618 comitiis
743 587 933 618 centuriatis

219 628 417 667 pertulisset.
462 630 541 660 Haec
557 630 683 670 praefari
699 629 833 669 placuit,
850 629 935 668 quod

219 670 439 701 intelleximus
452 680 525 707 usu,
540 672 657 702 nostris
671 671 854 701 hominibus
867 671 935 702 111εο

219 712 316 752 vulgo
330 713 408 742 satis
423 719 500 743 nota
516 724 581 743 non
597 723 677 749 esse,
693 722 796 751 neque
812 713 845 743 in
859 713 936 743 lexi-

219 754 264 783 cis
279 755 416 784 vidimus
438 757 515 785 satis
530 755 681 785 distincte
695 754 790 784 tradi.
826 756 936 794 Sequi-

217 800 274 825 tur
282 796 430 837 deinceps
443 797 582 837 ipsarum
598 797 725 837 Legum
739 807 936 827 commemo-

220 839 315 868 ratio.

261 880 383 910 Acrm
398 880 467 910 lata
481 890 499 910 a
514 880 626 911 Manio
642 880 745 910 Acilio
761 879 936 910 Glabrione

217 919 365 952 Tribuno
386 922 500 962 plebis,
521 923 588 960 ejus
602 927 706 962 patre,
723 923 777 962 qui
791 923 824 952 in
840 931 937 952 031153

217 962 356 994 Verrina
368 964 405 994 A.
420 964 461 994 U.
485 973 678 994 DCLxxxln.
698 964 852 1003 (1111051101-
871 963 935 994 fnit

217 1004 289 1036 Aet.
306 1006 326 1035 i.
351 1006 383 1035 in
406 1006 540 1036 Verrem
563 1018 590 1036 c.
614 1010 661 1039 17.
682 1012 716 1036 et
739 1007 812 1036 Cos.
833 1006 871 1036 A.
893 1005 934 1036 U.

218 1054 407 1078 Detxxxw.
443 1048 517 1078 Fuit
532 1049 569 1078 de
578 1048 724 1088 pecuniis
738 1048 935 1087 repetundis,

217 1099 279 1128 qna
288 1090 394 1126 licuit,
407 1090 505 1120 semel
519 1090 605 1120 dieta
617 1099 727 1127 causa,
741 1089 936 1120 condemua-

216 1140 251 1160 re
267 1141 368 1168 reum,
385 1138 443 1162 aut
462 1132 638 1168 absolvere,
654 1132 715 1162 nisi
737 1132 934 1172 ampliarent

207 1172 347 1210 judices.
368 1174 402 1203 in
415 1174 507 1204 Verr.
531 1175 551 1205 i.
573 1179 603 1208 9.
647 1174 800 1204 Ceterum
823 1174 857 1204 in
872 1173 933 1203 hoc

216 1215 288 1245 loco
312 1216 406 1246 haesit
426 1216 659 1246 Hotomannus
674 1216 751 1246 Obs.
767 1217 788 1246 i.
815 1218 862 1246 14.
877 1216 932 1255 qui

215 1262 326 1297 negat,
355 1259 496 1288 Aciliam
522 1258 575 1288 hic
597 1258 708 1288 loc-‚um
730 1258 867 1296 babere;
898 1258 933 1288 in

215 1301 308 1339 cujus
331 1301 510 1330 rationibus
532 1300 715 1331 refellendis
740 1300 857 1339 longus
881 1304 931 1330 est

216 1342 361 1372 Graevius
384 1343 488 1372 {iareim
508 1342 548 1373 ad
570 1343 591 1371 l.
614 1353 641 1372 c.
685 1342 801 1372 Omnis
825 1343 930 1372 Hoto-

214 1385 328 1414 manni
351 1385 528 1425 disputatio
550 1384 611 1414 hoc
633 1393 699 1414 uno
725 1384 886 1418 concidet,
904 1385 929 1415 si

212 1427 349 1465 probare
371 1428 549 1466 poterimus
571 1426 687 1462 doctis,
709 1425 826 1456 falsum
850 1435 930 1463 esse,

213 1468 300 1506 quod
313 1469 409 1508 vulgo
424 1478 536 1499 omnes
548 1472 696 1505 sumunt,
710 1468 851 1498 Aciliam
864 1477 931 1498 esse

212 1512 424 1548 posteriorem
450 1510 610 1541 Servilia.-
637 1520 708 1549 quae
736 1510 847 1550 opinio
876 1520 931 1541 ne-

212 1553 339 1590 gotium
357 1553 449 1583 nobis
464 1553 497 1583 in
512 1552 584 1583 loco
602 1552 658 1582 illo
673 1552 810 1582 facessat
823 1562 930 1582 neces-

211 1603 246 1623 se
259 1600 319 1624 est.
361 1594 448 1625 Nam
463 1595 666 1635 paraphrasis
681 1594 852 1624 Graeviana
862 1604 930 1625 non

211 1636 329 1666 tribuit
356 1638 554 1667 sententiam
580 1636 710 1666 facilem
737 1642 770 1666 et
798 1641 931 1667 natura-

210 1676 286 1708 lem.
334 1679 424 1709 Duas
436 1678 523 1716 leges
544 1682 781 1709 commemorat
802 1678 928 1715 Cicero,

209 1721 352 1751 Aciliam
376 1726 408 1751 et
436 1721 624 1755 Serviliam,
652 1722 741 1758 cujus
766 1725 865 1760 caput
890 1721 929 1751 de

211 1763 555 1803 comperendinatione
572 1763 604 1792 in
626 1762 808 1792 Corneliam
821 1766 928 1793 trans-

209 1803 316 1835 latum
328 1812 411 1841 erat,
423 1804 507 1844 quod
519 1804 813 1843 acerbiorajudicia
824 1805 929 1836 effice-

211 1852 281 1883 ret;
306 1848 391 1887 quod
408 1857 484 1877 sane
504 1857 571 1877 non
585 1847 726 1883 fecisset,
742 1847 767 1876 si
783 1847 928 1877 acerbius

209 1894 306 1924 esset,
330 1889 429 1919 semel
454 1889 542 1919 dicta
566 1899 674 1924 causa,
703 1888 927 1929 pronuntiare.

210 1931 394 1961 111-0011111115
420 1936 532 1961 autem
556 1931 679 1970 legum,
703 1931 753 1960 uti
778 1935 928 1962 constare

209 1978 340 2012 poterat
354 1974 494 2009 Graevio,
512 1983 577 2003 non
591 1973 697 2002 solum
713 1973 818 2012 posita
832 1978 880 2003 est
894 1974 929 2004 in

209 2016 326 2054 poenis,
339 2016 395 2046 sed
415 2015 515 2045 ctiam
537 2016 571 2045 in
593 2015 699 2046 forma
714 2015 841 2053 judicii,
865 2025 929 2054 qua

209 2058 330 2087 arctius
366 2058 604 2097 constringitur
640 2066 732 2094 reus;
770 2056 856 2096 quod
891 2068 929 2088 ex

211 2099 325 2128 multis
339 2100 463 2138 legibus
475 2099 617 2138 intelligi
631 2103 751 2138 potest,
764 2099 797 2128 in
813 2099 929 2137 quibus

209 2141 279 2170 sola
292 2141 398 2171 forma
406 2144 419 2181 j
426 2141 522 2171 udicii
536 2146 665 2171 mutata
679 2145 727 2171 est
741 2145 775 2171 et
789 2141 930 2172 severior

209 2184 400 2213 constituta.
443 2183 532 2220 Jam,
554 2183 660 2223 pergit
675 2182 800 2218 Cicero,
815 2187 930 2213 utram

203 2230 306 2264 putas
324 2226 527 2256 molliorem?
549 2225 635 2264 quod
655 2225 702 2255 ita
723 2223 929 2259 intelli'zatur

210 2276 338 2297 necesse
358 2272 419 2303 est,
435 2268 617 2297 Aciliamne
632 2271 733 2306 putas
750 2276 795 2297 an
821 2267 928 2297 Servi-

209 2309 289 2338 liam
316 2310 519 2340 molliorem?
540 2309 657 2347 Neque
683 2309 772 2339 enim
795 2309 834 2339 de
862 2309 926 2339 alia

209 2351 344 2381 dixerat.
390 2351 440 2381 Ex
454 2361 518 2390 quo
537 2351 619 2381 illud
639 2361 765 2390 quoque
785 2350 924 2390 cogitur,

208 2399 246 2423 ut
267 2393 474 2432 pronomina,
494 2394 602 2430 illam,
622 2394 695 2429 illa,
711 2394 783 2428 hac,
806 2393 846 2423 ad
867 2392 925 2423 has

207 2434 287 2465 duas
308 2435 395 2473 leges
418 2436 610 2466 referantur.
654 2435 722 2465 Illa
745 2444 822 2474 ergo
849 2444 926 2467 cum

207 2476 247 2506 ad
268 2477 408 2507 Aciliam
423 2478 597 2517 pertineat,
613 2478 673 2506 hac
694 2477 734 2507 ad
750 2477 926 2507 Serviliam.

208 2518 368 2549 reseratur
380 2528 507 2549 necesse
520 2523 566 2549 est
572 2541 581 2556 ,
594 2528 661 2548 non
674 2519 715 2549 ad
732 2518 924 2555 Corneliam,

209 2561 284 2598 nisi,
300 2565 459 2600 quatenus
473 2561 535 2591 hoc
557 2566 655 2599 caput
672 2570 846 2591 commune
868 2560 925 2591 ha-

209 2602 281 2633 buit
296 2613 371 2633 cum
387 2603 538 2633 Servilia.
582 2603 659 2633 Jam
679 2603 793 2632 Cicero
812 2603 927 2634 statim

209 2649 282 2684 post
297 2649 406 2675 utram
423 2646 518 2676 dicit:
543 2645 652 2684 opinor
665 2646 759 2675 illam
774 2649 922 2675 veterem.

208 2686 270 2716 Sed
293 2687 377 2716 113110
399 2691 540 2717 veterem
568 2687 664 2726 paulo
687 2696 759 2727 post
781 2687 926 2726 appellat

209 2730 388 2761 vmtioreom
410 2730 497 2768 ,quod
515 2739 578 2767 qua
600 2729 739 2759 formam
752 2729 867 2767 judicii
891 2729 925 2759 in

208 2770 347 2800 Aciliam
376 2772 539 2801 convenit.
585 2770 682 2808 Item,
711 2776 821 2801 sumto
849 2770 924 2809 boc,

206 2813 302 2842 illam
324 2817 461 2844 veterem
484 2812 666 2843 molliorem
687 2822 767 2847 esse,
790 2813 926 2852 subjun—

209 2855 275 2892 git:
299 2854 398 2894 Atqui
413 2855 540 2893 egotibi
556 2856 648 2885 illam
671 2856 809 2885 Aciliam
833 2855 925 2885 ‘resti-

207 2901 273 2935 tno,
288 2900 325 2928 ut
340 2906 406 2929 nou
420 2897 475 2934 sit,
491 2897 576 2937 quod
589 2906 798 2936 conquerare.
819 2896 926 2929 Mani-

778 167 936 196 INDEX
964 166 1149 197 LEGUM.

982 253 1102 283 festum
1117 257 1178 289 est,
1194 253 1287 282 illam
1303 257 1454 291 veterem,
1469 256 1502 283 et
1516 252 1610 284 illam
1625 253 1700 285 Aci-

983 296 1062 326 liam
1078 294 1214 325 eandem
1229 304 1306 325 esse.
1350 296 1436 325 Nam
1451 295 1538 334 quod
1551 296 1700 326 Graevius

982 346 1040 377 per
1058 341 1196 366 veterem
1215 336 1310 366 aliam
1333 338 1532 377 superiorem
1557 337 1700 369 Servilia

983 383 1016 408 et
1029 379 1135 409 Acilia
1149 378 1287 417 intelligi
1301 384 1409 418 putat,
1424 389 1488 409 11011
1504 389 1578 409 vero
1593 380 1698 410 simile

975 425 1036 451 est.
1051 420 1139 450 Dicit
1149 421 1236 450 0111111
1249 421 1341 450 illam
1352 426 1505 451 veterem.
1517 429 1698 461 pronomen

975 463 1069 492 illam
1085 462 1262 492 necessario
1277 462 1317 493 ad
1329 461 1461 501 aliquid,
1478 464 1516 493 dc
1538 473 1600 502 quo
1622 463 1695 501 jam

976 504 1113 539 dictum,
1129 504 1282 542 pertinet.
1331 504 1391 534 Sed
1414 505 1452 534 de
1466 505 1557 535 nulla
1571 505 1635 535 alia
1648 504 1698 534 di-

977 551 1080 581 ctum,
1104 545 1164 575 nisi
1190 545 1228 575 de
1250 546 1369 581 Acilia,
1399 546 1439 576 ad
1459 556 1557 586 quam
1584 546 1696 577 referri

977 588 1088 626 possit.
1113 587 1192 617 Haec
1207 588 1378 628 explicatio
1391 598 1428 618 ex
1446 589 1564 628 regulis
1580 588 1696 618 Gram-

978 629 1110 659 matices
1132 634 1168 659 et
1190 629 1331 659 naturali
1350 630 1520 660 verborum
1543 640 1695 660 consecu-

976 671 1067 701 tione
1079 671 1127 701 ita
1138 675 1228 701 certa
1240 671 1318 701 mihi
1329 671 1466 708 videtur,
1478 679 1516 702 ut
1529 682 1625 702 nemo
1638 672 1697 702 du-

978 713 1082 743 bitare
1107 713 1217 752 possit.
1264 713 1376 752 ltaque
1398 713 1448 744 vel
1470 725 1508 744 ex
1531 713 1591 744 hoe
1615 714 1696 744 mihi

979 755 1106 785 videtur
1133 755 1262 792 confici,
1290 755 1431 785 Aciliam
1457 765 1525 786 esse
1553 755 1696 787 Servilia

979 797 1127 837 priorem.
1159 797 1268 827 Acilice
1282 796 1345 836 legi
1361 807 1456 827 nemo
1470 797 1695 836 horum‚quos

979 839 1140 874 consului,
1153 838 1192 868 de
1211 838 1271 868 hac
1287 838 1358 876 lette
1379 840 1550 878 scriptores
1570 842 1694 870 annum

978 886 1105 911 certum
1130 881 1257 910 tribuit.
1301 881 1395 911 Unde
1423 881 1524 920 igitur
1551 885 1695 918 constat,

980 922 1121 953 Servilia
1135 923 1367 963 posteriorem?
1392 922 1462 953 Nec
1477 930 1619 962 tempus,
1634 932 1696 953 nec

977 965 1060 995 ratio
1083 971 1256 1005 repugnat,
1272 975 1335 1003 quo
1349 965 1458 994 minus
1480 965 1587 995 Acilia
1605 965 1695 1005 prior

979 1006 1120 1037 Servilia
1134 1007 1186 1037 sit.
1230 1006 1304 1046 Ipsa
1317 1011 1426 1036 autem
1448 1005 1694 1044 formajudicii‚

979 1058 1049 1087 quae
1065 1049 1208 1079 acerbior
1221 1053 1270 1078 est
1285 1049 1317 1078 111
1331 1048 1484 1085 Servilia,
1497 1059 1572 1078 vero
1587 1049 1693 1079 simile

978 1091 1079 1120 etiam
1106 1090 1194 1121 facit.
1238 1087 1305 1120 Lex
1327 1090 1468 1121 Servilia
1492 1090 1560 1121 lata
1580 1096 1629 1121 est
1652 1091 1692 1121 A.

976 1132 1017 1162 U.
1038 1141 1158 1163 nemu.
1186 1142 1216 1161 ν.
1239 1132 1273 1162 111
1297 1132 1438 1162 Servilia
1468 1132 1549 1163 Lex.
1593 1132 1694 1163 Filius

973 1174 1068 1205 Acilii
1083 1176 1164 1215 ejus,
1178 1174 1230 1213 qui
1246 1173 1330 1204 hanc
1349 1174 1454 1213 legem
1471 1174 1564 1210 tulit,
1577 1176 1694 1206 consul

974 1216 1038 1247 fuit
1065 1217 1103 1247 A.
1127 1216 1168 1247 U.
1194 1224 1382 1247 neLxxxw.
1422 1216 1509 1246 Tum
1535 1217 1693 1256 temporis

975 1259 1015 1289 ad
1034 1259 1205 1289 minimum
1226 1257 1442 1296 quadraginta
1460 1262 1494 1287 et
1507 1262 1574 1288 tres
1589 1268 1693 1290 annos

973 1305 1069 1332 natus
1084 1305 1164 1332 erat.
1208 1299 1300 1330 Inter
1312 1299 1399 1329 hunc
1419 1300 1625 1331 consulatum
1642 1311 1694 1332 er-

972 1352 1014 1382 go
1039 1349 1073 1374 et
1098 1352 1222 1373 annum
1249 1340 1327 1381 legis
1357 1341 1502 1371 Servilioe
1527 1342 1690 1382 interjecti

972 1390 1050 1415 sunt
1065 1384 1141 1416 anni
1156 1384 1291 1414 0111111110
1304 1391 1416 1414 xxxxi.
1449 1383 1535 1423 Quid
1554 1384 1691 1424 impedit

972 1436 1032 1466 qao
1054 1427 1162 1457 minus
1178 1425 1301 1456 Acilius
1320 1430 1413 1465 pater
1427 1430 1504 1455 aute
1522 1425 1584 1456 hoc
1606 1430 1691 1457 tem-

975 1478 1032 1507 pus
1054 1468 1144 1500 Trib.
1165 1468 1212 1499 Pl.
1237 1468 1345 1498 esset?
1368 1468 1455 1497 Nam
1480 1468 1689 1500 tribunitiam

973 1509 1057 1541 hanc
1080 1511 1186 1550 legem
1211 1519 1291 1546 esse,
1319 1519 1385 1539 11011
1411 1508 1575 1544 dubitant,
1603 1511 1690 1549 quod

972 1553 1082 1584 sciam.
1126 1551 1222 1592 Quod
1237 1552 1350 1582 Cicero
1370 1551 1443 1582 Act.
1464 1552 1485 1581 i.
1499 1551 1532 1581 in
1552 1551 1644 1582 Verr.
1660 1563 1689 1583 e.

976 1598 1022 1628 17.
1037 1606 1076 1625 ex
1096 1605 1134 1625 ea
1148 1594 1230 1634 lege,
1245 1593 1335 1631 dicit,
1355 1593 1562 1624 severissimis
1570 1594 1690 1632 judici-

974 1637 1031 1667 bus
1047 1647 1141 1667 usum
1156 1636 1326 1677 populum,
1342 1636 1508 1676 ipsamque
1523 1635 1627 1674 legem
1642 1647 1690 1667 se-

971 1681 1174 1710 verissimam
1196 1677 1340 1718 appellat
1358 1677 1534 1707 Asconius:
1557 1677 1621 1708 fuit
1640 1688 1689 1710 se-

971 1730 1058 1758 vera,
1079 1720 1207 1760 quando
1227 1720 1432 1750 severitatem
1458 1720 1642 1759 Calpmniae
1655 1726 1690 1752 et

970 1763 1082 1794 Jecnioe
1096 1763 1198 1794 auxit.
1242 1761 1303 1792 Sed
1321 1761 1406 1800 quod
1419 1761 1504 1792 113110
1526 1762 1688 1794 rationem

970 1804 1059 1835 addit
1072 1805 1241 1840 Asconius,
1255 1808 1293 1833 ut
1304 1813 1368 1843 qua
1379 1812 1419 1833 ne
1430 1805 1691 1843 comperendina-

970 1845 1001 1877 ri
1026 1848 1153 1886 quidem
1179 1849 1287 1877 liceret
1312 1855 1425 1875 reum.-
1447 1855 1557 1876 nonne
1579 1848 1690 1886 potuit

970 1889 1112 1920 accidere
1126 1890 1279 1924 Asconio,
1294 1887 1379 1926 quod
1393 1888 1504 1918 multis
1517 1889 1688 1920 Gramma-

970 1931 1042 1961 ticis
1058 1932 1207 1962 accidisse
1222 1930 1308 1961 docti
1329 1930 1450 1966 sciunt,
1466 1934 1564 1968 atque
1586 1931 1688 1962 etiam

970 1973 1123 2009 Asconio,
1142 1974 1183 2013 (v.
1201 1974 1246 2011 leg,²
1253 1983 1284 2002 es
1301 1971 1471 2012 Sacratoe‚)
1489 1976 1527 2002 ut
1542 1973 1576 2002 in
1589 1974 1689 2004 ratio-

972 2015 1067 2045 nibus
1091 2015 1258 2046 reddendis
1283 2013 1456 2053 aliquando
1483 2015 1648 2046 aberraret
1670 2026 1690 2047 a

971 2058 1068 2087 vero?
1101 2062 1135 2088 et
1160 2066 1330 2096 aequumne
1355 2060 1418 2093 est,
1446 2060 1580 2096 propter
1602 2057 1688 2088 hane

971 2099 1222 2139 explicationem
1243 2099 1385 2135 Asconii,
1400 2098 1466 2128 vim
1485 2098 1590 2129 facere
1606 2098 1687 2139 legi-

971 2141 1030 2171 bus
1046 2141 1282 2172 Grammatices
1297 2141 1332 2170 in
1343 2140 1532 2180 explicando
1546 2140 1619 2171 loco
1634 2141 1688 2172 Ci-

971 2184 1166 2214 eeroniano?
1195 2193 1292 2222 quem
1313 2182 1435 2218 locum,
1453 2182 1515 2212 nisi
1535 2183 1688 2214 tenebras

971 2226 1154 2256 offunderet
1170 2225 1261 2255 locus
1281 2224 1424 2260 Asconii,
1438 2233 1550 2254 omnes
1572 2225 1619 2256 ita
1638 2226 1687 2256 in-

970 2272 1243 2308 terpretarentur,
1265 2272 1316 2303 ut,
1341 2265 1440 2297 5011101
1464 2275 1561 2296 031153
1586 2267 1687 2306 dicta,

969 2310 1175 2348 pronuntiari
1189 2318 1294 2350 posse,
1309 2309 1421 2338 mitius
1435 2308 1478 2338 sit
1497 2317 1687 2349 comperen-

967 2351 1096 2389 dinato,
1111 2357 1207 2390 atque
1220 2356 1260 2381 ut
1273 2351 1353 2381 adeo
1369 2351 1439 2390 ipsa
1452 2349 1560 2380 Acilia
1574 2352 1687 2382 mitior

967 2393 1022 2429 sit,
1037 2405 1136 2434 quam
1152 2393 1292 2424 Servilia
1301 2406 1311 2426 ‚·
1341 2391 1470 2431 quando
1486 2393 1519 2422 in
1533 2393 1686 2424 omnibus

967 2435 1037 2465 aliis
1057 2436 1181 2476 legibus
1199 2433 1497 2476 comperendinatio
1511 2437 1616 2474 majus
1632 2445 1687 2467 reo

969 2478 1148 2516 periculum
1163 2482 1262 2508 creat.
1307 2477 1432 2512 Cicero,
1454 2481 1493 2507 ut
1506 2477 1568 2507 hoc
1583 2477 1687 2508 etiam

968 2519 1097 2557 addam,
1123 2529 1191 2550 non
1219 2519 1314 2549 dicit:
1354 2522 1500 2558 ereptum
1526 2528 1590 2549 esse
1615 2520 1686 2558 lege

967 2562 1076 2591 Acilia
1109 2561 1440 2602 comperendinatum,
1465 2570 1502 2591 ac
1538 2570 1685 2593 necessa-

969 2603 1029 2640 rio,
1045 2604 1189 2644 primum
1203 2613 1298 2634 causa
1311 2603 1411 2639 dicta,
1430 2603 1684 2643 pronuntiatum

966 2655 1046 2682 esse,
1062 2655 1128 2676 non
1140 2646 1266 2676 licuisse
1280 2645 1455 2684 3111111131·ος
1471 2645 1526 2675 sed
1539 2645 1685 2685 primum

966 2696 1063 2717 causa
1078 2688 1176 2724 dicta,
1193 2688 1316 2718 licuisse
1327 2687 1550 2726 pronuntiare.
1571 2686 1684 2726 Quod-

967 2729 993 2758 si
1019 2734 1094 2769 post
1116 2730 1292 2760 Serviliam
1312 2729 1419 2760 Acilia
1440 2727 1508 2759 lata
1529 2733 1625 2766 esset,
1650 2733 1684 2760 et

967 2771 1148 2802 severitatis
1175 2781 1271 2802 031153
1297 2770 1602 2811 comperendinatus
1627 2771 1684 2801 ad-

966 2818 1074 2844 emtus
1091 2815 1164 2850 reis,
1179 2813 1351 2844 dicendum
1364 2813 1477 2843 fuisset
1491 2813 1684 2850 necessario,

966 2857 1129 2894 oportebat
1141 2856 1284 2896 primum
1298 2856 1385 2886 dieta
1398 2864 1494 2885 causa
1510 2855 1685 2894 pronunti·

967 2897 1026 2929 ari.
1050 2898 1205 2933 Ceterum
1214 2897 1398 2938 juventutis
1412 2905 1509 2930 eausa
1520 2896 1603 2928 illud
1615 2906 1686 2932 mo-
