<?xml version="1.0" encoding="UTF-8"?>
<!DOCTYPE html PUBLIC "-//W3C//DTD XHTML 1.0 Transitional//EN"
    "http://www.w3.org/TR/xhtml1/DTD/xhtml1-transitional.dtd">
<html xmlns="http://www.w3.org/1999/xhtml" xml:lang="en" lang="en">
 <head>
  <title>
</title>
<meta http-equiv="Content-Type" content="text/html;charset=utf-8" />
  <meta name='ocr-system' content='tesseract 3.04.00' />
  <meta name='ocr-capabilities' content='ocr_page ocr_carea ocr_par ocr_line ocrx_word'/>
</head>
<body>
  <div class='ocr_page' id='page_1' title='image "./operaomnia05ciceuoft/operaomnia05ciceuoft_0290.png"; bbox 0 0 1800 3131; ppageno 0'>
   <div class='ocr_carea' id='block_1_1' title="bbox 125 104 209 143">
    <p class='ocr_par' dir='ltr' id='par_1_1' title="bbox 125 104 209 143">
     <span class='ocr_line' id='line_1_1' title="bbox 125 104 209 143; baseline -0.012 0"><span class='ocrx_word' id='word_1_1' title='bbox 125 104 209 143; x_wconf 75' lang='lat'>280</span> 
     </span>
    </p>
   </div>
   <div class='ocr_carea' id='block_1_2' title="bbox 121 199 867 2962">
    <p class='ocr_par' dir='ltr' id='par_1_2' title="bbox 121 199 867 2962">
     <span class='ocr_line' id='line_1_2' title="bbox 127 199 862 243; baseline -0.003 -10"><span class='ocrx_word' id='word_1_2' title='bbox 127 206 208 233; x_wconf 75' lang='lat' dir='ltr'>ante</span> <span class='ocrx_word' id='word_1_3' title='bbox 224 211 301 232; x_wconf 87' lang='lat' dir='ltr'>eum</span> <span class='ocrx_word' id='word_1_4' title='bbox 318 211 338 233; x_wconf 84' lang='lat' dir='ltr'>a</span> <span class='ocrx_word' id='word_1_5' title='bbox 353 199 559 243; x_wconf 80' lang='lat' dir='ltr'>philosophis</span> <span class='ocrx_word' id='word_1_6' title='bbox 581 203 730 232; x_wconf 83' lang='lat' dir='ltr'>tractata</span> <span class='ocrx_word' id='word_1_7' title='bbox 753 204 862 238; x_wconf 84' lang='lat' dir='ltr'>erant,</span> 
     </span>
     <span class='ocr_line' id='line_1_3' title="bbox 127 244 866 286; baseline -0.003 -9"><span class='ocrx_word' id='word_1_8' title='bbox 127 256 150 277; x_wconf 77' lang='lat' dir='ltr'>a.</span> <span class='ocrx_word' id='word_1_9' title='bbox 178 245 299 286; x_wconf 89' lang='lat' dir='ltr'>quibus</span> <span class='ocrx_word' id='word_1_10' title='bbox 328 245 537 286; x_wconf 83' lang='lat' dir='ltr'>philosophia</span> <span class='ocrx_word' id='word_1_11' title='bbox 561 254 674 276; x_wconf 88' lang='lat' dir='ltr'>rerum</span> <span class='ocrx_word' id='word_1_12' title='bbox 701 244 866 275; x_wconf 87' lang='lat' dir='ltr'>humana-</span> 
     </span>
     <span class='ocr_line' id='line_1_4' title="bbox 127 288 865 329; baseline -0.003 -8"><span class='ocrx_word' id='word_1_13' title='bbox 127 299 206 322; x_wconf 81' lang='lat' dir='ltr'>rum</span> <span class='ocrx_word' id='word_1_14' title='bbox 229 290 369 321; x_wconf 86' lang='lat' dir='ltr'>scientia</span> <span class='ocrx_word' id='word_1_15' title='bbox 397 289 461 320; x_wconf 85' lang='lat' dir='ltr'>dici</span> <span class='ocrx_word' id='word_1_16' title='bbox 484 289 606 329; x_wconf 87' lang='lat' dir='ltr'>potuit.</span> <span class='ocrx_word' id='word_1_17' title='bbox 653 288 750 319; x_wconf 83' lang='lat' dir='ltr'>Certe</span> <span class='ocrx_word' id='word_1_18' title='bbox 775 288 865 328; x_wconf 79' lang='lat' dir='ltr'>apud</span> 
     </span>
     <span class='ocr_line' id='line_1_5' title="bbox 128 332 865 365; baseline -0.004 0"><span class='ocrx_word' id='word_1_19' title='bbox 128 333 304 365; x_wconf 83' lang='lat' dir='ltr'>Platonem</span> <span class='ocrx_word' id='word_1_20' title='bbox 329 343 396 364; x_wconf 88' lang='lat' dir='ltr'>non</span> <span class='ocrx_word' id='word_1_21' title='bbox 419 333 523 363; x_wconf 85' lang='lat' dir='ltr'>semel</span> <span class='ocrx_word' id='word_1_22' title='bbox 545 332 617 363; x_wconf 82' lang='lat' dir='ltr'>haec</span> <span class='ocrx_word' id='word_1_23' title='bbox 641 332 794 363; x_wconf 87' lang='lat' dir='ltr'>definitio</span> <span class='ocrx_word' id='word_1_24' title='bbox 814 342 865 363; x_wconf 88' lang='lat' dir='ltr'>re-</span> 
     </span>
     <span class='ocr_line' id='line_1_6' title="bbox 128 376 866 418; baseline -0.004 -9"><span class='ocrx_word' id='word_1_25' title='bbox 128 378 270 418; x_wconf 82' lang='lat' dir='ltr'>peritur.</span> <span class='ocrx_word' id='word_1_26' title='bbox 302 388 354 418; x_wconf 87' lang='lat' dir='ltr'>ap.</span> <span class='ocrx_word' id='word_1_27' title='bbox 369 376 524 416; x_wconf 89' lang='lat' dir='ltr'>Xenoph.</span> <span class='ocrx_word' id='word_1_28' title='bbox 545 377 649 407; x_wconf 86' lang='lat' dir='ltr'>Mem.</span> <span class='ocrx_word' id='word_1_29' title='bbox 674 377 765 407; x_wconf 85' lang='lat' dir='ltr'>Socr.</span> <span class='ocrx_word' id='word_1_30' title='bbox 788 376 810 405; x_wconf 87' lang='lat' dir='ltr'>i.</span> <span class='ocrx_word' id='word_1_31' title='bbox 839 379 866 406; x_wconf 89' lang='lat' dir='ltr'>l.</span> 
     </span>
     <span class='ocr_line' id='line_1_7' title="bbox 133 418 865 464; baseline -0.004 -12"><span class='ocrx_word' id='word_1_32' title='bbox 133 423 184 453; x_wconf 69' lang='lat'>12.</span> <span class='ocrx_word' id='word_1_33' title='bbox 223 420 390 464; x_wconf 62' lang='grc' dir='ltr'>ἀνθρώπινα</span> <span class='ocrx_word' id='word_1_34' title='bbox 416 426 450 451; x_wconf 86' lang='lat' dir='ltr'>et</span> <span class='ocrx_word' id='word_1_35' title='bbox 472 418 601 460; x_wconf 72' lang='grc' dir='ltr'>διειμὸνιοι</span> <span class='ocrx_word' id='word_1_36' title='bbox 623 421 669 450; x_wconf 85' lang='lat' dir='ltr'>Sic</span> <span class='ocrx_word' id='word_1_37' title='bbox 693 420 865 456; x_wconf 77' lang='lat' dir='ltr'>dicuntur,</span> 
     </span>
     <span class='ocr_line' id='line_1_8' title="bbox 132 462 866 501; baseline -0.005 -5"><span class='ocrx_word' id='word_1_38' title='bbox 132 469 173 496; x_wconf 87' lang='lat' dir='ltr'>ut</span> <span class='ocrx_word' id='word_1_39' title='bbox 195 465 255 496; x_wconf 86' lang='lat' dir='ltr'>illa</span> <span class='ocrx_word' id='word_1_40' title='bbox 277 465 464 496; x_wconf 84' lang='lat' dir='ltr'>doctrinam</span> <span class='ocrx_word' id='word_1_41' title='bbox 488 465 528 495; x_wconf 88' lang='lat' dir='ltr'>dc</span> <span class='ocrx_word' id='word_1_42' title='bbox 552 464 711 501; x_wconf 89' lang='lat' dir='ltr'>moribus,</span> <span class='ocrx_word' id='word_1_43' title='bbox 731 462 803 493; x_wconf 79' lang='lat' dir='ltr'>haec</span> <span class='ocrx_word' id='word_1_44' title='bbox 827 463 866 492; x_wconf 88' lang='lat' dir='ltr'>de</span> 
     </span>
     <span class='ocr_line' id='line_1_9' title="bbox 131 507 865 549; baseline -0.007 -8"><span class='ocrx_word' id='word_1_45' title='bbox 131 512 255 541; x_wconf 79' lang='lat' dir='ltr'>natura</span> <span class='ocrx_word' id='word_1_46' title='bbox 285 509 489 549; x_wconf 82' lang='lat' dir='ltr'>significent,</span> <span class='ocrx_word' id='word_1_47' title='bbox 521 508 563 538; x_wconf 86' lang='lat' dir='ltr'>cf.</span> <span class='ocrx_word' id='word_1_48' title='bbox 595 510 624 545; x_wconf 82' lang='lat'>§.</span> <span class='ocrx_word' id='word_1_49' title='bbox 660 508 708 538; x_wconf 87' lang='lat'>16.</span> <span class='ocrx_word' id='word_1_50' title='bbox 747 507 865 545; x_wconf 83' lang='lat' dir='ltr'>Neque</span> 
     </span>
     <span class='ocr_line' id='line_1_10' title="bbox 130 550 866 584; baseline -0.005 0"><span class='ocrx_word' id='word_1_51' title='bbox 130 563 208 584; x_wconf 86' lang='lat' dir='ltr'>vero</span> <span class='ocrx_word' id='word_1_52' title='bbox 237 554 272 584; x_wconf 90' lang='lat' dir='ltr'>in</span> <span class='ocrx_word' id='word_1_53' title='bbox 302 553 364 583; x_wconf 86' lang='lat' dir='ltr'>hoc</span> <span class='ocrx_word' id='word_1_54' title='bbox 394 552 540 583; x_wconf 88' lang='lat' dir='ltr'>multum</span> <span class='ocrx_word' id='word_1_55' title='bbox 572 550 776 581; x_wconf 81' lang='lat' dir='ltr'>difficultatis</span> <span class='ocrx_word' id='word_1_56' title='bbox 803 554 866 580; x_wconf 88' lang='lat' dir='ltr'>est.</span> 
     </span>
     <span class='ocr_line' id='line_1_11' title="bbox 126 593 866 628; baseline -0.007 0"><span class='ocrx_word' id='word_1_57' title='bbox 126 597 148 617; x_wconf 71' lang='lat'>²*</span> <span class='ocrx_word' id='word_1_58' title='bbox 159 597 224 628; x_wconf 86' lang='lat' dir='ltr'>Sed</span> <span class='ocrx_word' id='word_1_59' title='bbox 240 608 290 628; x_wconf 86' lang='lat' dir='ltr'>res</span> <span class='ocrx_word' id='word_1_60' title='bbox 307 597 421 627; x_wconf 69' lang='lat' dir='ltr'>divinae</span> <span class='ocrx_word' id='word_1_61' title='bbox 436 600 470 626; x_wconf 84' lang='lat' dir='ltr'>et</span> <span class='ocrx_word' id='word_1_62' title='bbox 493 595 650 625; x_wconf 83' lang='lat' dir='ltr'>humanae</span> <span class='ocrx_word' id='word_1_63' title='bbox 667 594 769 626; x_wconf 84' lang='lat' dir='ltr'>etiam</span> <span class='ocrx_word' id='word_1_64' title='bbox 794 593 866 623; x_wconf 88' lang='lat' dir='ltr'>aliis</span> 
     </span>
     <span class='ocr_line' id='line_1_12' title="bbox 128 636 867 678; baseline -0.008 -6"><span class='ocrx_word' id='word_1_65' title='bbox 128 641 237 672; x_wconf 89' lang='lat' dir='ltr'>modis</span> <span class='ocrx_word' id='word_1_66' title='bbox 252 641 423 677; x_wconf 85' lang='lat' dir='ltr'>dicuntur,</span> <span class='ocrx_word' id='word_1_67' title='bbox 440 644 540 678; x_wconf 79' lang='lat' dir='ltr'>atque</span> <span class='ocrx_word' id='word_1_68' title='bbox 560 638 594 669; x_wconf 92' lang='lat' dir='ltr'>id</span> <span class='ocrx_word' id='word_1_69' title='bbox 617 638 726 678; x_wconf 88' lang='lat' dir='ltr'>ipsum</span> <span class='ocrx_word' id='word_1_70' title='bbox 751 636 867 676; x_wconf 84' lang='lat' dir='ltr'>Socra-</span> 
     </span>
     <span class='ocr_line' id='line_1_13' title="bbox 126 680 866 723; baseline -0.008 -7"><span class='ocrx_word' id='word_1_71' title='bbox 126 686 198 716; x_wconf 89' lang='lat' dir='ltr'>tico</span> <span class='ocrx_word' id='word_1_72' title='bbox 228 695 333 722; x_wconf 85' lang='lat' dir='ltr'>more,</span> <span class='ocrx_word' id='word_1_73' title='bbox 358 694 458 723; x_wconf 85' lang='lat' dir='ltr'>quem</span> <span class='ocrx_word' id='word_1_74' title='bbox 483 683 540 721; x_wconf 89' lang='lat' dir='ltr'>qui</span> <span class='ocrx_word' id='word_1_75' title='bbox 562 691 629 712; x_wconf 90' lang='lat' dir='ltr'>non</span> <span class='ocrx_word' id='word_1_76' title='bbox 655 680 866 720; x_wconf 84' lang='lat' dir='ltr'>intelligunt,</span> 
     </span>
     <span class='ocr_line' id='line_1_14' title="bbox 128 724 865 760; baseline -0.008 0"><span class='ocrx_word' id='word_1_77' title='bbox 128 729 165 760; x_wconf 92' lang='lat' dir='ltr'>in</span> <span class='ocrx_word' id='word_1_78' title='bbox 192 728 255 760; x_wconf 87' lang='lat' dir='ltr'>hac</span> <span class='ocrx_word' id='word_1_79' title='bbox 286 729 415 759; x_wconf 87' lang='lat' dir='ltr'>ratione</span> <span class='ocrx_word' id='word_1_80' title='bbox 443 725 575 756; x_wconf 77' lang='lat' dir='ltr'>(licendi</span> <span class='ocrx_word' id='word_1_81' title='bbox 600 725 771 755; x_wconf 84' lang='lat' dir='ltr'>interdum</span> <span class='ocrx_word' id='word_1_82' title='bbox 797 724 865 755; x_wconf 88' lang='lat' dir='ltr'>hae-</span> 
     </span>
     <span class='ocr_line' id='line_1_15' title="bbox 127 768 865 812; baseline -0.008 -8"><span class='ocrx_word' id='word_1_83' title='bbox 127 778 217 805; x_wconf 83' lang='lat' dir='ltr'>rent.</span> <span class='ocrx_word' id='word_1_84' title='bbox 263 772 361 812; x_wconf 89' lang='lat' dir='ltr'><strong>Apud</strong></span> <span class='ocrx_word' id='word_1_85' title='bbox 389 770 534 801; x_wconf 85' lang='lat' dir='ltr'>cundem</span> <span class='ocrx_word' id='word_1_86' title='bbox 557 769 818 809; x_wconf 87' lang='lat' dir='ltr'>Xenophontem</span> <span class='ocrx_word' id='word_1_87' title='bbox 842 768 865 799; x_wconf 88' lang='lat'>1.</span> 
     </span>
     <span class='ocr_line' id='line_1_16' title="bbox 128 813 866 857; baseline -0.008 -9"><span class='ocrx_word' id='word_1_88' title='bbox 128 827 157 847; x_wconf 85' lang='lat' dir='ltr'>c.</span> <span class='ocrx_word' id='word_1_89' title='bbox 178 818 208 854; x_wconf 68' lang='lat'>§-</span> <span class='ocrx_word' id='word_1_90' title='bbox 228 819 275 847; x_wconf 83' lang='lat'>15.</span> <span class='ocrx_word' id='word_1_91' title='bbox 307 813 474 857; x_wconf 63' lang='grc' dir='ltr'>ἀνθρώπεια</span> <span class='ocrx_word' id='word_1_92' title='bbox 490 813 650 844; x_wconf 89' lang='lat' dir='ltr'>dicuntur</span> <span class='ocrx_word' id='word_1_93' title='bbox 664 813 705 843; x_wconf 89' lang='lat' dir='ltr'>de</span> <span class='ocrx_word' id='word_1_94' title='bbox 729 813 866 852; x_wconf 84' lang='lat' dir='ltr'>quibus-</span> 
     </span>
     <span class='ocr_line' id='line_1_17' title="bbox 128 857 865 900; baseline -0.007 -9"><span class='ocrx_word' id='word_1_95' title='bbox 128 870 261 900; x_wconf 86' lang='lat' dir='ltr'>cunque</span> <span class='ocrx_word' id='word_1_96' title='bbox 291 859 431 896; x_wconf 83' lang='lat' dir='ltr'>artibus‚</span> <span class='ocrx_word' id='word_1_97' title='bbox 460 867 534 898; x_wconf 85' lang='lat' dir='ltr'>quae</span> <span class='ocrx_word' id='word_1_98' title='bbox 566 857 600 887; x_wconf 90' lang='lat' dir='ltr'>in</span> <span class='ocrx_word' id='word_1_99' title='bbox 629 857 727 887; x_wconf 86' lang='lat' dir='ltr'>rebus</span> <span class='ocrx_word' id='word_1_100' title='bbox 754 857 796 887; x_wconf 87' lang='lat' dir='ltr'>ad</span> <span class='ocrx_word' id='word_1_101' title='bbox 817 857 865 886; x_wconf 91' lang='lat' dir='ltr'>vi-</span> 
     </span>
     <span class='ocr_line' id='line_1_18' title="bbox 127 901 864 943; baseline -0.007 -8"><span class='ocrx_word' id='word_1_102' title='bbox 127 910 199 935; x_wconf 85' lang='lat' dir='ltr'>tam</span> <span class='ocrx_word' id='word_1_103' title='bbox 218 904 401 934; x_wconf 84' lang='lat' dir='ltr'>humanam</span> <span class='ocrx_word' id='word_1_104' title='bbox 414 901 662 943; x_wconf 87' lang='lat' dir='ltr'>pertinentibus</span> <span class='ocrx_word' id='word_1_105' title='bbox 675 903 864 937; x_wconf 75' lang='lat' dir='ltr'>versantur,</span> 
     </span>
     <span class='ocr_line' id='line_1_19' title="bbox 127 945 865 987; baseline -0.005 -9"><span class='ocrx_word' id='word_1_106' title='bbox 127 957 249 987; x_wconf 86' lang='lat' dir='ltr'>nempe</span> <span class='ocrx_word' id='word_1_107' title='bbox 275 947 403 977; x_wconf 86' lang='lat' dir='ltr'>artibus</span> <span class='ocrx_word' id='word_1_108' title='bbox 434 946 605 986; x_wconf 85' lang='lat' dir='ltr'>opificum.</span> <span class='ocrx_word' id='word_1_109' title='bbox 645 945 724 975; x_wconf 89' lang='lat' dir='ltr'><strong>ibid.</strong></span> <span class='ocrx_word' id='word_1_110' title='bbox 753 946 782 981; x_wconf 69' lang='grc' dir='ltr'>ξ.</span> <span class='ocrx_word' id='word_1_111' title='bbox 814 947 865 979; x_wconf 86' lang='grc'>19.</span> 
     </span>
     <span class='ocr_line' id='line_1_20' title="bbox 125 988 864 1028; baseline -0.007 -5"><span class='ocrx_word' id='word_1_112' title='bbox 125 992 183 1024; x_wconf 88' lang='lat' dir='ltr'>Dii</span> <span class='ocrx_word' id='word_1_113' title='bbox 202 992 360 1022; x_wconf 86' lang='lat' dir='ltr'>dicuntur</span> <span class='ocrx_word' id='word_1_114' title='bbox 382 990 576 1020; x_wconf 82' lang='lat' dir='ltr'>hominibus</span> <span class='ocrx_word' id='word_1_115' title='bbox 598 988 788 1028; x_wconf 83' lang='lat' dir='ltr'>significare</span> <span class='ocrx_word' id='word_1_116' title='bbox 805 999 864 1018; x_wconf 71' lang='lat' dir='ltr'>we—</span> 
     </span>
     <span class='ocr_line' id='line_1_21' title="bbox 124 1032 865 1078; baseline -0.005 -12"><span class='ocrx_word' id='word_1_117' title='bbox 124 1036 150 1078; x_wconf 64' lang='grc' dir='ltr'>ρὶ</span> <span class='ocrx_word' id='word_1_118' title='bbox 167 1034 223 1065; x_wconf 56' lang='grc' dir='ltr'>’νῦν</span> <span class='ocrx_word' id='word_1_119' title='bbox 238 1032 421 1077; x_wconf 62' lang='grc' dir='ltr'>ἀνθρωπείων</span> <span class='ocrx_word' id='word_1_120' title='bbox 436 1033 580 1072; x_wconf 56' lang='lat' dir='ltr'>waiva-uu</span> <span class='ocrx_word' id='word_1_121' title='bbox 606 1033 641 1063; x_wconf 83' lang='lat' dir='ltr'>in</span> <span class='ocrx_word' id='word_1_122' title='bbox 657 1042 722 1072; x_wconf 90' lang='lat' dir='ltr'>quo</span> <span class='ocrx_word' id='word_1_123' title='bbox 739 1042 790 1062; x_wconf 81' lang='lat' dir='ltr'>res</span> <span class='ocrx_word' id='word_1_124' title='bbox 803 1032 865 1062; x_wconf 88' lang='lat' dir='ltr'>hu-</span> 
     </span>
     <span class='ocr_line' id='line_1_22' title="bbox 126 1075 863 1117; baseline -0.005 -8"><span class='ocrx_word' id='word_1_125' title='bbox 126 1089 236 1109; x_wconf 77' lang='lat' dir='ltr'>nianae</span> <span class='ocrx_word' id='word_1_126' title='bbox 263 1083 356 1116; x_wconf 85' lang='lat' dir='ltr'>sunt,</span> <span class='ocrx_word' id='word_1_127' title='bbox 380 1088 455 1117; x_wconf 84' lang='lat' dir='ltr'>quae</span> <span class='ocrx_word' id='word_1_128' title='bbox 477 1077 670 1107; x_wconf 87' lang='lat' dir='ltr'>hominibus</span> <span class='ocrx_word' id='word_1_129' title='bbox 694 1075 863 1107; x_wconf 87' lang='lat' dir='ltr'>accidunt.</span> 
     </span>
     <span class='ocr_line' id='line_1_23' title="bbox 125 1120 864 1164; baseline -0.004 -11"><span class='ocrx_word' id='word_1_130' title='bbox 125 1123 205 1154; x_wconf 82' lang='lat' dir='ltr'>ibid.</span> <span class='ocrx_word' id='word_1_131' title='bbox 230 1124 252 1153; x_wconf 91' lang='lat' dir='ltr'>i.</span> <span class='ocrx_word' id='word_1_132' title='bbox 275 1125 306 1153; x_wconf 80' lang='lat'>3.</span> <span class='ocrx_word' id='word_1_133' title='bbox 329 1125 361 1153; x_wconf 83' lang='lat'>4.</span> <span class='ocrx_word' id='word_1_134' title='bbox 392 1120 560 1164; x_wconf 56' lang='grc' dir='ltr'>ἀνθρώπιναι</span> <span class='ocrx_word' id='word_1_135' title='bbox 584 1125 803 1161; x_wconf 85' lang='lat' dir='ltr'>opponuntur</span> <span class='ocrx_word' id='word_1_136' title='bbox 826 1121 864 1162; x_wconf 72' lang='grc' dir='ltr'>τῇ</span> 
     </span>
     <span class='ocr_line' id='line_1_24' title="bbox 126 1165 864 1206; baseline -0.004 -9"><span class='ocrx_word' id='word_1_137' title='bbox 126 1167 182 1197; x_wconf 60' lang='grc' dir='ltr'>τῶν</span> <span class='ocrx_word' id='word_1_138' title='bbox 206 1166 278 1197; x_wconf 65' lang='grc' dir='ltr'>θεῶν</span> <span class='ocrx_word' id='word_1_139' title='bbox 301 1165 477 1206; x_wconf 69' lang='grc' dir='ltr'>ξυμέουλίᾳ,</span> <span class='ocrx_word' id='word_1_140' title='bbox 494 1165 642 1204; x_wconf 84' lang='lat' dir='ltr'>adeoque</span> <span class='ocrx_word' id='word_1_141' title='bbox 659 1172 738 1195; x_wconf 90' lang='lat' dir='ltr'>sunt</span> <span class='ocrx_word' id='word_1_142' title='bbox 755 1165 864 1194; x_wconf 85' lang='lat' dir='ltr'>consi-</span> 
     </span>
     <span class='ocr_line' id='line_1_25' title="bbox 123 1208 863 1249; baseline -0.004 -8"><span class='ocrx_word' id='word_1_143' title='bbox 123 1210 170 1241; x_wconf 82' lang='lat' dir='ltr'>lia.</span> <span class='ocrx_word' id='word_1_144' title='bbox 193 1210 352 1241; x_wconf 85' lang='lat' dir='ltr'>humana.</span> <span class='ocrx_word' id='word_1_145' title='bbox 397 1209 508 1249; x_wconf 89' lang='lat' dir='ltr'>Atque</span> <span class='ocrx_word' id='word_1_146' title='bbox 529 1209 600 1239; x_wconf 81' lang='lat' dir='ltr'>haec</span> <span class='ocrx_word' id='word_1_147' title='bbox 624 1209 708 1239; x_wconf 83' lang='lat' dir='ltr'>ratio</span> <span class='ocrx_word' id='word_1_148' title='bbox 731 1208 863 1239; x_wconf 85' lang='lat' dir='ltr'>Graeco-</span> 
     </span>
     <span class='ocr_line' id='line_1_26' title="bbox 123 1253 864 1293; baseline -0.004 -7"><span class='ocrx_word' id='word_1_149' title='bbox 123 1264 201 1286; x_wconf 82' lang='lat' dir='ltr'>rum</span> <span class='ocrx_word' id='word_1_150' title='bbox 217 1255 320 1285; x_wconf 88' lang='lat' dir='ltr'>etiam</span> <span class='ocrx_word' id='word_1_151' title='bbox 338 1254 373 1284; x_wconf 90' lang='lat' dir='ltr'>in</span> <span class='ocrx_word' id='word_1_152' title='bbox 388 1254 541 1293; x_wconf 81' lang='lat' dir='ltr'>linguam</span> <span class='ocrx_word' id='word_1_153' title='bbox 566 1253 707 1283; x_wconf 86' lang='lat' dir='ltr'>latinam</span> <span class='ocrx_word' id='word_1_154' title='bbox 730 1253 864 1283; x_wconf 81' lang='lat' dir='ltr'>invecta</span> 
     </span>
     <span class='ocr_line' id='line_1_27' title="bbox 125 1296 862 1337; baseline -0.004 -8"><span class='ocrx_word' id='word_1_155' title='bbox 125 1304 178 1329; x_wconf 87' lang='lat' dir='ltr'>est</span> <span class='ocrx_word' id='word_1_156' title='bbox 201 1299 241 1329; x_wconf 90' lang='lat' dir='ltr'>ab</span> <span class='ocrx_word' id='word_1_157' title='bbox 266 1298 330 1335; x_wconf 91' lang='lat' dir='ltr'>his,</span> <span class='ocrx_word' id='word_1_158' title='bbox 354 1297 411 1337; x_wconf 88' lang='lat' dir='ltr'>qui</span> <span class='ocrx_word' id='word_1_159' title='bbox 438 1297 569 1327; x_wconf 82' lang='lat' dir='ltr'>Graecas</span> <span class='ocrx_word' id='word_1_160' title='bbox 600 1296 714 1327; x_wconf 84' lang='lat' dir='ltr'>literas</span> <span class='ocrx_word' id='word_1_161' title='bbox 738 1296 862 1327; x_wconf 85' lang='lat' dir='ltr'>didice-</span> 
     </span>
     <span class='ocr_line' id='line_1_28' title="bbox 125 1341 862 1381; baseline -0.004 -8"><span class='ocrx_word' id='word_1_162' title='bbox 125 1346 215 1381; x_wconf 81' lang='lat' dir='ltr'>rant,</span> <span class='ocrx_word' id='word_1_163' title='bbox 231 1346 271 1372; x_wconf 89' lang='lat' dir='ltr'>ut</span> <span class='ocrx_word' id='word_1_164' title='bbox 295 1341 411 1372; x_wconf 85' lang='lat' dir='ltr'>multae</span> <span class='ocrx_word' id='word_1_165' title='bbox 427 1341 512 1372; x_wconf 71' lang='lat' dir='ltr'>aliae.</span> <span class='ocrx_word' id='word_1_166' title='bbox 558 1341 612 1371; x_wconf 85' lang='lat' dir='ltr'>Sic</span> <span class='ocrx_word' id='word_1_167' title='bbox 630 1351 707 1371; x_wconf 89' lang='lat' dir='ltr'>cum</span> <span class='ocrx_word' id='word_1_168' title='bbox 732 1341 862 1380; x_wconf 80' lang='lat' dir='ltr'>magni-</span> 
     </span>
     <span class='ocr_line' id='line_1_29' title="bbox 124 1385 861 1418; baseline -0.005 -1"><span class='ocrx_word' id='word_1_169' title='bbox 124 1386 207 1418; x_wconf 82' lang='lat' dir='ltr'>tudo</span> <span class='ocrx_word' id='word_1_170' title='bbox 220 1386 323 1416; x_wconf 85' lang='lat' dir='ltr'>animi</span> <span class='ocrx_word' id='word_1_171' title='bbox 341 1386 465 1415; x_wconf 86' lang='lat' dir='ltr'>dicitur</span> <span class='ocrx_word' id='word_1_172' title='bbox 488 1385 578 1414; x_wconf 89' lang='lat' dir='ltr'>cerni</span> <span class='ocrx_word' id='word_1_173' title='bbox 603 1385 638 1414; x_wconf 90' lang='lat' dir='ltr'>in</span> <span class='ocrx_word' id='word_1_174' title='bbox 663 1394 774 1414; x_wconf 89' lang='lat' dir='ltr'>rerum</span> <span class='ocrx_word' id='word_1_175' title='bbox 800 1385 861 1414; x_wconf 86' lang='lat' dir='ltr'>hu-</span> 
     </span>
     <span class='ocr_line' id='line_1_30' title="bbox 125 1429 862 1468; baseline -0.004 -7"><span class='ocrx_word' id='word_1_176' title='bbox 125 1440 302 1466; x_wconf 84' lang='lat' dir='ltr'>manarum</span> <span class='ocrx_word' id='word_1_177' title='bbox 329 1432 516 1466; x_wconf 78' lang='lat' dir='ltr'>contemtu,</span> <span class='ocrx_word' id='word_1_178' title='bbox 532 1429 647 1459; x_wconf 81' lang='lat' dir='ltr'>onmia</span> <span class='ocrx_word' id='word_1_179' title='bbox 670 1438 710 1458; x_wconf 86' lang='lat' dir='ltr'>ea</span> <span class='ocrx_word' id='word_1_180' title='bbox 733 1429 862 1468; x_wconf 81' lang='lat' dir='ltr'>signifi-</span> 
     </span>
     <span class='ocr_line' id='line_1_31' title="bbox 122 1472 862 1513; baseline -0.005 -8"><span class='ocrx_word' id='word_1_181' title='bbox 122 1479 258 1512; x_wconf 83' lang='lat' dir='ltr'>cantur,</span> <span class='ocrx_word' id='word_1_182' title='bbox 283 1484 357 1513; x_wconf 82' lang='lat' dir='ltr'>quae</span> <span class='ocrx_word' id='word_1_183' title='bbox 384 1477 466 1504; x_wconf 88' lang='lat' dir='ltr'>sunt</span> <span class='ocrx_word' id='word_1_184' title='bbox 496 1472 687 1510; x_wconf 85' lang='lat' dir='ltr'>hominum,</span> <span class='ocrx_word' id='word_1_185' title='bbox 714 1477 754 1502; x_wconf 90' lang='lat' dir='ltr'>ut</span> <span class='ocrx_word' id='word_1_186' title='bbox 780 1472 862 1502; x_wconf 87' lang='lat' dir='ltr'>divi-</span> 
     </span>
     <span class='ocr_line' id='line_1_32' title="bbox 121 1517 861 1556; baseline -0.004 -7"><span class='ocrx_word' id='word_1_187' title='bbox 121 1519 193 1556; x_wconf 80' lang='lat' dir='ltr'>tiae,</span> <span class='ocrx_word' id='word_1_188' title='bbox 217 1518 372 1555; x_wconf 70' lang='lat' dir='ltr'>honores,</span> <span class='ocrx_word' id='word_1_189' title='bbox 397 1527 503 1556; x_wconf 83' lang='lat' dir='ltr'>genus</span> <span class='ocrx_word' id='word_1_190' title='bbox 536 1517 595 1546; x_wconf 70' lang='grc' dir='ltr'>ἃς.</span> <span class='ocrx_word' id='word_1_191' title='bbox 633 1520 692 1547; x_wconf 87' lang='lat' dir='ltr'>aut</span> <span class='ocrx_word' id='word_1_192' title='bbox 712 1517 751 1546; x_wconf 88' lang='lat' dir='ltr'>iis</span> <span class='ocrx_word' id='word_1_193' title='bbox 775 1517 861 1546; x_wconf 84' lang='lat' dir='ltr'>acci-</span> 
     </span>
     <span class='ocr_line' id='line_1_33' title="bbox 124 1559 861 1602; baseline -0.005 -9"><span class='ocrx_word' id='word_1_194' title='bbox 124 1562 202 1593; x_wconf 84' lang='lat' dir='ltr'>dere</span> <span class='ocrx_word' id='word_1_195' title='bbox 234 1568 387 1602; x_wconf 82' lang='lat' dir='ltr'>possunt,</span> <span class='ocrx_word' id='word_1_196' title='bbox 413 1559 492 1601; x_wconf 60' lang='lat' dir='ltr'>qui’a</span> <span class='ocrx_word' id='word_1_197' title='bbox 518 1563 599 1591; x_wconf 85' lang='lat' dir='ltr'>sunt</span> <span class='ocrx_word' id='word_1_198' title='bbox 628 1560 795 1598; x_wconf 81' lang='lat' dir='ltr'>homines,</span> <span class='ocrx_word' id='word_1_199' title='bbox 822 1563 861 1590; x_wconf 81' lang='lat' dir='ltr'>ut</span> 
     </span>
     <span class='ocr_line' id='line_1_34' title="bbox 124 1604 861 1646; baseline -0.005 -9"><span class='ocrx_word' id='word_1_200' title='bbox 124 1606 273 1644; x_wconf 84' lang='lat' dir='ltr'>morbus,</span> <span class='ocrx_word' id='word_1_201' title='bbox 288 1605 489 1646; x_wconf 80' lang='lat' dir='ltr'>periculum,</span> <span class='ocrx_word' id='word_1_202' title='bbox 507 1608 686 1645; x_wconf 82' lang='lat' dir='ltr'>paupertas</span> <span class='ocrx_word' id='word_1_203' title='bbox 703 1604 762 1634; x_wconf 63' lang='grc' dir='ltr'>διο.</span> <span class='ocrx_word' id='word_1_204' title='bbox 808 1604 861 1634; x_wconf 90' lang='lat' dir='ltr'>Sic</span> 
     </span>
     <span class='ocr_line' id='line_1_35' title="bbox 125 1647 863 1680; baseline -0.004 0"><span class='ocrx_word' id='word_1_205' title='bbox 125 1651 275 1680; x_wconf 87' lang='lat' dir='ltr'>amicitia</span> <span class='ocrx_word' id='word_1_206' title='bbox 309 1647 390 1679; x_wconf 76' lang='lat' dir='ltr'>Lael.</span> <span class='ocrx_word' id='word_1_207' title='bbox 425 1649 455 1679; x_wconf 90' lang='lat'>6.</span> <span class='ocrx_word' id='word_1_208' title='bbox 502 1651 553 1678; x_wconf 83' lang='lat' dir='ltr'>est</span> <span class='ocrx_word' id='word_1_209' title='bbox 589 1648 741 1678; x_wconf 87' lang='lat' dir='ltr'>omnium</span> <span class='ocrx_word' id='word_1_210' title='bbox 780 1647 863 1678; x_wconf 64' lang='lat' dir='ltr'>divi-</span> 
     </span>
     <span class='ocr_line' id='line_1_36' title="bbox 122 1693 860 1732; baseline -0.005 -7"><span class='ocrx_word' id='word_1_211' title='bbox 122 1704 246 1725; x_wconf 78' lang='lat' dir='ltr'>narum</span> <span class='ocrx_word' id='word_1_212' title='bbox 267 1693 559 1732; x_wconf 83' lang='lat' dir='ltr'>humanarumque</span> <span class='ocrx_word' id='word_1_213' title='bbox 583 1700 694 1722; x_wconf 87' lang='lat' dir='ltr'>rerum</span> <span class='ocrx_word' id='word_1_214' title='bbox 720 1701 860 1722; x_wconf 82' lang='lat' dir='ltr'>consen-</span> 
     </span>
     <span class='ocr_line' id='line_1_37' title="bbox 125 1735 863 1774; baseline -0.004 -6"><span class='ocrx_word' id='word_1_215' title='bbox 125 1738 174 1768; x_wconf 77' lang='lat' dir='ltr'>sio</span> <span class='ocrx_word' id='word_1_216' title='bbox 192 1747 270 1768; x_wconf 88' lang='lat' dir='ltr'>cum</span> <span class='ocrx_word' id='word_1_217' title='bbox 286 1736 514 1767; x_wconf 84' lang='lat' dir='ltr'>benivolentia</span> <span class='ocrx_word' id='word_1_218' title='bbox 528 1740 562 1765; x_wconf 85' lang='lat' dir='ltr'>et</span> <span class='ocrx_word' id='word_1_219' title='bbox 586 1736 745 1774; x_wconf 77' lang='lat' dir='ltr'>caritate3</span> <span class='ocrx_word' id='word_1_220' title='bbox 774 1735 863 1774; x_wconf 86' lang='lat' dir='ltr'>quod</span> 
     </span>
     <span class='ocr_line' id='line_1_38' title="bbox 124 1779 862 1820; baseline -0.004 -8"><span class='ocrx_word' id='word_1_221' title='bbox 124 1781 222 1820; x_wconf 89' lang='lat' dir='ltr'>quale</span> <span class='ocrx_word' id='word_1_222' title='bbox 246 1781 303 1818; x_wconf 83' lang='lat' dir='ltr'>sit,</span> <span class='ocrx_word' id='word_1_223' title='bbox 328 1779 472 1820; x_wconf 80' lang='lat' dir='ltr'>explicat</span> <span class='ocrx_word' id='word_1_224' title='bbox 495 1780 564 1820; x_wconf 88' lang='lat' dir='ltr'>ipse</span> <span class='ocrx_word' id='word_1_225' title='bbox 589 1790 617 1809; x_wconf 91' lang='lat' dir='ltr'>c.</span> <span class='ocrx_word' id='word_1_226' title='bbox 643 1783 691 1813; x_wconf 88' lang='lat'>17.</span> <span class='ocrx_word' id='word_1_227' title='bbox 719 1780 794 1809; x_wconf 85' lang='lat' dir='ltr'>init.</span> <span class='ocrx_word' id='word_1_228' title='bbox 811 1780 862 1809; x_wconf 84' lang='lat' dir='ltr'>his</span> 
     </span>
     <span class='ocr_line' id='line_1_39' title="bbox 122 1824 861 1866; baseline -0.003 -11"><span class='ocrx_word' id='word_1_229' title='bbox 122 1826 227 1866; x_wconf 81' lang='lat' dir='ltr'>igitur</span> <span class='ocrx_word' id='word_1_230' title='bbox 243 1825 366 1855; x_wconf 84' lang='lat' dir='ltr'>finibus</span> <span class='ocrx_word' id='word_1_231' title='bbox 384 1824 548 1854; x_wconf 83' lang='lat' dir='ltr'>utendum</span> <span class='ocrx_word' id='word_1_232' title='bbox 566 1824 719 1861; x_wconf 84' lang='lat' dir='ltr'>arbitror,</span> <span class='ocrx_word' id='word_1_233' title='bbox 734 1827 771 1853; x_wconf 83' lang='lat' dir='ltr'>ut</span> <span class='ocrx_word' id='word_1_234' title='bbox 784 1833 861 1853; x_wconf 89' lang='lat' dir='ltr'>cum</span> 
     </span>
     <span class='ocr_line' id='line_1_40' title="bbox 125 1867 861 1904; baseline -0.004 -5"><span class='ocrx_word' id='word_1_235' title='bbox 125 1869 295 1900; x_wconf 85' lang='lat' dir='ltr'>emendati</span> <span class='ocrx_word' id='word_1_236' title='bbox 321 1877 429 1899; x_wconf 88' lang='lat' dir='ltr'>mores</span> <span class='ocrx_word' id='word_1_237' title='bbox 461 1867 645 1898; x_wconf 88' lang='lat' dir='ltr'>amicorum</span> <span class='ocrx_word' id='word_1_238' title='bbox 676 1867 758 1904; x_wconf 78' lang='lat' dir='ltr'>sint,</span> <span class='ocrx_word' id='word_1_239' title='bbox 784 1871 861 1897; x_wconf 88' lang='lat' dir='ltr'>tum</span> 
     </span>
     <span class='ocr_line' id='line_1_41' title="bbox 122 1911 865 1949; baseline -0.005 -5"><span class='ocrx_word' id='word_1_240' title='bbox 122 1914 168 1944; x_wconf 83' lang='lat' dir='ltr'>sit</span> <span class='ocrx_word' id='word_1_241' title='bbox 191 1914 280 1943; x_wconf 90' lang='lat' dir='ltr'>inter</span> <span class='ocrx_word' id='word_1_242' title='bbox 302 1922 357 1943; x_wconf 92' lang='lat' dir='ltr'>eos</span> <span class='ocrx_word' id='word_1_243' title='bbox 381 1912 534 1942; x_wconf 87' lang='lat' dir='ltr'>omnium</span> <span class='ocrx_word' id='word_1_244' title='bbox 559 1921 684 1949; x_wconf 86' lang='lat' dir='ltr'>rerum,</span> <span class='ocrx_word' id='word_1_245' title='bbox 709 1911 865 1941; x_wconf 83' lang='lat' dir='ltr'>consilio-</span> 
     </span>
     <span class='ocr_line' id='line_1_42' title="bbox 123 1955 863 1995; baseline -0.004 -7"><span class='ocrx_word' id='word_1_246' title='bbox 123 1967 213 1994; x_wconf 86' lang='lat' dir='ltr'>rum,</span> <span class='ocrx_word' id='word_1_247' title='bbox 237 1957 453 1987; x_wconf 83' lang='lat' dir='ltr'>voluntatum</span> <span class='ocrx_word' id='word_1_248' title='bbox 478 1956 549 1985; x_wconf 89' lang='lat' dir='ltr'>sine</span> <span class='ocrx_word' id='word_1_249' title='bbox 571 1955 643 1985; x_wconf 88' lang='lat' dir='ltr'>ulla</span> <span class='ocrx_word' id='word_1_250' title='bbox 664 1956 863 1995; x_wconf 84' lang='lat' dir='ltr'>exceptione</span> 
     </span>
     <span class='ocr_line' id='line_1_43' title="bbox 124 1999 864 2032; baseline -0.001 -2"><span class='ocrx_word' id='word_1_251' title='bbox 124 2001 361 2032; x_wconf 79' lang='lat' dir='ltr'>communitas,</span> <span class='ocrx_word' id='word_1_252' title='bbox 390 1999 520 2030; x_wconf 72' lang='lat' dir='ltr'>*Porro</span> <span class='ocrx_word' id='word_1_253' title='bbox 536 2000 649 2030; x_wconf 62' lang='lat' dir='ltr'>(lirina</span> <span class='ocrx_word' id='word_1_254' title='bbox 665 2002 699 2029; x_wconf 88' lang='lat' dir='ltr'>et</span> <span class='ocrx_word' id='word_1_255' title='bbox 715 1999 864 2029; x_wconf 84' lang='lat' dir='ltr'>humana</span> 
     </span>
     <span class='ocr_line' id='line_1_44' title="bbox 125 2043 864 2085; baseline -0.003 -10"><span class='ocrx_word' id='word_1_256' title='bbox 125 2055 214 2085; x_wconf 85' lang='lat' dir='ltr'>saepe</span> <span class='ocrx_word' id='word_1_257' title='bbox 232 2045 392 2075; x_wconf 85' lang='lat' dir='ltr'>dicuntur</span> <span class='ocrx_word' id='word_1_258' title='bbox 407 2043 571 2081; x_wconf 85' lang='lat' dir='ltr'>absolute,</span> <span class='ocrx_word' id='word_1_259' title='bbox 585 2053 644 2083; x_wconf 87' lang='lat' dir='ltr'>pro</span> <span class='ocrx_word' id='word_1_260' title='bbox 660 2053 698 2073; x_wconf 90' lang='lat' dir='ltr'>eo</span> <span class='ocrx_word' id='word_1_261' title='bbox 713 2043 801 2082; x_wconf 86' lang='lat' dir='ltr'>quod</span> <span class='ocrx_word' id='word_1_262' title='bbox 813 2046 864 2073; x_wconf 85' lang='lat' dir='ltr'>est</span> 
     </span>
     <span class='ocr_line' id='line_1_45' title="bbox 125 2087 860 2125; baseline -0.003 -6"><span class='ocrx_word' id='word_1_263' title='bbox 125 2089 223 2119; x_wconf 86' lang='lat' dir='ltr'>Rosc.</span> <span class='ocrx_word' id='word_1_264' title='bbox 240 2089 315 2119; x_wconf 85' lang='lat' dir='ltr'>Am.</span> <span class='ocrx_word' id='word_1_265' title='bbox 333 2090 386 2120; x_wconf 75' lang='lat'>23.</span> <span class='ocrx_word' id='word_1_266' title='bbox 417 2088 528 2118; x_wconf 78' lang='lat' dir='ltr'>divina</span> <span class='ocrx_word' id='word_1_267' title='bbox 547 2091 581 2117; x_wconf 88' lang='lat' dir='ltr'>ct</span> <span class='ocrx_word' id='word_1_268' title='bbox 604 2087 754 2117; x_wconf 82' lang='lat' dir='ltr'>humana</span> <span class='ocrx_word' id='word_1_269' title='bbox 770 2087 860 2125; x_wconf 82' lang='lat' dir='ltr'>jura.</span> 
     </span>
     <span class='ocr_line' id='line_1_46' title="bbox 124 2131 863 2172; baseline -0.005 -8"><span class='ocrx_word' id='word_1_270' title='bbox 124 2133 174 2164; x_wconf 80' lang='lat' dir='ltr'>Ex</span> <span class='ocrx_word' id='word_1_271' title='bbox 183 2134 302 2172; x_wconf 85' lang='lat' dir='ltr'>quibus</span> <span class='ocrx_word' id='word_1_272' title='bbox 313 2131 528 2171; x_wconf 83' lang='lat' dir='ltr'>intelligitur,</span> <span class='ocrx_word' id='word_1_273' title='bbox 541 2131 644 2161; x_wconf 84' lang='lat' dir='ltr'>latine</span> <span class='ocrx_word' id='word_1_274' title='bbox 654 2132 796 2168; x_wconf 88' lang='lat' dir='ltr'>nescire,</span> <span class='ocrx_word' id='word_1_275' title='bbox 806 2131 863 2170; x_wconf 89' lang='lat' dir='ltr'>qui</span> 
     </span>
     <span class='ocr_line' id='line_1_47' title="bbox 124 2174 862 2216; baseline -0.003 -10"><span class='ocrx_word' id='word_1_276' title='bbox 124 2176 216 2207; x_wconf 84' lang='lat' dir='ltr'>illam</span> <span class='ocrx_word' id='word_1_277' title='bbox 243 2177 325 2216; x_wconf 85' lang='lat' dir='ltr'>juris</span> <span class='ocrx_word' id='word_1_278' title='bbox 351 2176 583 2206; x_wconf 88' lang='lat' dir='ltr'>definitionem</span> <span class='ocrx_word' id='word_1_279' title='bbox 612 2174 862 2205; x_wconf 78' lang='lat' dir='ltr'>Justinianeam</span> 
     </span>
     <span class='ocr_line' id='line_1_48' title="bbox 125 2219 864 2260; baseline -0.004 -9"><span class='ocrx_word' id='word_1_280' title='bbox 125 2226 185 2251; x_wconf 90' lang='lat' dir='ltr'>aut</span> <span class='ocrx_word' id='word_1_281' title='bbox 201 2231 268 2251; x_wconf 89' lang='lat' dir='ltr'>non</span> <span class='ocrx_word' id='word_1_282' title='bbox 284 2220 495 2260; x_wconf 78' lang='lat' dir='ltr'>intelligunt,</span> <span class='ocrx_word' id='word_1_283' title='bbox 511 2219 547 2249; x_wconf 91' lang='lat' dir='ltr'>in</span> <span class='ocrx_word' id='word_1_284' title='bbox 571 2228 638 2258; x_wconf 87' lang='lat' dir='ltr'>qua</span> <span class='ocrx_word' id='word_1_285' title='bbox 660 2228 711 2248; x_wconf 84' lang='lat' dir='ltr'>res</span> <span class='ocrx_word' id='word_1_286' title='bbox 735 2219 864 2249; x_wconf 71' lang='lat' dir='ltr'>divinas</span> 
     </span>
     <span class='ocr_line' id='line_1_49' title="bbox 125 2262 862 2304; baseline -0.004 -9"><span class='ocrx_word' id='word_1_287' title='bbox 125 2269 160 2294; x_wconf 91' lang='lat' dir='ltr'>et</span> <span class='ocrx_word' id='word_1_288' title='bbox 176 2264 354 2302; x_wconf 78' lang='lat' dir='ltr'>humanas,</span> <span class='ocrx_word' id='word_1_289' title='bbox 372 2274 430 2304; x_wconf 91' lang='lat' dir='ltr'>pro</span> <span class='ocrx_word' id='word_1_290' title='bbox 448 2264 525 2302; x_wconf 79' lang='lat' dir='ltr'>jure</span> <span class='ocrx_word' id='word_1_291' title='bbox 542 2263 650 2293; x_wconf 76' lang='lat' dir='ltr'>divino</span> <span class='ocrx_word' id='word_1_292' title='bbox 662 2266 697 2293; x_wconf 87' lang='lat' dir='ltr'>et</span> <span class='ocrx_word' id='word_1_293' title='bbox 713 2262 862 2292; x_wconf 82' lang='lat' dir='ltr'>humano</span> 
     </span>
     <span class='ocr_line' id='line_1_50' title="bbox 123 2305 864 2348; baseline -0.004 -10"><span class='ocrx_word' id='word_1_294' title='bbox 123 2318 150 2338; x_wconf 78' lang='lat' dir='ltr'>s.</span> <span class='ocrx_word' id='word_1_295' title='bbox 166 2308 295 2348; x_wconf 78' lang='lat' dir='ltr'>legibus</span> <span class='ocrx_word' id='word_1_296' title='bbox 311 2309 429 2338; x_wconf 72' lang='lat' dir='ltr'>divinis</span> <span class='ocrx_word' id='word_1_297' title='bbox 452 2312 487 2337; x_wconf 85' lang='lat' dir='ltr'>et</span> <span class='ocrx_word' id='word_1_298' title='bbox 509 2306 678 2343; x_wconf 88' lang='lat' dir='ltr'>humanis,</span> <span class='ocrx_word' id='word_1_299' title='bbox 695 2305 727 2336; x_wconf 90' lang='lat' dir='ltr'>h.</span> <span class='ocrx_word' id='word_1_300' title='bbox 752 2317 781 2336; x_wconf 87' lang='lat' dir='ltr'>e.</span> <span class='ocrx_word' id='word_1_301' title='bbox 805 2315 864 2336; x_wconf 86' lang='lat' dir='ltr'>na-</span> 
     </span>
     <span class='ocr_line' id='line_1_51' title="bbox 123 2349 864 2392; baseline -0.004 -10"><span class='ocrx_word' id='word_1_302' title='bbox 123 2353 290 2382; x_wconf 83' lang='lat' dir='ltr'>turalibus</span> <span class='ocrx_word' id='word_1_303' title='bbox 315 2358 350 2382; x_wconf 86' lang='lat' dir='ltr'>et</span> <span class='ocrx_word' id='word_1_304' title='bbox 372 2350 521 2392; x_wconf 87' lang='lat' dir='ltr'>positivis</span> <span class='ocrx_word' id='word_1_305' title='bbox 546 2356 585 2381; x_wconf 87' lang='lat' dir='ltr'>ut</span> <span class='ocrx_word' id='word_1_306' title='bbox 606 2350 703 2380; x_wconf 89' lang='lat' dir='ltr'>hodie</span> <span class='ocrx_word' id='word_1_307' title='bbox 721 2349 864 2390; x_wconf 86' lang='lat' dir='ltr'>loquun-</span> 
     </span>
     <span class='ocr_line' id='line_1_52' title="bbox 123 2394 863 2434; baseline -0.004 -8"><span class='ocrx_word' id='word_1_308' title='bbox 123 2399 196 2434; x_wconf 82' lang='lat' dir='ltr'>tur,</span> <span class='ocrx_word' id='word_1_309' title='bbox 223 2396 289 2426; x_wconf 85' lang='lat' dir='ltr'>diei</span> <span class='ocrx_word' id='word_1_310' title='bbox 317 2396 537 2427; x_wconf 76' lang='lat' dir='ltr'>manifestum</span> <span class='ocrx_word' id='word_1_311' title='bbox 566 2399 629 2431; x_wconf 88' lang='lat' dir='ltr'>est,</span> <span class='ocrx_word' id='word_1_312' title='bbox 657 2394 709 2424; x_wconf 87' lang='lat' dir='ltr'>vel</span> <span class='ocrx_word' id='word_1_313' title='bbox 739 2404 779 2423; x_wconf 82' lang='lat' dir='ltr'>ex</span> <span class='ocrx_word' id='word_1_314' title='bbox 811 2403 863 2426; x_wconf 82' lang='lat' dir='ltr'>eo.</span> 
     </span>
     <span class='ocr_line' id='line_1_53' title="bbox 127 2437 864 2480; baseline -0.004 -10"><span class='ocrx_word' id='word_1_315' title='bbox 127 2440 216 2480; x_wconf 87' lang='lat' dir='ltr'>quod</span> <span class='ocrx_word' id='word_1_316' title='bbox 233 2441 263 2469; x_wconf 90' lang='lat' dir='ltr'>ei</span> <span class='ocrx_word' id='word_1_317' title='bbox 279 2440 353 2470; x_wconf 84' lang='lat' dir='ltr'>duae</span> <span class='ocrx_word' id='word_1_318' title='bbox 369 2439 484 2470; x_wconf 85' lang='lat' dir='ltr'>sormae</span> <span class='ocrx_word' id='word_1_319' title='bbox 495 2439 552 2478; x_wconf 83' lang='lat' dir='ltr'>jus</span> <span class='ocrx_word' id='word_1_320' title='bbox 570 2442 698 2468; x_wconf 86' lang='lat' dir='ltr'>naturae</span> <span class='ocrx_word' id='word_1_321' title='bbox 715 2441 749 2467; x_wconf 87' lang='lat' dir='ltr'>et</span> <span class='ocrx_word' id='word_1_322' title='bbox 768 2437 864 2468; x_wconf 81' lang='lat' dir='ltr'>civile</span> 
     </span>
     <span class='ocr_line' id='line_1_54' title="bbox 128 2481 864 2522; baseline -0.003 -9"><span class='ocrx_word' id='word_1_323' title='bbox 128 2484 368 2522; x_wconf 78' lang='lat' dir='ltr'>subjiciuntur,</span> <span class='ocrx_word' id='word_1_324' title='bbox 400 2487 459 2513; x_wconf 89' lang='lat' dir='ltr'>aut</span> <span class='ocrx_word' id='word_1_325' title='bbox 492 2481 742 2522; x_wconf 85' lang='lat' dir='ltr'>reprehendunt</span> <span class='ocrx_word' id='word_1_326' title='bbox 769 2481 864 2519; x_wconf 88' lang='lat' dir='ltr'>adeo,</span> 
     </span>
     <span class='ocr_line' id='line_1_55' title="bbox 127 2525 866 2566; baseline -0.003 -9"><span class='ocrx_word' id='word_1_327' title='bbox 127 2537 207 2557; x_wconf 84' lang='lat' dir='ltr'>curn</span> <span class='ocrx_word' id='word_1_328' title='bbox 232 2527 367 2557; x_wconf 77' lang='lat' dir='ltr'>latinius</span> <span class='ocrx_word' id='word_1_329' title='bbox 391 2526 524 2556; x_wconf 79' lang='lat' dir='ltr'>definiri</span> <span class='ocrx_word' id='word_1_330' title='bbox 549 2536 616 2556; x_wconf 92' lang='lat' dir='ltr'>non</span> <span class='ocrx_word' id='word_1_331' title='bbox 642 2526 755 2566; x_wconf 89' lang='lat' dir='ltr'>possit.</span> <span class='ocrx_word' id='word_1_332' title='bbox 801 2525 866 2555; x_wconf 88' lang='lat' dir='ltr'>Sed</span> 
     </span>
     <span class='ocr_line' id='line_1_56' title="bbox 128 2569 865 2606; baseline -0.003 -5"><span class='ocrx_word' id='word_1_333' title='bbox 128 2570 192 2601; x_wconf 84' lang='lat' dir='ltr'>hoc</span> <span class='ocrx_word' id='word_1_334' title='bbox 219 2571 292 2601; x_wconf 85' lang='lat' dir='ltr'>aliis</span> <span class='ocrx_word' id='word_1_335' title='bbox 317 2572 419 2601; x_wconf 84' lang='lat' dir='ltr'>etiam</span> <span class='ocrx_word' id='word_1_336' title='bbox 447 2570 700 2601; x_wconf 86' lang='lat' dir='ltr'>definitionibus</span> <span class='ocrx_word' id='word_1_337' title='bbox 730 2569 865 2606; x_wconf 87' lang='lat' dir='ltr'>accidit,</span> 
     </span>
     <span class='ocr_line' id='line_1_57' title="bbox 127 2613 865 2653; baseline -0.001 -9"><span class='ocrx_word' id='word_1_338' title='bbox 127 2619 169 2645; x_wconf 88' lang='lat' dir='ltr'>ut</span> <span class='ocrx_word' id='word_1_339' title='bbox 197 2624 265 2644; x_wconf 90' lang='lat' dir='ltr'>non</span> <span class='ocrx_word' id='word_1_340' title='bbox 302 2614 539 2653; x_wconf 81' lang='lat' dir='ltr'>intelligantur</span> <span class='ocrx_word' id='word_1_341' title='bbox 572 2613 666 2644; x_wconf 83' lang='lat' dir='ltr'>latini</span> <span class='ocrx_word' id='word_1_342' title='bbox 703 2613 865 2643; x_wconf 81' lang='lat' dir='ltr'>sermonis</span> 
     </span>
     <span class='ocr_line' id='line_1_58' title="bbox 126 2657 867 2698; baseline -0.003 -10"><span class='ocrx_word' id='word_1_343' title='bbox 126 2659 274 2696; x_wconf 89' lang='lat' dir='ltr'>inscitia,</span> <span class='ocrx_word' id='word_1_344' title='bbox 300 2664 334 2688; x_wconf 85' lang='lat' dir='ltr'>et</span> <span class='ocrx_word' id='word_1_345' title='bbox 360 2663 538 2698; x_wconf 87' lang='lat' dir='ltr'>propterea</span> <span class='ocrx_word' id='word_1_346' title='bbox 566 2657 867 2698; x_wconf 80' lang='lat' dir='ltr'>reprehendantur.</span> 
     </span>
     <span class='ocr_line' id='line_1_59' title="bbox 127 2700 867 2733; baseline -0.001 -1"><span class='ocrx_word' id='word_1_347' title='bbox 127 2702 194 2732; x_wconf 84' lang='lat' dir='ltr'>vid.</span> <span class='ocrx_word' id='word_1_348' title='bbox 210 2702 403 2733; x_wconf 86' lang='lat' dir='ltr'>Vinculum.</span> <span class='ocrx_word' id='word_1_349' title='bbox 449 2702 499 2732; x_wconf 89' lang='lat' dir='ltr'>Ea</span> <span class='ocrx_word' id='word_1_350' title='bbox 521 2705 635 2732; x_wconf 83' lang='lat' dir='ltr'>autem</span> <span class='ocrx_word' id='word_1_351' title='bbox 659 2702 744 2731; x_wconf 81' lang='lat' dir='ltr'>ratio</span> <span class='ocrx_word' id='word_1_352' title='bbox 764 2701 802 2731; x_wconf 84' lang='lat' dir='ltr'>de</span> <span class='ocrx_word' id='word_1_353' title='bbox 820 2700 867 2731; x_wconf 83' lang='lat' dir='ltr'>lc-</span> 
     </span>
     <span class='ocr_line' id='line_1_60' title="bbox 131 2743 865 2786; baseline -0.003 -10"><span class='ocrx_word' id='word_1_354' title='bbox 131 2746 227 2786; x_wconf 79' lang='lat' dir='ltr'>gibus</span> <span class='ocrx_word' id='word_1_355' title='bbox 250 2749 309 2776; x_wconf 88' lang='lat' dir='ltr'>aut</span> <span class='ocrx_word' id='word_1_356' title='bbox 331 2746 435 2775; x_wconf 86' lang='lat' dir='ltr'>etiam</span> <span class='ocrx_word' id='word_1_357' title='bbox 459 2746 574 2775; x_wconf 85' lang='lat' dir='ltr'>officiis</span> <span class='ocrx_word' id='word_1_358' title='bbox 598 2745 755 2784; x_wconf 88' lang='lat' dir='ltr'>loquendi</span> <span class='ocrx_word' id='word_1_359' title='bbox 774 2756 791 2775; x_wconf 80' lang='lat' dir='ltr'>a</span> <span class='ocrx_word' id='word_1_360' title='bbox 807 2743 865 2774; x_wconf 82' lang='lat' dir='ltr'>So-</span> 
     </span>
     <span class='ocr_line' id='line_1_61' title="bbox 131 2788 866 2829; baseline -0.003 -9"><span class='ocrx_word' id='word_1_361' title='bbox 131 2790 263 2820; x_wconf 80' lang='lat' dir='ltr'>craticis</span> <span class='ocrx_word' id='word_1_362' title='bbox 280 2789 429 2829; x_wconf 82' lang='lat' dir='ltr'>profecta</span> <span class='ocrx_word' id='word_1_363' title='bbox 444 2792 503 2819; x_wconf 86' lang='lat' dir='ltr'>est.</span> <span class='ocrx_word' id='word_1_364' title='bbox 551 2789 645 2819; x_wconf 82' lang='lat' dir='ltr'>Plato</span> <span class='ocrx_word' id='word_1_365' title='bbox 664 2789 704 2819; x_wconf 77' lang='lat' dir='ltr'>de</span> <span class='ocrx_word' id='word_1_366' title='bbox 721 2788 824 2828; x_wconf 79' lang='lat' dir='ltr'>Legg.</span> <span class='ocrx_word' id='word_1_367' title='bbox 843 2789 866 2818; x_wconf 89' lang='lat' dir='ltr'>l.</span> 
     </span>
     <span class='ocr_line' id='line_1_62' title="bbox 131 2830 866 2873; baseline 0 -11"><span class='ocrx_word' id='word_1_368' title='bbox 131 2843 162 2863; x_wconf 91' lang='lat' dir='ltr'>v.</span> <span class='ocrx_word' id='word_1_369' title='bbox 179 2843 211 2873; x_wconf 90' lang='lat' dir='ltr'>p.</span> <span class='ocrx_word' id='word_1_370' title='bbox 236 2836 310 2865; x_wconf 65' lang='lat'>8422.</span> <span class='ocrx_word' id='word_1_371' title='bbox 334 2833 385 2863; x_wconf 87' lang='lat' dir='ltr'>ed.</span> <span class='ocrx_word' id='word_1_372' title='bbox 410 2832 560 2862; x_wconf 84' lang='lat' dir='ltr'>Francof.</span> <span class='ocrx_word' id='word_1_373' title='bbox 585 2830 866 2865; x_wconf 64' lang='grc' dir='ltr'>ἐπιτηδευμάτων-</span> 
     </span>
     <span class='ocr_line' id='line_1_63' title="bbox 128 2874 865 2916; baseline -0.003 -9"><span class='ocrx_word' id='word_1_374' title='bbox 128 2876 273 2907; x_wconf 67' lang='grc' dir='ltr'>λέλεκται</span> <span class='ocrx_word' id='word_1_375' title='bbox 295 2874 397 2916; x_wconf 63' lang='grc' dir='ltr'><em>σχεδὸν</em></span> <span class='ocrx_word' id='word_1_376' title='bbox 419 2875 473 2905; x_wconf 67' lang='grc' dir='ltr'>ἴσα</span> <span class='ocrx_word' id='word_1_377' title='bbox 499 2880 597 2906; x_wconf 85' lang='grc' dir='ltr'><strong>ΘΕΙΑ</strong></span> <span class='ocrx_word' id='word_1_378' title='bbox 620 2875 671 2908; x_wconf 72' lang='grc' dir='ltr'>ἒςί·</span> <span class='ocrx_word' id='word_1_379' title='bbox 697 2876 739 2906; x_wconf 70' lang='grc' dir='ltr'>τὰ</span> <span class='ocrx_word' id='word_1_380' title='bbox 762 2874 784 2906; x_wconf 73' lang='grc' dir='ltr'>δ’</span> <span class='ocrx_word' id='word_1_381' title='bbox 798 2880 865 2905; x_wconf 87' lang='lat' dir='ltr'>AN-</span> 
     </span>
     <span class='ocr_line' id='line_1_64' title="bbox 132 2919 867 2962; baseline -0.003 -11"><span class='ocrx_word' id='word_1_382' title='bbox 132 2925 324 2953; x_wconf 76' lang='grc' dir='ltr'>ΘΡΩΠΙΝΑ</span> <span class='ocrx_word' id='word_1_383' title='bbox 343 2920 384 2950; x_wconf 69' lang='grc' dir='ltr'>νῦν</span> <span class='ocrx_word' id='word_1_384' title='bbox 399 2919 464 2959; x_wconf 72' lang='grc' dir='ltr'>ἧμῖν</span> <span class='ocrx_word' id='word_1_385' title='bbox 479 2919 530 2950; x_wconf 68' lang='grc' dir='ltr'>οὒκ</span> <span class='ocrx_word' id='word_1_386' title='bbox 547 2919 676 2962; x_wconf 55' lang='lat' dir='ltr'>§fem-aq</span> <span class='ocrx_word' id='word_1_387' title='bbox 701 2920 757 2950; x_wconf 79' lang='lat' dir='ltr'>ubi</span> <span class='ocrx_word' id='word_1_388' title='bbox 784 2920 867 2950; x_wconf 71' lang='lat' dir='ltr'>divi-</span> 
     </span>
    </p>
   </div>
   <div class='ocr_carea' id='block_1_3' title="bbox 650 111 1127 141">
    <p class='ocr_par' dir='ltr' id='par_1_3' title="bbox 650 111 1127 141">
     <span class='ocr_line' id='line_1_65' title="bbox 650 111 1127 141; baseline 0.002 -1"><span class='ocrx_word' id='word_1_389' title='bbox 650 111 798 140; x_wconf 72' lang='lat' dir='ltr'>INDEX</span> <span class='ocrx_word' id='word_1_390' title='bbox 829 111 931 139; x_wconf 78' lang='lat' dir='ltr'>LA&#39;rl</span> <span class='ocrx_word' id='word_1_391' title='bbox 939 112 964 139; x_wconf 78' lang='lat' dir='ltr'>N</span> <span class='ocrx_word' id='word_1_392' title='bbox 972 112 1111 140; x_wconf 69' lang='lat' dir='ltr'>1&#39;1&#39;A&#39;1&#39;1s</span> <span class='ocrx_word' id='word_1_393' title='bbox 1118 130 1127 141; x_wconf 75' lang='grc'>.</span> 
     </span>
    </p>
   </div>
   <div class='ocr_carea' id='block_1_4' title="bbox 908 201 1683 2960">
    <p class='ocr_par' dir='ltr' id='par_1_4' title="bbox 910 201 1666 755">
     <span class='ocr_line' id='line_1_66' title="bbox 910 201 1647 242; baseline 0.005 -11"><span class='ocrx_word' id='word_1_394' title='bbox 910 210 956 232; x_wconf 79' lang='lat' dir='ltr'>na</span> <span class='ocrx_word' id='word_1_395' title='bbox 967 202 1075 231; x_wconf 86' lang='lat' dir='ltr'>officia</span> <span class='ocrx_word' id='word_1_396' title='bbox 1086 201 1247 232; x_wconf 78' lang='lat' dir='ltr'>«licuntur</span> <span class='ocrx_word' id='word_1_397' title='bbox 1257 210 1308 239; x_wconf 87' lang='lat' dir='ltr'>ea,</span> <span class='ocrx_word' id='word_1_398' title='bbox 1325 210 1398 241; x_wconf 82' lang='lat' dir='ltr'>quae</span> <span class='ocrx_word' id='word_1_399' title='bbox 1416 204 1588 242; x_wconf 82' lang='lat' dir='ltr'>pertinent</span> <span class='ocrx_word' id='word_1_400' title='bbox 1604 204 1647 235; x_wconf 75' lang='lat' dir='ltr'>ad</span> 
     </span>
     <span class='ocr_line' id='line_1_67' title="bbox 911 245 1646 287; baseline 0.005 -13"><span class='ocrx_word' id='word_1_401' title='bbox 911 255 962 275; x_wconf 88' lang='lat' dir='ltr'>res</span> <span class='ocrx_word' id='word_1_402' title='bbox 986 246 1125 283; x_wconf 69' lang='lat' dir='ltr'>divinas,</span> <span class='ocrx_word' id='word_1_403' title='bbox 1143 245 1176 275; x_wconf 93' lang='lat' dir='ltr'>h.</span> <span class='ocrx_word' id='word_1_404' title='bbox 1192 250 1254 283; x_wconf 82' lang='lat' dir='ltr'>est,</span> <span class='ocrx_word' id='word_1_405' title='bbox 1278 248 1315 275; x_wconf 86' lang='lat' dir='ltr'>ut</span> <span class='ocrx_word' id='word_1_406' title='bbox 1331 246 1406 286; x_wconf 82' lang='lat' dir='ltr'>-ipse</span> <span class='ocrx_word' id='word_1_407' title='bbox 1430 247 1489 284; x_wconf 84' lang='lat' dir='ltr'>ait,</span> <span class='ocrx_word' id='word_1_408' title='bbox 1513 248 1548 278; x_wconf 91' lang='lat' dir='ltr'>in</span> <span class='ocrx_word' id='word_1_409' title='bbox 1572 248 1646 287; x_wconf 89' lang='lat' dir='ltr'>qui-</span> 
     </span>
     <span class='ocr_line' id='line_1_68' title="bbox 911 289 1645 329; baseline 0.004 -10"><span class='ocrx_word' id='word_1_410' title='bbox 911 289 972 319; x_wconf 82' lang='lat' dir='ltr'>bus</span> <span class='ocrx_word' id='word_1_411' title='bbox 996 290 1023 319; x_wconf 90' lang='lat' dir='ltr'>si</span> <span class='ocrx_word' id='word_1_412' title='bbox 1047 291 1248 329; x_wconf 74' lang='lat' dir='ltr'>peccaveris,</span> <span class='ocrx_word' id='word_1_413' title='bbox 1272 289 1384 319; x_wconf 87' lang='lat' dir='ltr'>Deum</span> <span class='ocrx_word' id='word_1_414' title='bbox 1415 289 1558 321; x_wconf 87' lang='lat' dir='ltr'>ultorem</span> <span class='ocrx_word' id='word_1_415' title='bbox 1587 292 1645 322; x_wconf 77' lang='lat' dir='ltr'>lia-</span> 
     </span>
     <span class='ocr_line' id='line_1_69' title="bbox 911 332 1646 372; baseline 0.005 -10"><span class='ocrx_word' id='word_1_416' title='bbox 911 332 1002 370; x_wconf 85' lang='lat' dir='ltr'>beas,</span> <span class='ocrx_word' id='word_1_417' title='bbox 1026 333 1175 363; x_wconf 78' lang='lat' dir='ltr'>humana</span> <span class='ocrx_word' id='word_1_418' title='bbox 1205 339 1332 371; x_wconf 75' lang='lat' dir='ltr'>autem,</span> <span class='ocrx_word' id='word_1_419' title='bbox 1357 333 1476 372; x_wconf 86' lang='lat' dir='ltr'>quibus</span> <span class='ocrx_word' id='word_1_420' title='bbox 1506 334 1646 372; x_wconf 81' lang='lat' dir='ltr'>objectae</span> 
     </span>
     <span class='ocr_line' id='line_1_70' title="bbox 912 375 1646 417; baseline 0.004 -12"><span class='ocrx_word' id='word_1_421' title='bbox 912 381 992 406; x_wconf 85' lang='lat' dir='ltr'>sunt</span> <span class='ocrx_word' id='word_1_422' title='bbox 1015 387 1065 406; x_wconf 85' lang='lat' dir='ltr'>res</span> <span class='ocrx_word' id='word_1_423' title='bbox 1091 377 1257 407; x_wconf 79' lang='lat' dir='ltr'>hunianae.</span> <span class='ocrx_word' id='word_1_424' title='bbox 1283 387 1315 416; x_wconf 88' lang='lat' dir='ltr'>p.</span> <span class='ocrx_word' id='word_1_425' title='bbox 1340 379 1414 408; x_wconf 65' lang='lat'>840.</span> <span class='ocrx_word' id='word_1_426' title='bbox 1445 376 1489 410; x_wconf 75' lang='grc' dir='ltr'><strong><em>’ές-ι</em></strong></span> <span class='ocrx_word' id='word_1_427' title='bbox 1511 375 1544 410; x_wconf 68' lang='grc' dir='ltr'>δὴ</span> <span class='ocrx_word' id='word_1_428' title='bbox 1566 378 1646 417; x_wconf 77' lang='grc' dir='ltr'><strong><em>φύσει</em></strong></span> 
     </span>
     <span class='ocr_line' id='line_1_71' title="bbox 911 418 1649 461; baseline 0.003 -12"><span class='ocrx_word' id='word_1_429' title='bbox 911 418 1086 461; x_wconf 64' lang='grc' dir='ltr'>ἀνθρώπειον</span> <span class='ocrx_word' id='word_1_430' title='bbox 1097 421 1217 459; x_wconf 52' lang='grc' dir='ltr'>μέλις-αι</span> <span class='ocrx_word' id='word_1_431' title='bbox 1230 418 1322 453; x_wconf 69' lang='grc' dir='ltr'>ἡδοναὶ</span> <span class='ocrx_word' id='word_1_432' title='bbox 1337 420 1388 450; x_wconf 74' lang='grc' dir='ltr'>καὶ</span> <span class='ocrx_word' id='word_1_433' title='bbox 1403 419 1498 451; x_wconf 66' lang='grc' dir='ltr'><strong><em>λύπαι</em></strong></span> <span class='ocrx_word' id='word_1_434' title='bbox 1512 421 1564 451; x_wconf 73' lang='grc' dir='ltr'>καὶ</span> <span class='ocrx_word' id='word_1_435' title='bbox 1585 422 1649 452; x_wconf 71' lang='lat' dir='ltr'>im-</span> 
     </span>
     <span class='ocr_line' id='line_1_72' title="bbox 911 461 1666 504; baseline 0.004 -12"><span class='ocrx_word' id='word_1_436' title='bbox 911 461 1018 501; x_wconf 67' lang='grc' dir='ltr'><strong><em>θυμίαι</em></strong></span> <span class='ocrx_word' id='word_1_437' title='bbox 1037 464 1095 494; x_wconf 87' lang='lat' dir='ltr'>&amp;c.</span> <span class='ocrx_word' id='word_1_438' title='bbox 1119 475 1151 504; x_wconf 89' lang='lat' dir='ltr'>p.</span> <span class='ocrx_word' id='word_1_439' title='bbox 1167 467 1240 495; x_wconf 72' lang='lat'>8⁴2.</span> <span class='ocrx_word' id='word_1_440' title='bbox 1268 464 1321 494; x_wconf 86' lang='lat' dir='ltr'>Sic</span> <span class='ocrx_word' id='word_1_441' title='bbox 1338 475 1390 504; x_wconf 84' lang='lat' dir='ltr'>ap.</span> <span class='ocrx_word' id='word_1_442' title='bbox 1408 464 1479 495; x_wconf 87' lang='lat' dir='ltr'>Liv.</span> <span class='ocrx_word' id='word_1_443' title='bbox 1491 465 1579 495; x_wconf 86' lang='lat' dir='ltr'>xxix.</span> <span class='ocrx_word' id='word_1_444' title='bbox 1597 467 1646 496; x_wconf 79' lang='lat'>18.</span> <span class='ocrx_word' id='word_1_445' title='bbox 1662 461 1666 465; x_wconf 75' lang='grc'><strong><em>’</em></strong></span> 
     </span>
     <span class='ocr_line' id='line_1_73' title="bbox 911 507 1651 548; baseline 0.004 -13"><span class='ocrx_word' id='word_1_446' title='bbox 911 512 996 536; x_wconf 83' lang='lat' dir='ltr'>extr.</span> <span class='ocrx_word' id='word_1_447' title='bbox 1013 510 1047 536; x_wconf 88' lang='lat' dir='ltr'>et</span> <span class='ocrx_word' id='word_1_448' title='bbox 1062 507 1119 537; x_wconf 87' lang='lat' dir='ltr'>illa</span> <span class='ocrx_word' id='word_1_449' title='bbox 1134 508 1224 537; x_wconf 84' lang='lat' dir='ltr'>omni</span> <span class='ocrx_word' id='word_1_450' title='bbox 1242 509 1348 538; x_wconf 71' lang='lat' dir='ltr'>divino</span> <span class='ocrx_word' id='word_1_451' title='bbox 1371 508 1585 548; x_wconf 83' lang='lat' dir='ltr'>humanoque</span> <span class='ocrx_word' id='word_1_452' title='bbox 1608 508 1651 539; x_wconf 88' lang='lat' dir='ltr'>li-</span> 
     </span>
     <span class='ocr_line' id='line_1_74' title="bbox 912 550 1648 587; baseline 0.005 -8"><span class='ocrx_word' id='word_1_453' title='bbox 912 550 1047 580; x_wconf 81' lang='lat' dir='ltr'>beretur</span> <span class='ocrx_word' id='word_1_454' title='bbox 1068 551 1202 581; x_wconf 85' lang='lat' dir='ltr'>scelere.</span> <span class='ocrx_word' id='word_1_455' title='bbox 1233 552 1320 582; x_wconf 81' lang='lat' dir='ltr'>conf.</span> <span class='ocrx_word' id='word_1_456' title='bbox 1345 552 1391 582; x_wconf 88' lang='lat' dir='ltr'>iii.</span> <span class='ocrx_word' id='word_1_457' title='bbox 1420 556 1468 587; x_wconf 84' lang='lat'>19.</span> <span class='ocrx_word' id='word_1_458' title='bbox 1498 552 1555 583; x_wconf 88' lang='lat' dir='ltr'>ubi</span> <span class='ocrx_word' id='word_1_459' title='bbox 1577 552 1648 582; x_wconf 86' lang='lat' dir='ltr'>fru-</span> 
     </span>
     <span class='ocr_line' id='line_1_75' title="bbox 912 593 1648 627; baseline 0.005 -5"><span class='ocrx_word' id='word_1_460' title='bbox 912 598 982 623; x_wconf 84' lang='lat' dir='ltr'>stra</span> <span class='ocrx_word' id='word_1_461' title='bbox 999 593 1146 625; x_wconf 87' lang='lat' dir='ltr'>haerebat</span> <span class='ocrx_word' id='word_1_462' title='bbox 1164 595 1335 626; x_wconf 88' lang='lat' dir='ltr'>Drakenb.</span> <span class='ocrx_word' id='word_1_463' title='bbox 1381 596 1446 626; x_wconf 79' lang='lat' dir='ltr'>Sed</span> <span class='ocrx_word' id='word_1_464' title='bbox 1469 605 1584 627; x_wconf 87' lang='lat' dir='ltr'>vereor</span> <span class='ocrx_word' id='word_1_465' title='bbox 1606 605 1648 626; x_wconf 90' lang='lat' dir='ltr'>ne</span> 
     </span>
     <span class='ocr_line' id='line_1_76' title="bbox 912 637 1648 680; baseline 0.004 -13"><span class='ocrx_word' id='word_1_466' title='bbox 912 637 1050 667; x_wconf 88' lang='lat' dir='ltr'>modum</span> <span class='ocrx_word' id='word_1_467' title='bbox 1076 638 1234 668; x_wconf 90' lang='lat' dir='ltr'>excedam</span> <span class='ocrx_word' id='word_1_468' title='bbox 1263 640 1299 669; x_wconf 89' lang='lat' dir='ltr'>in</span> <span class='ocrx_word' id='word_1_469' title='bbox 1325 639 1386 669; x_wconf 92' lang='lat' dir='ltr'>hac</span> <span class='ocrx_word' id='word_1_470' title='bbox 1410 640 1648 680; x_wconf 85' lang='lat' dir='ltr'>disputatione.</span> 
     </span>
     <span class='ocr_line' id='line_1_77' title="bbox 912 680 1646 724; baseline 0.007 -14"><span class='ocrx_word' id='word_1_471' title='bbox 912 680 1030 721; x_wconf 83' lang='lat' dir='ltr'>ltaque</span> <span class='ocrx_word' id='word_1_472' title='bbox 1054 682 1152 723; x_wconf 84' lang='lat' dir='ltr'>plura</span> <span class='ocrx_word' id='word_1_473' title='bbox 1173 682 1295 712; x_wconf 88' lang='lat' dir='ltr'>addere</span> <span class='ocrx_word' id='word_1_474' title='bbox 1317 682 1472 724; x_wconf 86' lang='lat' dir='ltr'>exempla</span> <span class='ocrx_word' id='word_1_475' title='bbox 1494 693 1563 714; x_wconf 93' lang='lat' dir='ltr'>non</span> <span class='ocrx_word' id='word_1_476' title='bbox 1586 694 1646 714; x_wconf 86' lang='lat' dir='ltr'>au-</span> 
     </span>
     <span class='ocr_line' id='line_1_78' title="bbox 913 725 985 755; baseline -0.014 0"><span class='ocrx_word' id='word_1_477' title='bbox 913 725 985 755; x_wconf 90' lang='lat' dir='ltr'>deo.</span> 
     </span>
    </p>

    <p class='ocr_par' dir='ltr' id='par_1_5' title="bbox 909 768 1647 887">
     <span class='ocr_line' id='line_1_79' title="bbox 955 768 1647 802; baseline 0.001 -2"><span class='ocrx_word' id='word_1_478' title='bbox 955 768 1092 800; x_wconf 75' lang='lat' dir='ltr'>Divisio.</span> <span class='ocrx_word' id='word_1_479' title='bbox 1124 769 1164 799; x_wconf 89' lang='lat' dir='ltr'>de</span> <span class='ocrx_word' id='word_1_480' title='bbox 1189 779 1223 800; x_wconf 91' lang='lat' dir='ltr'>re</span> <span class='ocrx_word' id='word_1_481' title='bbox 1246 770 1400 800; x_wconf 87' lang='lat' dir='ltr'>obscoena</span> <span class='ocrx_word' id='word_1_482' title='bbox 1422 774 1473 801; x_wconf 84' lang='lat' dir='ltr'>cst</span> <span class='ocrx_word' id='word_1_483' title='bbox 1495 770 1537 802; x_wconf 87' lang='lat' dir='ltr'>ad</span> <span class='ocrx_word' id='word_1_484' title='bbox 1568 770 1647 801; x_wconf 89' lang='lat' dir='ltr'>Div.</span> 
     </span>
     <span class='ocr_line' id='line_1_80' title="bbox 911 813 1630 846; baseline 0.006 -4"><span class='ocrx_word' id='word_1_485' title='bbox 911 813 954 843; x_wconf 88' lang='lat' dir='ltr'>ix.</span> <span class='ocrx_word' id='word_1_486' title='bbox 971 815 1024 844; x_wconf 67' lang='lat'>22.</span> <span class='ocrx_word' id='word_1_487' title='bbox 1057 813 1145 843; x_wconf 84' lang='lat' dir='ltr'>unde</span> <span class='ocrx_word' id='word_1_488' title='bbox 1163 814 1197 843; x_wconf 93' lang='lat' dir='ltr'>in</span> <span class='ocrx_word' id='word_1_489' title='bbox 1215 813 1276 844; x_wconf 93' lang='lat' dir='ltr'>hoc</span> <span class='ocrx_word' id='word_1_490' title='bbox 1293 814 1392 844; x_wconf 90' lang='lat' dir='ltr'>verbo</span> <span class='ocrx_word' id='word_1_491' title='bbox 1407 814 1493 845; x_wconf 88' lang='lat' dir='ltr'>ludit</span> <span class='ocrx_word' id='word_1_492' title='bbox 1509 814 1630 846; x_wconf 82' lang='lat' dir='ltr'>Plautu</span> 
     </span>
     <span class='ocr_line' id='line_1_81' title="bbox 909 856 1625 887; baseline 0.004 -1"><span class='ocrx_word' id='word_1_493' title='bbox 909 857 943 886; x_wconf 92' lang='lat' dir='ltr'>in</span> <span class='ocrx_word' id='word_1_494' title='bbox 960 856 1145 887; x_wconf 88' lang='lat' dir='ltr'>Aulularia.</span> <span class='ocrx_word' id='word_1_495' title='bbox 1613 861 1625 872; x_wconf 84' lang='grc'><em>“</em></span> 
     </span>
    </p>

    <p class='ocr_par' dir='ltr' id='par_1_6' title="bbox 908 900 1683 2960">
     <span class='ocr_line' id='line_1_82' title="bbox 954 900 1646 938; baseline 0.001 -6"><span class='ocrx_word' id='word_1_496' title='bbox 954 901 1088 932; x_wconf 71' lang='grc' dir='ltr'><em>Βὶυἱεον</em></span> <span class='ocrx_word' id='word_1_497' title='bbox 1110 901 1247 938; x_wconf 85' lang='lat' dir='ltr'>dicitur,</span> <span class='ocrx_word' id='word_1_498' title='bbox 1271 902 1326 932; x_wconf 91' lang='lat' dir='ltr'>cui</span> <span class='ocrx_word' id='word_1_499' title='bbox 1353 900 1514 932; x_wconf 84' lang='lat' dir='ltr'>mandata</span> <span class='ocrx_word' id='word_1_500' title='bbox 1535 905 1587 932; x_wconf 86' lang='lat' dir='ltr'>est</span> <span class='ocrx_word' id='word_1_501' title='bbox 1610 902 1646 933; x_wconf 90' lang='lat' dir='ltr'>in</span> 
     </span>
     <span class='ocr_line' id='line_1_83' title="bbox 910 944 1647 985; baseline 0.003 -11"><span class='ocrx_word' id='word_1_502' title='bbox 910 944 1117 975; x_wconf 85' lang='lat' dir='ltr'>coloniarum</span> <span class='ocrx_word' id='word_1_503' title='bbox 1134 945 1333 976; x_wconf 85' lang='lat' dir='ltr'>deductione</span> <span class='ocrx_word' id='word_1_504' title='bbox 1350 950 1385 976; x_wconf 85' lang='lat' dir='ltr'>et</span> <span class='ocrx_word' id='word_1_505' title='bbox 1400 955 1440 975; x_wconf 82' lang='lat' dir='ltr'>ex</span> <span class='ocrx_word' id='word_1_506' title='bbox 1456 944 1530 985; x_wconf 85' lang='lat' dir='ltr'>lege</span> <span class='ocrx_word' id='word_1_507' title='bbox 1542 945 1647 985; x_wconf 86' lang='lat' dir='ltr'>Agra·</span> 
     </span>
     <span class='ocr_line' id='line_1_84' title="bbox 911 989 1646 1028; baseline 0.003 -10"><span class='ocrx_word' id='word_1_508' title='bbox 911 989 960 1018; x_wconf 79' lang='lat' dir='ltr'>ria</span> <span class='ocrx_word' id='word_1_509' title='bbox 986 998 1143 1028; x_wconf 81' lang='lat' dir='ltr'>agrorum</span> <span class='ocrx_word' id='word_1_510' title='bbox 1170 990 1258 1020; x_wconf 85' lang='lat' dir='ltr'>inter</span> <span class='ocrx_word' id='word_1_511' title='bbox 1285 989 1419 1020; x_wconf 88' lang='lat' dir='ltr'>colonos</span> <span class='ocrx_word' id='word_1_512' title='bbox 1444 989 1646 1020; x_wconf 86' lang='lat' dir='ltr'>distributio.</span> 
     </span>
     <span class='ocr_line' id='line_1_85' title="bbox 912 1031 1648 1073; baseline 0.003 -11"><span class='ocrx_word' id='word_1_513' title='bbox 912 1031 994 1062; x_wconf 75' lang='lat' dir='ltr'>Phil.</span> <span class='ocrx_word' id='word_1_514' title='bbox 1013 1034 1056 1063; x_wconf 74' lang='lat' dir='ltr'>xi.</span> <span class='ocrx_word' id='word_1_515' title='bbox 1073 1033 1103 1062; x_wconf 89' lang='lat'>6.</span> <span class='ocrx_word' id='word_1_516' title='bbox 1136 1034 1282 1073; x_wconf 88' lang='lat' dir='ltr'>primum</span> <span class='ocrx_word' id='word_1_517' title='bbox 1305 1034 1388 1063; x_wconf 85' lang='lat' dir='ltr'>duos</span> <span class='ocrx_word' id='word_1_518' title='bbox 1412 1033 1555 1073; x_wconf 81' lang='lat' dir='ltr'>collegas</span> <span class='ocrx_word' id='word_1_519' title='bbox 1578 1033 1648 1064; x_wconf 89' lang='lat' dir='ltr'>An-</span> 
     </span>
     <span class='ocr_line' id='line_1_86' title="bbox 910 1077 1646 1108; baseline 0.001 -2"><span class='ocrx_word' id='word_1_520' title='bbox 910 1077 1082 1107; x_wconf 88' lang='lat' dir='ltr'>toniorum</span> <span class='ocrx_word' id='word_1_521' title='bbox 1115 1080 1149 1106; x_wconf 90' lang='lat' dir='ltr'>et</span> <span class='ocrx_word' id='word_1_522' title='bbox 1188 1077 1370 1108; x_wconf 88' lang='lat' dir='ltr'>Dolabellae</span> <span class='ocrx_word' id='word_1_523' title='bbox 1400 1077 1572 1108; x_wconf 88' lang='lat' dir='ltr'>Nuculam</span> <span class='ocrx_word' id='word_1_524' title='bbox 1609 1082 1646 1107; x_wconf 87' lang='lat' dir='ltr'>et</span> 
     </span>
     <span class='ocr_line' id='line_1_87' title="bbox 910 1120 1645 1161; baseline 0.001 -11"><span class='ocrx_word' id='word_1_525' title='bbox 910 1120 1114 1158; x_wconf 87' lang='lat' dir='ltr'>Lentonem,</span> <span class='ocrx_word' id='word_1_526' title='bbox 1149 1120 1256 1151; x_wconf 84' lang='lat' dir='ltr'>ltaliae</span> <span class='ocrx_word' id='word_1_527' title='bbox 1295 1122 1444 1151; x_wconf 73' lang='lat' dir='ltr'>divisores</span> <span class='ocrx_word' id='word_1_528' title='bbox 1481 1120 1555 1161; x_wconf 88' lang='lat' dir='ltr'>lege</span> <span class='ocrx_word' id='word_1_529' title='bbox 1592 1131 1645 1159; x_wconf 87' lang='lat' dir='ltr'>ea,</span> 
     </span>
     <span class='ocr_line' id='line_1_88' title="bbox 911 1164 1646 1205; baseline 0.001 -11"><span class='ocrx_word' id='word_1_530' title='bbox 911 1174 1011 1203; x_wconf 86' lang='lat' dir='ltr'>quam</span> <span class='ocrx_word' id='word_1_531' title='bbox 1029 1174 1088 1205; x_wconf 83' lang='lat' dir='ltr'>per</span> <span class='ocrx_word' id='word_1_532' title='bbox 1103 1165 1169 1194; x_wconf 83' lang='lat' dir='ltr'>vim</span> <span class='ocrx_word' id='word_1_533' title='bbox 1190 1164 1294 1194; x_wconf 86' lang='lat' dir='ltr'>latam</span> <span class='ocrx_word' id='word_1_534' title='bbox 1317 1169 1452 1195; x_wconf 81' lang='lat' dir='ltr'>senatus</span> <span class='ocrx_word' id='word_1_535' title='bbox 1469 1165 1646 1204; x_wconf 83' lang='lat' dir='ltr'>judicavit.</span> 
     </span>
     <span class='ocr_line' id='line_1_89' title="bbox 910 1208 1648 1249; baseline 0.003 -12"><span class='ocrx_word' id='word_1_536' title='bbox 910 1208 989 1238; x_wconf 87' lang='lat' dir='ltr'>ibid.</span> <span class='ocrx_word' id='word_1_537' title='bbox 1006 1218 1035 1237; x_wconf 82' lang='lat' dir='ltr'>v.</span> <span class='ocrx_word' id='word_1_538' title='bbox 1053 1212 1083 1243; x_wconf 79' lang='grc'>7.</span> <span class='ocrx_word' id='word_1_539' title='bbox 1108 1212 1245 1239; x_wconf 84' lang='lat' dir='ltr'>tantum</span> <span class='ocrx_word' id='word_1_540' title='bbox 1260 1209 1400 1248; x_wconf 88' lang='lat' dir='ltr'>quisque</span> <span class='ocrx_word' id='word_1_541' title='bbox 1411 1208 1556 1239; x_wconf 83' lang='lat' dir='ltr'>habebat</span> <span class='ocrx_word' id='word_1_542' title='bbox 1571 1218 1648 1249; x_wconf 85' lang='lat' dir='ltr'>pos-</span> 
     </span>
     <span class='ocr_line' id='line_1_90' title="bbox 909 1253 1647 1292; baseline 0.001 -11"><span class='ocrx_word' id='word_1_543' title='bbox 909 1261 1029 1290; x_wconf 86' lang='lat' dir='ltr'>sessor,</span> <span class='ocrx_word' id='word_1_544' title='bbox 1046 1259 1212 1291; x_wconf 84' lang='lat' dir='ltr'>quantum</span> <span class='ocrx_word' id='word_1_545' title='bbox 1236 1253 1416 1292; x_wconf 86' lang='lat' dir='ltr'>reliquerat</span> <span class='ocrx_word' id='word_1_546' title='bbox 1439 1253 1556 1283; x_wconf 81' lang='lat' dir='ltr'>divisor</span> <span class='ocrx_word' id='word_1_547' title='bbox 1577 1253 1647 1283; x_wconf 86' lang='lat' dir='ltr'>An-</span> 
     </span>
     <span class='ocr_line' id='line_1_91' title="bbox 909 1296 1647 1338; baseline 0.001 -12"><span class='ocrx_word' id='word_1_548' title='bbox 909 1296 1033 1327; x_wconf 82' lang='lat' dir='ltr'>tonius.</span> <span class='ocrx_word' id='word_1_549' title='bbox 1057 1296 1236 1327; x_wconf 66' lang='lat' dir='ltr'>*divisores</span> <span class='ocrx_word' id='word_1_550' title='bbox 1249 1301 1330 1327; x_wconf 89' lang='lat' dir='ltr'>sunt</span> <span class='ocrx_word' id='word_1_551' title='bbox 1345 1297 1448 1327; x_wconf 83' lang='lat' dir='ltr'>etiam</span> <span class='ocrx_word' id='word_1_552' title='bbox 1466 1298 1555 1327; x_wconf 86' lang='lat' dir='ltr'>inter</span> <span class='ocrx_word' id='word_1_553' title='bbox 1569 1307 1647 1338; x_wconf 87' lang='lat' dir='ltr'>ope·</span> 
     </span>
     <span class='ocr_line' id='line_1_92' title="bbox 910 1339 1647 1381; baseline -0.001 -10"><span class='ocrx_word' id='word_1_554' title='bbox 910 1350 961 1371; x_wconf 85' lang='lat' dir='ltr'>ras</span> <span class='ocrx_word' id='word_1_555' title='bbox 979 1346 1182 1380; x_wconf 72' lang='lat' dir='ltr'>campestres</span> <span class='ocrx_word' id='word_1_556' title='bbox 1205 1342 1240 1371; x_wconf 91' lang='lat' dir='ltr'>in</span> <span class='ocrx_word' id='word_1_557' title='bbox 1265 1341 1420 1371; x_wconf 86' lang='lat' dir='ltr'>comitiis.</span> <span class='ocrx_word' id='word_1_558' title='bbox 1451 1339 1530 1370; x_wconf 87' lang='lat' dir='ltr'>Har.</span> <span class='ocrx_word' id='word_1_559' title='bbox 1545 1340 1647 1381; x_wconf 88' lang='lat' dir='ltr'>Resp.</span> 
     </span>
     <span class='ocr_line' id='line_1_93' title="bbox 909 1383 1647 1425; baseline -0.001 -10"><span class='ocrx_word' id='word_1_560' title='bbox 909 1386 962 1415; x_wconf 71' lang='lat'>20.</span> <span class='ocrx_word' id='word_1_561' title='bbox 986 1385 1137 1415; x_wconf 66' lang='lat' dir='ltr'>divisores</span> <span class='ocrx_word' id='word_1_562' title='bbox 1153 1386 1304 1415; x_wconf 80' lang='lat' dir='ltr'>omnium</span> <span class='ocrx_word' id='word_1_563' title='bbox 1320 1385 1473 1415; x_wconf 88' lang='lat' dir='ltr'>tribuum</span> <span class='ocrx_word' id='word_1_564' title='bbox 1490 1383 1581 1414; x_wconf 88' lang='lat' dir='ltr'>domi</span> <span class='ocrx_word' id='word_1_565' title='bbox 1596 1385 1647 1425; x_wconf 88' lang='lat' dir='ltr'>ip-</span> 
     </span>
     <span class='ocr_line' id='line_1_94' title="bbox 908 1428 1648 1459; baseline 0.001 -1"><span class='ocrx_word' id='word_1_566' title='bbox 908 1438 942 1458; x_wconf 89' lang='lat' dir='ltr'>se</span> <span class='ocrx_word' id='word_1_567' title='bbox 959 1438 1028 1458; x_wconf 84' lang='lat' dir='ltr'>suae</span> <span class='ocrx_word' id='word_1_568' title='bbox 1046 1428 1276 1459; x_wconf 78' lang='lat' dir='ltr'>crudelissima</span> <span class='ocrx_word' id='word_1_569' title='bbox 1291 1432 1399 1459; x_wconf 84' lang='lat' dir='ltr'>morte</span> <span class='ocrx_word' id='word_1_570' title='bbox 1415 1431 1590 1459; x_wconf 81' lang='lat' dir='ltr'>mactaret.</span> <span class='ocrx_word' id='word_1_571' title='bbox 1605 1428 1648 1459; x_wconf 84' lang='lat' dir='ltr'>fr.</span> 
     </span>
     <span class='ocr_line' id='line_1_95' title="bbox 911 1472 1648 1512; baseline 0.001 -11"><span class='ocrx_word' id='word_1_572' title='bbox 911 1472 1043 1502; x_wconf 87' lang='lat' dir='ltr'>Corncl.</span> <span class='ocrx_word' id='word_1_573' title='bbox 1068 1476 1092 1502; x_wconf 83' lang='lat' dir='ltr'>l.</span> <span class='ocrx_word' id='word_1_574' title='bbox 1126 1473 1189 1502; x_wconf 84' lang='lat' dir='ltr'>nisi</span> <span class='ocrx_word' id='word_1_575' title='bbox 1215 1481 1312 1512; x_wconf 84' lang='lat' dir='ltr'>poena</span> <span class='ocrx_word' id='word_1_576' title='bbox 1334 1473 1527 1502; x_wconf 84' lang='lat' dir='ltr'>accessisset</span> <span class='ocrx_word' id='word_1_577' title='bbox 1545 1472 1581 1502; x_wconf 90' lang='lat' dir='ltr'>in</span> <span class='ocrx_word' id='word_1_578' title='bbox 1597 1472 1648 1502; x_wconf 75' lang='grc' dir='ltr'>(Ιὶ-</span> 
     </span>
     <span class='ocr_line' id='line_1_96' title="bbox 909 1516 1649 1547; baseline 0.001 -2"><span class='ocrx_word' id='word_1_579' title='bbox 909 1517 1035 1546; x_wconf 63' lang='lat' dir='ltr'>visor-ex.</span> <span class='ocrx_word' id='word_1_580' title='bbox 1067 1516 1200 1546; x_wconf 87' lang='lat' dir='ltr'>Muren.</span> <span class='ocrx_word' id='word_1_581' title='bbox 1217 1517 1270 1547; x_wconf 61' lang='lat'>²26.</span> <span class='ocrx_word' id='word_1_582' title='bbox 1300 1516 1340 1546; x_wconf 90' lang='lat' dir='ltr'>de</span> <span class='ocrx_word' id='word_1_583' title='bbox 1361 1517 1538 1546; x_wconf 74' lang='lat' dir='ltr'>divisorum</span> <span class='ocrx_word' id='word_1_584' title='bbox 1561 1516 1649 1546; x_wconf 71' lang='lat' dir='ltr'>indi-</span> 
     </span>
     <span class='ocr_line' id='line_1_97' title="bbox 908 1560 1649 1600; baseline 0 -11"><span class='ocrx_word' id='word_1_585' title='bbox 908 1560 979 1595; x_wconf 87' lang='lat' dir='ltr'>ciis,</span> <span class='ocrx_word' id='word_1_586' title='bbox 1011 1568 1045 1590; x_wconf 85' lang='lat' dir='ltr'>et</span> <span class='ocrx_word' id='word_1_587' title='bbox 1075 1560 1115 1590; x_wconf 91' lang='lat' dir='ltr'>de</span> <span class='ocrx_word' id='word_1_588' title='bbox 1154 1560 1367 1600; x_wconf 81' lang='lat' dir='ltr'>deprehensis</span> <span class='ocrx_word' id='word_1_589' title='bbox 1399 1560 1649 1600; x_wconf 80' lang='lat' dir='ltr'>pecuniis—re-</span> 
     </span>
     <span class='ocr_line' id='line_1_98' title="bbox 908 1603 1648 1643; baseline 0.001 -10"><span class='ocrx_word' id='word_1_590' title='bbox 908 1603 1090 1643; x_wconf 80' lang='lat' dir='ltr'>spondebo.</span> <span class='ocrx_word' id='word_1_591' title='bbox 1123 1604 1222 1633; x_wconf 76' lang='lat' dir='ltr'>Petit.</span> <span class='ocrx_word' id='word_1_592' title='bbox 1239 1604 1340 1634; x_wconf 83' lang='lat' dir='ltr'>Cous.</span> <span class='ocrx_word' id='word_1_593' title='bbox 1365 1606 1412 1634; x_wconf 87' lang='lat'>14.</span> <span class='ocrx_word' id='word_1_594' title='bbox 1445 1604 1471 1633; x_wconf 86' lang='lat' dir='ltr'>si</span> <span class='ocrx_word' id='word_1_595' title='bbox 1495 1604 1648 1634; x_wconf 59' lang='lat' dir='ltr'>dizdsores</span> 
     </span>
     <span class='ocr_line' id='line_1_99' title="bbox 908 1647 1648 1688; baseline 0.001 -12"><span class='ocrx_word' id='word_1_596' title='bbox 908 1647 1020 1687; x_wconf 82' lang='lat' dir='ltr'>aliqua</span> <span class='ocrx_word' id='word_1_597' title='bbox 1044 1648 1171 1678; x_wconf 78' lang='lat' dir='ltr'>ratione</span> <span class='ocrx_word' id='word_1_598' title='bbox 1196 1651 1402 1685; x_wconf 64' lang='lat' dir='ltr'>coercemus,</span> <span class='ocrx_word' id='word_1_599' title='bbox 1427 1647 1541 1688; x_wconf 85' lang='lat' dir='ltr'>perfici</span> <span class='ocrx_word' id='word_1_600' title='bbox 1574 1651 1648 1688; x_wconf 88' lang='lat' dir='ltr'>pot-</span> 
     </span>
     <span class='ocr_line' id='line_1_100' title="bbox 909 1690 1648 1730; baseline 0 -9"><span class='ocrx_word' id='word_1_601' title='bbox 909 1696 973 1728; x_wconf 83' lang='lat' dir='ltr'>est,</span> <span class='ocrx_word' id='word_1_602' title='bbox 998 1695 1037 1721; x_wconf 89' lang='lat' dir='ltr'>ut</span> <span class='ocrx_word' id='word_1_603' title='bbox 1059 1697 1119 1721; x_wconf 83' lang='lat' dir='ltr'>aut</span> <span class='ocrx_word' id='word_1_604' title='bbox 1142 1690 1275 1730; x_wconf 79' lang='lat' dir='ltr'>largitio</span> <span class='ocrx_word' id='word_1_605' title='bbox 1299 1691 1393 1721; x_wconf 84' lang='lat' dir='ltr'>nulla</span> <span class='ocrx_word' id='word_1_606' title='bbox 1416 1692 1490 1727; x_wconf 84' lang='lat' dir='ltr'>fiat,</span> <span class='ocrx_word' id='word_1_607' title='bbox 1514 1695 1573 1721; x_wconf 82' lang='lat' dir='ltr'>aut</span> <span class='ocrx_word' id='word_1_608' title='bbox 1596 1691 1648 1721; x_wconf 78' lang='lat' dir='ltr'>ni-</span> 
     </span>
     <span class='ocr_line' id='line_1_101' title="bbox 909 1735 1647 1769; baseline 0.001 -5"><span class='ocrx_word' id='word_1_609' title='bbox 909 1735 957 1764; x_wconf 86' lang='lat' dir='ltr'>hil</span> <span class='ocrx_word' id='word_1_610' title='bbox 986 1736 1107 1766; x_wconf 82' lang='lat' dir='ltr'>valeat.</span> <span class='ocrx_word' id='word_1_611' title='bbox 1146 1735 1277 1765; x_wconf 85' lang='lat' dir='ltr'>Verrin.</span> <span class='ocrx_word' id='word_1_612' title='bbox 1307 1735 1354 1765; x_wconf 90' lang='lat' dir='ltr'>iii.</span> <span class='ocrx_word' id='word_1_613' title='bbox 1386 1736 1439 1769; x_wconf 83' lang='lat'>69.</span> <span class='ocrx_word' id='word_1_614' title='bbox 1478 1735 1580 1765; x_wconf 90' lang='lat' dir='ltr'>homo</span> <span class='ocrx_word' id='word_1_615' title='bbox 1610 1735 1647 1765; x_wconf 92' lang='lat' dir='ltr'>in</span> 
     </span>
     <span class='ocr_line' id='line_1_102' title="bbox 908 1778 1646 1818; baseline 0 -10"><span class='ocrx_word' id='word_1_616' title='bbox 908 1779 991 1809; x_wconf 84' lang='lat' dir='ltr'>furis</span> <span class='ocrx_word' id='word_1_617' title='bbox 1022 1789 1060 1809; x_wconf 82' lang='lat' dir='ltr'>ac</span> <span class='ocrx_word' id='word_1_618' title='bbox 1087 1780 1234 1809; x_wconf 69' lang='lat' dir='ltr'>divisoris</span> <span class='ocrx_word' id='word_1_619' title='bbox 1264 1779 1441 1818; x_wconf 81' lang='lat' dir='ltr'>disciplina</span> <span class='ocrx_word' id='word_1_620' title='bbox 1470 1778 1646 1809; x_wconf 85' lang='lat' dir='ltr'>educatus.</span> 
     </span>
     <span class='ocr_line' id='line_1_103' title="bbox 911 1822 1649 1854; baseline -0.001 -1"><span class='ocrx_word' id='word_1_621' title='bbox 911 1826 986 1854; x_wconf 85' lang='lat' dir='ltr'>Act.</span> <span class='ocrx_word' id='word_1_622' title='bbox 999 1824 1019 1854; x_wconf 89' lang='lat' dir='ltr'>i.</span> <span class='ocrx_word' id='word_1_623' title='bbox 1037 1824 1071 1853; x_wconf 88' lang='lat' dir='ltr'>in</span> <span class='ocrx_word' id='word_1_624' title='bbox 1087 1824 1181 1853; x_wconf 86' lang='lat' dir='ltr'>Verr.</span> <span class='ocrx_word' id='word_1_625' title='bbox 1196 1827 1225 1854; x_wconf 78' lang='grc'>8.</span> <span class='ocrx_word' id='word_1_626' title='bbox 1251 1823 1402 1853; x_wconf 74' lang='lat' dir='ltr'>divisores</span> <span class='ocrx_word' id='word_1_627' title='bbox 1418 1823 1570 1852; x_wconf 90' lang='lat' dir='ltr'>omnium</span> <span class='ocrx_word' id='word_1_628' title='bbox 1585 1822 1649 1852; x_wconf 87' lang='lat' dir='ltr'>tri-</span> 
     </span>
     <span class='ocr_line' id='line_1_104' title="bbox 910 1866 1647 1907; baseline -0.001 -10"><span class='ocrx_word' id='word_1_629' title='bbox 910 1868 1015 1897; x_wconf 84' lang='lat' dir='ltr'>buum</span> <span class='ocrx_word' id='word_1_630' title='bbox 1033 1872 1136 1897; x_wconf 88' lang='lat' dir='ltr'>noctu</span> <span class='ocrx_word' id='word_1_631' title='bbox 1153 1867 1195 1897; x_wconf 82' lang='lat' dir='ltr'>ad</span> <span class='ocrx_word' id='word_1_632' title='bbox 1210 1868 1319 1907; x_wconf 84' lang='lat' dir='ltr'>ipsum</span> <span class='ocrx_word' id='word_1_633' title='bbox 1336 1871 1481 1897; x_wconf 87' lang='lat' dir='ltr'>vocatos.</span> <span class='ocrx_word' id='word_1_634' title='bbox 1508 1866 1587 1896; x_wconf 91' lang='lat' dir='ltr'>ibid.</span> <span class='ocrx_word' id='word_1_635' title='bbox 1606 1876 1647 1897; x_wconf 83' lang='lat' dir='ltr'>ex</span> 
     </span>
     <span class='ocr_line' id='line_1_105' title="bbox 910 1909 1647 1951; baseline -0.001 -10"><span class='ocrx_word' id='word_1_636' title='bbox 910 1911 1027 1941; x_wconf 73' lang='lat' dir='ltr'>eadem</span> <span class='ocrx_word' id='word_1_637' title='bbox 1051 1910 1180 1941; x_wconf 67' lang='lat' dir='ltr'>familia</span> <span class='ocrx_word' id='word_1_638' title='bbox 1202 1911 1242 1951; x_wconf 73' lang='grc' dir='ltr'>Ω.</span> <span class='ocrx_word' id='word_1_639' title='bbox 1267 1911 1406 1940; x_wconf 87' lang='lat' dir='ltr'>Verrem</span> <span class='ocrx_word' id='word_1_640' title='bbox 1429 1909 1589 1946; x_wconf 86' lang='lat' dir='ltr'>Romilia,</span> <span class='ocrx_word' id='word_1_641' title='bbox 1607 1919 1647 1941; x_wconf 85' lang='lat' dir='ltr'>ex</span> 
     </span>
     <span class='ocr_line' id='line_1_106' title="bbox 911 1953 1648 1995; baseline -0.001 -10"><span class='ocrx_word' id='word_1_642' title='bbox 911 1955 1040 1995; x_wconf 83' lang='lat' dir='ltr'>optima</span> <span class='ocrx_word' id='word_1_643' title='bbox 1054 1955 1231 1985; x_wconf 66' lang='lat' dir='ltr'>divisorum</span> <span class='ocrx_word' id='word_1_644' title='bbox 1248 1954 1424 1995; x_wconf 78' lang='lat' dir='ltr'>disciplina</span> <span class='ocrx_word' id='word_1_645' title='bbox 1435 1954 1539 1994; x_wconf 89' lang='lat' dir='ltr'>patris</span> <span class='ocrx_word' id='word_1_646' title='bbox 1551 1953 1648 1984; x_wconf 84' lang='lat' dir='ltr'>istius</span> 
     </span>
     <span class='ocr_line' id='line_1_107' title="bbox 911 1998 1649 2038; baseline 0 -10"><span class='ocrx_word' id='word_1_647' title='bbox 911 1998 1114 2038; x_wconf 79' lang='lat' dir='ltr'>discipulum</span> <span class='ocrx_word' id='word_1_648' title='bbox 1145 2005 1181 2029; x_wconf 86' lang='lat' dir='ltr'>et</span> <span class='ocrx_word' id='word_1_649' title='bbox 1209 1999 1369 2036; x_wconf 82' lang='lat' dir='ltr'>amic-nm,</span> <span class='ocrx_word' id='word_1_650' title='bbox 1393 1999 1450 2038; x_wconf 89' lang='lat' dir='ltr'>qui</span> <span class='ocrx_word' id='word_1_651' title='bbox 1475 2006 1527 2028; x_wconf 82' lang='lat' dir='ltr'>Hs.</span> <span class='ocrx_word' id='word_1_652' title='bbox 1552 1998 1649 2038; x_wconf 90' lang='lat' dir='ltr'>quin-</span> 
     </span>
     <span class='ocr_line' id='line_1_108' title="bbox 911 2041 1650 2083; baseline -0.001 -11"><span class='ocrx_word' id='word_1_653' title='bbox 911 2043 1020 2082; x_wconf 80' lang='lat' dir='ltr'>gentis</span> <span class='ocrx_word' id='word_1_654' title='bbox 1037 2043 1185 2073; x_wconf 84' lang='lat' dir='ltr'>millibus</span> <span class='ocrx_word' id='word_1_655' title='bbox 1200 2042 1360 2083; x_wconf 85' lang='lat' dir='ltr'>depositis</span> <span class='ocrx_word' id='word_1_656' title='bbox 1376 2042 1410 2072; x_wconf 87' lang='lat' dir='ltr'>id</span> <span class='ocrx_word' id='word_1_657' title='bbox 1428 2052 1463 2073; x_wconf 88' lang='lat' dir='ltr'>se</span> <span class='ocrx_word' id='word_1_658' title='bbox 1481 2041 1650 2083; x_wconf 81' lang='lat' dir='ltr'>perfectu-</span> 
     </span>
     <span class='ocr_line' id='line_1_109' title="bbox 910 2086 1646 2126; baseline -0.001 -10"><span class='ocrx_word' id='word_1_659' title='bbox 910 2097 985 2117; x_wconf 85' lang='lat' dir='ltr'>rum</span> <span class='ocrx_word' id='word_1_660' title='bbox 1010 2087 1235 2126; x_wconf 85' lang='lat' dir='ltr'>polliceretur.</span> <span class='ocrx_word' id='word_1_661' title='bbox 1268 2087 1326 2116; x_wconf 89' lang='lat' dir='ltr'>Or.</span> <span class='ocrx_word' id='word_1_662' title='bbox 1342 2087 1377 2116; x_wconf 89' lang='lat' dir='ltr'>ii.</span> <span class='ocrx_word' id='word_1_663' title='bbox 1394 2087 1446 2117; x_wconf 82' lang='lat'>63.</span> <span class='ocrx_word' id='word_1_664' title='bbox 1479 2086 1646 2116; x_wconf 90' lang='lat' dir='ltr'>Numium</span> 
     </span>
     <span class='ocr_line' id='line_1_110' title="bbox 908 2129 1647 2171; baseline -0.001 -11"><span class='ocrx_word' id='word_1_665' title='bbox 908 2131 1089 2168; x_wconf 52' lang='lat' dir='ltr'>divisorem,</span> <span class='ocrx_word' id='word_1_666' title='bbox 1108 2137 1146 2161; x_wconf 88' lang='lat' dir='ltr'>ut</span> <span class='ocrx_word' id='word_1_667' title='bbox 1161 2129 1422 2171; x_wconf 84' lang='lat' dir='ltr'>Neoptolemum</span> <span class='ocrx_word' id='word_1_668' title='bbox 1440 2129 1483 2159; x_wconf 88' lang='lat' dir='ltr'>ad</span> <span class='ocrx_word' id='word_1_669' title='bbox 1497 2129 1647 2168; x_wconf 88' lang='lat' dir='ltr'>Trojam,</span> 
     </span>
     <span class='ocr_line' id='line_1_111' title="bbox 909 2174 1650 2214; baseline -0.003 -9"><span class='ocrx_word' id='word_1_670' title='bbox 909 2175 956 2205; x_wconf 82' lang='lat' dir='ltr'>sic</span> <span class='ocrx_word' id='word_1_671' title='bbox 974 2174 1068 2204; x_wconf 87' lang='lat' dir='ltr'>illum</span> <span class='ocrx_word' id='word_1_672' title='bbox 1090 2175 1125 2204; x_wconf 86' lang='lat' dir='ltr'>iu</span> <span class='ocrx_word' id='word_1_673' title='bbox 1151 2185 1269 2214; x_wconf 87' lang='lat' dir='ltr'>campo</span> <span class='ocrx_word' id='word_1_674' title='bbox 1293 2174 1419 2205; x_wconf 82' lang='lat' dir='ltr'>Martio</span> <span class='ocrx_word' id='word_1_675' title='bbox 1445 2183 1570 2203; x_wconf 91' lang='lat' dir='ltr'>nomen</span> <span class='ocrx_word' id='word_1_676' title='bbox 1596 2174 1650 2203; x_wconf 88' lang='lat' dir='ltr'>in·-</span> 
     </span>
     <span class='ocr_line' id='line_1_112' title="bbox 911 2217 1650 2257; baseline 0 -10"><span class='ocrx_word' id='word_1_677' title='bbox 911 2219 1050 2249; x_wconf 77' lang='lat' dir='ltr'>venisse.</span> <span class='ocrx_word' id='word_1_678' title='bbox 1083 2218 1196 2248; x_wconf 83' lang='lat' dir='ltr'>Plane.</span> <span class='ocrx_word' id='word_1_679' title='bbox 1220 2222 1267 2252; x_wconf 85' lang='lat'>19.</span> <span class='ocrx_word' id='word_1_680' title='bbox 1302 2217 1396 2255; x_wconf 86' lang='lat' dir='ltr'>doce,</span> <span class='ocrx_word' id='word_1_681' title='bbox 1419 2227 1486 2257; x_wconf 84' lang='lat' dir='ltr'>quo</span> <span class='ocrx_word' id='word_1_682' title='bbox 1513 2218 1650 2248; x_wconf 73' lang='lat' dir='ltr'>divisore</span> 
     </span>
     <span class='ocr_line' id='line_1_113' title="bbox 910 2261 1648 2302; baseline -0.001 -10"><span class='ocrx_word' id='word_1_683' title='bbox 910 2261 1017 2292; x_wconf 81' lang='lat' dir='ltr'>tribus</span> <span class='ocrx_word' id='word_1_684' title='bbox 1049 2267 1209 2302; x_wconf 87' lang='lat' dir='ltr'>corrupta</span> <span class='ocrx_word' id='word_1_685' title='bbox 1238 2262 1291 2292; x_wconf 90' lang='lat' dir='ltr'>sit.</span> <span class='ocrx_word' id='word_1_686' title='bbox 1338 2261 1386 2292; x_wconf 82' lang='lat' dir='ltr'>Ex</span> <span class='ocrx_word' id='word_1_687' title='bbox 1415 2261 1535 2301; x_wconf 85' lang='lat' dir='ltr'>quibus</span> <span class='ocrx_word' id='word_1_688' title='bbox 1567 2261 1648 2292; x_wconf 85' lang='lat' dir='ltr'>locis</span> 
     </span>
     <span class='ocr_line' id='line_1_114' title="bbox 909 2305 1650 2347; baseline -0.001 -11"><span class='ocrx_word' id='word_1_689' title='bbox 909 2312 1018 2347; x_wconf 84' lang='lat' dir='ltr'>patet,</span> <span class='ocrx_word' id='word_1_690' title='bbox 1035 2306 1143 2346; x_wconf 87' lang='lat' dir='ltr'>primo</span> <span class='ocrx_word' id='word_1_691' title='bbox 1165 2316 1264 2336; x_wconf 86' lang='lat' dir='ltr'>suum</span> <span class='ocrx_word' id='word_1_692' title='bbox 1282 2305 1403 2344; x_wconf 90' lang='lat' dir='ltr'>cuique</span> <span class='ocrx_word' id='word_1_693' title='bbox 1416 2305 1520 2336; x_wconf 89' lang='lat' dir='ltr'>tribui</span> <span class='ocrx_word' id='word_1_694' title='bbox 1536 2305 1650 2335; x_wconf 76' lang='lat' dir='ltr'>diviso-</span> 
     </span>
     <span class='ocr_line' id='line_1_115' title="bbox 909 2348 1650 2390; baseline -0.003 -10"><span class='ocrx_word' id='word_1_695' title='bbox 909 2360 994 2389; x_wconf 78' lang='lat' dir='ltr'>rem,</span> <span class='ocrx_word' id='word_1_696' title='bbox 1015 2354 1115 2389; x_wconf 83' lang='lat' dir='ltr'>atque</span> <span class='ocrx_word' id='word_1_697' title='bbox 1139 2350 1279 2380; x_wconf 82' lang='lat' dir='ltr'>fortasse</span> <span class='ocrx_word' id='word_1_698' title='bbox 1303 2350 1407 2379; x_wconf 83' lang='lat' dir='ltr'>etiam</span> <span class='ocrx_word' id='word_1_699' title='bbox 1432 2349 1543 2390; x_wconf 88' lang='lat' dir='ltr'>plures</span> <span class='ocrx_word' id='word_1_700' title='bbox 1566 2348 1650 2378; x_wconf 86' lang='lat' dir='ltr'>fuis-</span> 
     </span>
     <span class='ocr_line' id='line_1_116' title="bbox 911 2393 1648 2434; baseline -0.003 -10"><span class='ocrx_word' id='word_1_701' title='bbox 911 2404 966 2432; x_wconf 73' lang='lat' dir='ltr'>s‹›.;</span> <span class='ocrx_word' id='word_1_702' title='bbox 992 2394 1080 2424; x_wconf 81' lang='lat' dir='ltr'>unde</span> <span class='ocrx_word' id='word_1_703' title='bbox 1101 2395 1152 2432; x_wconf 83' lang='lat' dir='ltr'>fit,</span> <span class='ocrx_word' id='word_1_704' title='bbox 1169 2398 1209 2425; x_wconf 87' lang='lat' dir='ltr'>ut</span> <span class='ocrx_word' id='word_1_705' title='bbox 1231 2403 1290 2434; x_wconf 87' lang='lat' dir='ltr'>per</span> <span class='ocrx_word' id='word_1_706' title='bbox 1313 2403 1348 2423; x_wconf 85' lang='lat' dir='ltr'>se</span> <span class='ocrx_word' id='word_1_707' title='bbox 1373 2403 1440 2423; x_wconf 88' lang='lat' dir='ltr'>non</span> <span class='ocrx_word' id='word_1_708' title='bbox 1463 2393 1572 2433; x_wconf 87' lang='lat' dir='ltr'>turpis</span> <span class='ocrx_word' id='word_1_709' title='bbox 1597 2401 1648 2422; x_wconf 85' lang='lat' dir='ltr'>res</span> 
     </span>
     <span class='ocr_line' id='line_1_117' title="bbox 910 2436 1648 2477; baseline -0.003 -9"><span class='ocrx_word' id='word_1_710' title='bbox 910 2438 1032 2468; x_wconf 80' lang='lat' dir='ltr'>fuerit:</span> <span class='ocrx_word' id='word_1_711' title='bbox 1058 2438 1177 2468; x_wconf 85' lang='lat' dir='ltr'>deinde</span> <span class='ocrx_word' id='word_1_712' title='bbox 1193 2438 1302 2468; x_wconf 86' lang='lat' dir='ltr'>tribus</span> <span class='ocrx_word' id='word_1_713' title='bbox 1321 2447 1379 2477; x_wconf 86' lang='lat' dir='ltr'>per</span> <span class='ocrx_word' id='word_1_714' title='bbox 1397 2437 1460 2467; x_wconf 82' lang='lat' dir='ltr'>hos</span> <span class='ocrx_word' id='word_1_715' title='bbox 1484 2436 1553 2467; x_wconf 80' lang='lat' dir='ltr'>fere</span> <span class='ocrx_word' id='word_1_716' title='bbox 1577 2445 1648 2466; x_wconf 86' lang='lat' dir='ltr'>esse</span> 
     </span>
     <span class='ocr_line' id='line_1_118' title="bbox 911 2480 1648 2522; baseline -0.004 -10"><span class='ocrx_word' id='word_1_717' title='bbox 911 2485 1099 2522; x_wconf 80' lang='lat' dir='ltr'>corruptas,</span> <span class='ocrx_word' id='word_1_718' title='bbox 1117 2482 1205 2521; x_wconf 89' lang='lat' dir='ltr'>quod</span> <span class='ocrx_word' id='word_1_719' title='bbox 1228 2491 1287 2522; x_wconf 85' lang='lat' dir='ltr'>per</span> <span class='ocrx_word' id='word_1_720' title='bbox 1305 2491 1360 2511; x_wconf 91' lang='lat' dir='ltr'>eos</span> <span class='ocrx_word' id='word_1_721' title='bbox 1376 2480 1648 2511; x_wconf 87' lang='lat' dir='ltr'>commodissime</span> 
     </span>
     <span class='ocr_line' id='line_1_119' title="bbox 912 2525 1647 2566; baseline -0.003 -10"><span class='ocrx_word' id='word_1_722' title='bbox 912 2526 984 2556; x_wconf 83' lang='lat' dir='ltr'>fieri</span> <span class='ocrx_word' id='word_1_723' title='bbox 1002 2530 1126 2566; x_wconf 83' lang='lat' dir='ltr'>posset,</span> <span class='ocrx_word' id='word_1_724' title='bbox 1141 2535 1281 2565; x_wconf 85' lang='lat' dir='ltr'>eamque</span> <span class='ocrx_word' id='word_1_725' title='bbox 1297 2525 1435 2555; x_wconf 78' lang='lat' dir='ltr'>tandem</span> <span class='ocrx_word' id='word_1_726' title='bbox 1451 2525 1494 2555; x_wconf 94' lang='lat' dir='ltr'>ob</span> <span class='ocrx_word' id='word_1_727' title='bbox 1510 2533 1647 2554; x_wconf 85' lang='lat' dir='ltr'>causam</span> 
     </span>
     <span class='ocr_line' id='line_1_120' title="bbox 911 2569 1649 2610; baseline -0.003 -11"><span class='ocrx_word' id='word_1_728' title='bbox 911 2570 1037 2599; x_wconf 83' lang='lat' dir='ltr'>infame</span> <span class='ocrx_word' id='word_1_729' title='bbox 1063 2574 1099 2599; x_wconf 90' lang='lat' dir='ltr'>et</span> <span class='ocrx_word' id='word_1_730' title='bbox 1125 2574 1320 2610; x_wconf 75' lang='lat' dir='ltr'>suspectum</span> <span class='ocrx_word' id='word_1_731' title='bbox 1345 2569 1491 2599; x_wconf 73' lang='lat' dir='ltr'>divisoris</span> <span class='ocrx_word' id='word_1_732' title='bbox 1524 2576 1649 2598; x_wconf 85' lang='lat' dir='ltr'>nomen</span> 
     </span>
     <span class='ocr_line' id='line_1_121' title="bbox 911 2610 1683 2653; baseline -0.004 -10"><span class='ocrx_word' id='word_1_733' title='bbox 911 2613 1040 2643; x_wconf 86' lang='lat' dir='ltr'>factum</span> <span class='ocrx_word' id='word_1_734' title='bbox 1064 2623 1148 2650; x_wconf 89' lang='lat' dir='ltr'>esse,</span> <span class='ocrx_word' id='word_1_735' title='bbox 1165 2617 1266 2653; x_wconf 84' lang='lat' dir='ltr'>atque</span> <span class='ocrx_word' id='word_1_736' title='bbox 1282 2612 1364 2643; x_wconf 88' lang='lat' dir='ltr'>adeo</span> <span class='ocrx_word' id='word_1_737' title='bbox 1388 2612 1422 2642; x_wconf 90' lang='lat' dir='ltr'>in</span> <span class='ocrx_word' id='word_1_738' title='bbox 1441 2611 1582 2642; x_wconf 89' lang='lat' dir='ltr'>convicii</span> <span class='ocrx_word' id='word_1_739' title='bbox 1600 2610 1649 2641; x_wconf 89' lang='lat' dir='ltr'>lo-</span> <span class='ocrx_word' id='word_1_740' title='bbox 1680 2617 1683 2619; x_wconf 83' lang='lat'>&#39;</span> 
     </span>
     <span class='ocr_line' id='line_1_122' title="bbox 913 2655 1649 2687; baseline -0.003 0"><span class='ocrx_word' id='word_1_741' title='bbox 913 2667 951 2687; x_wconf 92' lang='lat' dir='ltr'>co</span> <span class='ocrx_word' id='word_1_742' title='bbox 974 2658 1104 2687; x_wconf 85' lang='lat' dir='ltr'>dictum</span> <span class='ocrx_word' id='word_1_743' title='bbox 1128 2657 1241 2687; x_wconf 85' lang='lat' dir='ltr'>fuisse.</span> <span class='ocrx_word' id='word_1_744' title='bbox 1272 2655 1360 2686; x_wconf 80' lang='lat' dir='ltr'>conf.</span> <span class='ocrx_word' id='word_1_745' title='bbox 1377 2655 1502 2686; x_wconf 87' lang='lat' dir='ltr'>Gruch.</span> <span class='ocrx_word' id='word_1_746' title='bbox 1521 2655 1560 2685; x_wconf 88' lang='lat' dir='ltr'>de</span> <span class='ocrx_word' id='word_1_747' title='bbox 1585 2655 1649 2685; x_wconf 91' lang='lat' dir='ltr'>Co-</span> 
     </span>
     <span class='ocr_line' id='line_1_123' title="bbox 913 2699 1649 2741; baseline -0.004 -10"><span class='ocrx_word' id='word_1_748' title='bbox 913 2701 988 2731; x_wconf 87' lang='lat' dir='ltr'>mit.</span> <span class='ocrx_word' id='word_1_749' title='bbox 1006 2702 1027 2731; x_wconf 92' lang='lat' dir='ltr'>i.</span> <span class='ocrx_word' id='word_1_750' title='bbox 1044 2704 1073 2732; x_wconf 88' lang='grc'>3.</span> <span class='ocrx_word' id='word_1_751' title='bbox 1090 2711 1121 2741; x_wconf 92' lang='lat' dir='ltr'>p.</span> <span class='ocrx_word' id='word_1_752' title='bbox 1137 2711 1183 2731; x_wconf 88' lang='lat' dir='ltr'>m.</span> <span class='ocrx_word' id='word_1_753' title='bbox 1200 2703 1274 2732; x_wconf 66' lang='lat'>245.</span> <span class='ocrx_word' id='word_1_754' title='bbox 1291 2710 1339 2738; x_wconf 84' lang='lat' dir='ltr'>sq.</span> <span class='ocrx_word' id='word_1_755' title='bbox 1369 2700 1485 2731; x_wconf 90' lang='lat' dir='ltr'>Unum</span> <span class='ocrx_word' id='word_1_756' title='bbox 1502 2699 1614 2729; x_wconf 86' lang='lat' dir='ltr'>locum</span> <span class='ocrx_word' id='word_1_757' title='bbox 1630 2708 1649 2729; x_wconf 89' lang='lat' dir='ltr'>e</span> 
     </span>
     <span class='ocr_line' id='line_1_124' title="bbox 912 2743 1651 2784; baseline -0.004 -9"><span class='ocrx_word' id='word_1_758' title='bbox 912 2746 1050 2775; x_wconf 84' lang='lat' dir='ltr'>Sueton.</span> <span class='ocrx_word' id='word_1_759' title='bbox 1063 2745 1149 2784; x_wconf 85' lang='lat' dir='ltr'>Aug.</span> <span class='ocrx_word' id='word_1_760' title='bbox 1166 2748 1197 2775; x_wconf 87' lang='lat'>3.</span> <span class='ocrx_word' id='word_1_761' title='bbox 1222 2744 1435 2783; x_wconf 83' lang='lat' dir='ltr'>adjiciemus:</span> <span class='ocrx_word' id='word_1_762' title='bbox 1461 2743 1552 2774; x_wconf 92' lang='lat' dir='ltr'>hunc</span> <span class='ocrx_word' id='word_1_763' title='bbox 1569 2752 1651 2782; x_wconf 89' lang='lat' dir='ltr'>quo-</span> 
     </span>
     <span class='ocr_line' id='line_1_125' title="bbox 913 2787 1648 2828; baseline -0.004 -10"><span class='ocrx_word' id='word_1_764' title='bbox 913 2799 977 2828; x_wconf 85' lang='lat' dir='ltr'>que</span> <span class='ocrx_word' id='word_1_765' title='bbox 1015 2799 1034 2819; x_wconf 86' lang='lat' dir='ltr'>a</span> <span class='ocrx_word' id='word_1_766' title='bbox 1065 2787 1235 2818; x_wconf 86' lang='lat' dir='ltr'>nonnullis</span> <span class='ocrx_word' id='word_1_767' title='bbox 1273 2788 1515 2827; x_wconf 86' lang='lat' dir='ltr'>argentarium,</span> <span class='ocrx_word' id='word_1_768' title='bbox 1548 2788 1648 2825; x_wconf 85' lang='lat' dir='ltr'>atque</span> 
     </span>
     <span class='ocr_line' id='line_1_126' title="bbox 911 2832 1649 2872; baseline -0.004 -10"><span class='ocrx_word' id='word_1_769' title='bbox 911 2833 1015 2863; x_wconf 72' lang='lat' dir='ltr'>etiam</span> <span class='ocrx_word' id='word_1_770' title='bbox 1046 2833 1136 2862; x_wconf 81' lang='lat' dir='ltr'>inter</span> <span class='ocrx_word' id='word_1_771' title='bbox 1166 2832 1316 2862; x_wconf 74' lang='lat' dir='ltr'>divisores</span> <span class='ocrx_word' id='word_1_772' title='bbox 1345 2840 1528 2872; x_wconf 85' lang='lat' dir='ltr'>operasque</span> <span class='ocrx_word' id='word_1_773' title='bbox 1558 2839 1649 2860; x_wconf 84' lang='lat' dir='ltr'>carn-</span> 
     </span>
     <span class='ocr_line' id='line_1_127' title="bbox 911 2873 1648 2917; baseline -0.004 -11"><span class='ocrx_word' id='word_1_774' title='bbox 911 2882 1040 2917; x_wconf 71' lang='lat' dir='ltr'>pcstres</span> <span class='ocrx_word' id='word_1_775' title='bbox 1064 2875 1246 2917; x_wconf 88' lang='lat' dir='ltr'>proditum.</span> <span class='ocrx_word' id='word_1_776' title='bbox 1278 2875 1321 2906; x_wconf 86' lang='lat' dir='ltr'>ad</span> <span class='ocrx_word' id='word_1_777' title='bbox 1343 2885 1375 2915; x_wconf 86' lang='lat' dir='ltr'>q.</span> <span class='ocrx_word' id='word_1_778' title='bbox 1398 2875 1422 2905; x_wconf 90' lang='lat' dir='ltr'>l.</span> <span class='ocrx_word' id='word_1_779' title='bbox 1450 2873 1648 2905; x_wconf 86' lang='lat' dir='ltr'>Torrentius</span> 
     </span>
     <span class='ocr_line' id='line_1_128' title="bbox 911 2917 1649 2960; baseline -0.004 -10"><span class='ocrx_word' id='word_1_780' title='bbox 911 2920 999 2952; x_wconf 80' lang='lat' dir='ltr'>male</span> <span class='ocrx_word' id='word_1_781' title='bbox 1034 2919 1097 2952; x_wconf 84' lang='lat' dir='ltr'>hoc</span> <span class='ocrx_word' id='word_1_782' title='bbox 1131 2929 1237 2960; x_wconf 81' lang='lat' dir='ltr'>genus</span> <span class='ocrx_word' id='word_1_783' title='bbox 1272 2929 1350 2950; x_wconf 85' lang='lat' dir='ltr'>cum</span> <span class='ocrx_word' id='word_1_784' title='bbox 1382 2918 1440 2951; x_wconf 87' lang='lat' dir='ltr'>illo</span> <span class='ocrx_word' id='word_1_785' title='bbox 1473 2917 1649 2959; x_wconf 75' lang='lat' dir='ltr'>superiori,</span> 
     </span>
    </p>
   </div>
  </div>
 </body>
</html>
