1804 3178
608 128 753 157 tNDEx
789 126 1078 158 LANNJTAUS.

135 213 252 248 Fruar.
278 217 379 250 Tusc.
395 217 442 249 iii.
459 217 508 248 16.
527 215 608 258 [ναὶ
621 216 742 253 officio,
756 224 815 257 pro

83 258 195 301 fungi.
231 261 296 292 Sed
326 262 480 293 Davisius
510 260 675 300 reposuit:
709 259 815 299 fungi.

88 301 267 344 Vulgatam
304 304 488 336 defendunt
521 303 686 344 Wopkcn.
721 303 814 335 Lect.

86 345 178 379 Tull.
193 348 214 379 i.
235 351 282 380 1⁴.
311 354 346 380 et
363 348 526 378 Bulierius
541 348 581 377 ad
599 348 630 377 h.
646 347 666 378 l.
691 348 710 366 ⁴*
722 349 814 379 Brut.

87 393 142 425 97.
164 397 198 421 te
220 397 282 422 tua
297 393 420 422 virtute
432 391 515 432 frui
537 393 711 431 cupimus:
737 391 768 422 h.
785 402 814 422 c.

88 432 191 474 digna
206 435 339 466 virtutis
356 435 493 475 praemia
508 445 634 475 capvrc.

132 477 289 515 Fac-aeus,
312 485 489 519 corruptus
517 479 612 508 rehu<
638 478 813 509 adscititiis

85 523 123 550 et
144 520 270 552 alienis.
293 521 426 552 Muren.
454 524 502 552 12.
525 522 564 552 de
581 522 813 562 jurispruden-

86 563 158 594 tia:
182 564 298 595 iisdem
318 564 579 606 iiieptiisjitcala
597 570 675 595 sunt
690 567 812 596 omnia.

130 606 279 638 Fucosus.
312 608 396 640 Rab.
419 609 505 642 Post.
538 612 586 639 14.
619 609 751 640 fallace-s
779 615 812 640 et

73 647 203 690 suoesae
223 661 375 691 merces;
400 662 472 691 quae
496 663 542 684 sc.
560 653 633 684 nliae
657 653 811 683 sideban-

85 698 142 725 ιω·
157 703 240 732 esse,
253 700 353 734 atque
370 700 474 726 erant.

128 736 248 768 Fucus.
271 739 328 769 Or.
346 739 391 770 iii.
409 741 461 771 25.
487 739 633 769 cincinni
651 742 756 779 po'ctae
773 749 810 769 ac

70 779 192 820 sucus.
221 782 292 813 Att.
316 783 337 812 i.
365 786 391 813 l.
418 784 488 813 sine
501 782 586 822 suco
607 787 642 812 et
657 782 813 820 fallaciis,

85 833 176 854 more
193 827 370 865 majorum,
387 831 539 866 negatur.

128 867 266 907 Fugere.
297 869 361 900 Off.
383 870 431 899 iii.
453 872 506 900 23.
532 869 646 899 vinum
659 868 810 909 fugiens,

83 915 148 949 est,
164 912 251 952 quod
273 912 340 947 alio
363 912 434 943 loco
453 922 652 942 evanescens
675 913 809 951 dicitur,

85 954 175 994 quod
190 955 279 986 brevi
293 959 442 996 tempore
457 956 521 986 vim
539 965 632 986 suam
649 956 766 996 perdit.

128 997 280 1038 fulgere,
295 998 475 1038 fulgurare.
500 999 576 1030 Vat.
594 1003 624 1031 8.
644 998 810 1038 Jovefal-

79 1045 187 1080 gente.
215 1041 295 1072 Nat.
311 1042 354 1073 D.
371 1043 404 1072 ii.
420 1044 472 1074 25.
503 1042 756 1082 coelosulgente.

126 1084 344 1125 Fulguraeor,
372 1086 532 1126 interpres
559 1086 742 1126 fulgurum.
769 1087 809 1117 de

81 1127 161 1163 Div.
177 1129 210 1159 ii.
228 1131 279 1165 53„

126 1171 278 1203 Fulmen.
302 1172 392 1203 Balb.
424 1177 473 1205 15.
495 1173 561 1203 duo
572 1172 727 1213 fulmina
749 1175 811 1204 im-

80 1215 166 1256 perii
183 1216 300 1253 nostri,
317 1217 356 1246 de
372 1217 580 1257 Scipionibus
597 1217 630 1247 in
647 1216 811 1257 Hispania

83 1259 284 1297 interemtis,
302 1270 330 1290 v.
348 1260 480 1290 Abram.
497 1261 538 1291 ad
554 1260 585 1290 h.
603 1260 623 1290 l.

127 1301 310 1334 Fundulus.
341 1303 410 1334 Pin.
429 1305 470 1335 iv.
491 1307 518 1334 l.
545 1302 811 1343 disciplinafuu-

81 1345 162 1376 data
177 1351 213 1377 et
227 1352 408 1381 exstructa.
433 1347 538 1378 Flacc.
559 1350 606 1378 11,
628 1347 712 1377 nihil
729 1347 811 1377 veri-

80 1389 358 1431 tatefuudatum.
389 1390 488 1421 Dom.
505 1391 556 1423 36.
585 1390 712 1420 familia
722 1389 810 1428 fun-

81 1433 260 1465 datissima.
275 1432 403 1465 familia
417 1433 550 1464 fundari
567 1434 689 1464 dicitur
700 1433 810 1464 liberis

82 1477 256 1517 susceptis.
278 1487 307 1507 v.
333 1476 478 1508 Pricaeus
501 1478 542 1508 ad
565 1476 663 1517 Apul.
688 1487 720 1517 p.
736 1480 810 1508 350.

81 1519 254 1550 Drakenb.
279 1520 320 1551 ad
341 1520 399 1551 Sil.
422 1521 456 1551 ii.
481 1522 533 1552 65.
562 1520 625 1550 Sed
649 1520 680 1550 h.
705 1519 726 1550 l.
744 1529 810 1550 non

80 1567 153 1593 tam
183 1563 226 1595 ad
254 1563 372 1595 liberos
407 1565 596 1604 respicitur,
623 1573 702 1602 quos
737 1564 811 1602 jam

81 1611 162 1636 ante
173 1616 251 1637 cum
263 1607 365 1638 fratrc
377 1608 618 1644 nominaverat,
628 1617 727 1646 quam
741 1617 809 1637 rem

81 1648 294 1688 familiarem,
318 1660 392 1690 quae
415 1655 450 1681 et
472 1652 544 1691 ipsa
565 1651 710 1688 fundari,
733 1661 810 1680 con-

82 1693 193 1731 stitui,
209 1694 343 1725 dicitur.
377 1694 431 1724 Sic
446 1693 558 1727 Rabir.
575 1695 663 1726 Post.
684 1697 710 1730 1.
721 1694 811 1734 fun-

80 1736 167 1768 daeae
181 1736 323 1768 fortuna‘
340 1746 430 1777 opes.

125 1780 287 1812 Fundere.
312 1781 384 1811 Fin.
401 1781 448 1811 iii.
469 1783 517 1814 15.
533 1791 734 1820 quamquam
754 1791 810 1815 ne-

82 1829 177 1864 gent,
204 1833 265 1854 nec
288 1825 426 1854 virtutes
451 1833 511 1854 nec
535 1825 617 1854 vilia
639 1834 808 1862 crescere;

82 1872 234 1898 attamen
263 1875 444 1906 utrumque
467 1877 581 1897 eorum
600 1866 709 1907 fundi
731 1878 810 1908 quo-

83 1910 261 1942 dammodo
277 1916 311 1940 et
329 1912 420 1950 qnasi
437 1911 566 1941 dilatari
585 1917 716 1951 putant.

128 1953 274 1985 Fundus.
299 1954 393 1985 Balb.
417 1958 446 1986 8.
475 1957 524 1985 11.
549 1958 596 1985 18.
616 1957 667 1986 21.
697 1954 810 1995 populi

71 1995 191 2037 sandi.
203 1996 357 2037 fundum
381 1998 463 2028 lieri.
486 2007 516 2028 v.
535 1998 606 2028 lnd.
623 1997 724 2037 Legg.
741 1999 810 2029 Lex

81 2040 175 2071 Julia
199 2041 238 2072 L.
266 2040 416 2078 Caesaris,
437 2046 471 2071 et
495 2041 568 2072 add.
585 2041 616 2072 J.
640 2041 742 2072 Gron.
769 2041 810 2072 ad

83 2083 169 2114 Gell.
186 2084 250 2115 xvi.
270 2088 318 2116 13.
345 2085 364 2102 ¹⁵
376 2084 438 2115 Off.
455 2085 487 2114 ii.
509 2087 557 2115 15.
586 2084 810 2125 largitiosrm-

82 2127 164 2158 dum
181 2137 247 2158 uon
264 2128 383 2160 habet:
401 2128 433 2161 h.
449 2138 478 2160 e.
495 2137 561 2160 non
577 2127 634 2160 diu
650 2129 721 2163 fieri
737 2134 811 2171 pot-

83 2175 146 2202 est.

128 2215 301 2256 Famulus,
313 2219 493 2258 opponitur
508 2229 602 2260 puro.
617 2219 698 2260 Leg..
710 2221 743 2253 ii.
758 2222 810 2252 22.

83 2268 158 2300 quae
175 2260 398 2301 finissmwstoe
411 2262 555 2293 familiae.

128 2302 254 2341 Funus,
278 2306 390 2345 pestis.
415 2306 506 2335 l'rov.
533 2306 632 2336 Cons.
660 2310 686 2338 l.
713 2306 812 2336 Gabi-

83 2346 159 2379 nius
182 2352 218 2378 et
242 2348 316 2378 Piso
335 2349 494 2380 dicuntur
503 2348 634 2388 funera
654 2349 812 2390 reipubli-

82 2399 144 2420 cae.
165 2391 266 2422 Tusc.
292 2393 312 2421 i.
340 2396 388 2422 15.
420 2403 481 2422 ncc
500 2391 631 2432 simera
655 2394 736 2426 fletu
763 2392 810 2423 fa-

83 2433 144 2471 xit.
161 2433 327 2466 Buherius
343 2448 360 2465 e
379 2436 457 2466 Cod.
470 2436 625 2467 Leidensi
642 2437 808 2468 rescribit:

71 2474 209 2518 funera
232 2477 379 2518 lessuru;
404 2486 439 2510 ct
453 2479 586 2518 summ
613 2481 811 2520 interpreta-

82 2524 140 2550 tur
161 2520 201 2551 dc
226 2522 380 2561 muliere,
396 2533 468 2562 quae
494 2523 671 2563 incipiebat
690 2524 809 2554 lessum

81 2572 203 2595 canere
232 2566 266 2596 in
299 2576 421 2606 pompa
444 2566 585 2598 funebri.
645 2566 810 2598 Funerum

83 2606 207 2639 dictam
234 2619 303 2640 esse
334 2610 419 2640 hanc
446 2610 619 2647 feminam,
640 2610 713 2649 jam
742 2620 810 2640 mo-

83 2654 206 2682 nuerat
225 2651 265 2683 ad
287 2652 344 2684 hos
367 2663 476 2683 versus
500 2653 597 2684 Ennii
614 2654 761 2693 Scaliger
777 2654 810 2687 in

83 2691 263 2726 Catalectis
285 2701 319 2726 et
334 2697 468 2727 Vossius
492 2698 524 2727 in
547 2697 689 2736 Etymol.
705 2703 739 2728 et
755 2696 812 2726 Vir

83 2735 202 2767 doctus
225 2738 260 2769 in
284 2739 423 2771 Miscell.
447 2741 524 2771 Obs.
544 2740 626 2772 Brit.
650 2740 722 2771 Vol.
739 2740 759 2770 i.
777 2750 809 2780 p.

127 2822 288 2864 Fure-illa,
316 2826 388 2858 Att.
404 2829 466 2858 xvi.
485 2830 515 2858 2.
530 2826 678 2867 furcilla
700 2831 812 2856 extru-

83 2864 129 2896 di.
173 2866 246 2898 Hoc
270 2870 406 2901 verbum
424 2871 637 2911 praetermisit
650 2869 810 2901 Nizolius.

84 2900 145 2941 Est
159 2912 248 2942 enim
264 2922 284 2943 a
298 2912 463 2947 Lambino
480 2919 514 2946 et
528 2914 695 2946 Turnebo.

1495 124 1578 161 803)

903 214 1017 246 Furia.
1035 216 1075 247 ad
1090 216 1164 248 Div.
1182 220 1201 249 i.
1216 224 1246 254 9.
1274 219 1312 250 dd
1328 220 1440 251 Clodio
1454 233 1460 250 z
1473 220 1576 261 [μνία

859 257 1070 289 muliebrium
1087 260 1291 300 religionum.

901 301 1055 333 Furiam.
1087 303 1166 333 Har.
1192 306 1233 336 R.
1262 310 1307 337 13.
1339 317 1413 337 cum
1429 306 1576 347 ‚sin-iales

857 355 952 376 voces
968 347 1000 375 in
1019 347 1229 377 concionibus
1245 350 1360 380 mittis.

900 389 1063 425 Furiosus,
1079 389 1202 420 dicitur
1224 394 1400 431 stt-pissime
1417 393 1504 433 apud
1521 394 1573 423 (Σί-

856 443 1023 470 cei-onem,
1040 433 1095 472 qui
1120 438 1234 465 contra
1250 436 1484 475 rempublicam
1500 446 1573 466 sen-

855 477 911 513 tit,
923 477 1015 513 dicit,
1028 477 1115 516 agit:
1134 477 1227 514 item,
1244 479 1300 516 qui
1317 484 1405 508 atrox
1423 480 1573 519 qnodque

855 519 982 550 facinus
997 526 1188 560 perpetrare
1205 521 1316 551 audet.
1330 522 1370 551 ad
1384 523 1457 552 niv.
1477 534 1505 553 x.
1528 526 1575 554 11.

855 564 942 603 qnod
965 563 1116 602 qnaedam
1144 574 1218 604 pars
1241 566 1404 595 exercitus
1428 575 1492 595 non
1517 568 1575 597 ini-

855 607 1054 647 nussuriosa
1071 610 1133 645 est,
1151 617 1250 646 quam
1268 609 1323 648 qui
1340 618 1415 638 cum
1433 609 1576 640 Antonio

853 650 1003 681 suerunt.

897 694 1031 731 Furere,
1049 698 1166 724 contra
1188 703 1290 735 rcmp.
1306 695 1442 731 sentire,
1458 694 1575 726 saccrc.

853 737 922 767 Λα.
940 738 991 767 vii.
1010 741 1039 767 Β.
1071 737 1250 770 sinautem
1275 737 1328 768 ille
1340 738 1496 778 furerem
1523 749 1575 769 vc-

854 780 1028 810 hcmcnter
1044 779 1213 811 hominem
1230 784 1476 812 contemnebat.

897 824 1013 861 Furor,
1037 823 1184 853 studium
1212 828 1327 854 contra
1352 825 1513 865 rempubl.
1540 831 1574 855 et

852 868 989 897 omnino
1014 867 1173 896 effrenata
1198 868 1347 903 audacia,
1371 868 1411 898 ad
1441 869 1516 899 Div.
1544 880 1574 899 x.

856 914 904 941 ll.
936 911 1064 941 decima
1090 910 1176 950 legio
1199 910 1240 940 ad
1263 911 1404 941 eundem
1418 911 1575 951 jurarem

852 954 961 984 rediit.

896 997 1048 1028 Furtum.
1074 997 1167 1028 Verr.
1185 998 1216 1027 ii.
1233 1001 1285 1031 70.
1300 997 1405 1036 furta
1422 1002 1573 1038 exporta-

851 1045 898 1077 ta,
915 1041 953 1071 de
972 1041 1081 1078 rebus,
1098 1050 1170 1080 quae
1194 1051 1252 1082 per
1273 1041 1422 1072 fraudem
1438 1046 1472 1072 et
1487 1041 1573 1075 claui

851 1084 922 1114 aliis
937 1090 1051 1124 erepta
1065 1089 1153 1114 sunt.

896 1127 1122 1166 Fustuarium,
1155 1128 1215 1157 int.
1245 1128 1456 1168 supplicium.
1491 1127 1576 1158 Phil.

852 1172 898 1202 iii.
922 1173 953 1203 6.
982 1170 1239 1211 sisusenarium
1264 1177 1457 1202 meruerunt
1473 1170 1574 1211 legio-

852 1224 924 1253 nes,
951 1224 1024 1254 quae
1052 1214 1221 1244 consulem
1253 1215 1469 1254 reliquerunt.
1515 1216 1575 1246 Eat

852 1258 1051 1298 supplicium
1069 1267 1135 1287 non
1146 1257 1254 1287 solum
1271 1258 1427 1296 militare,
1441 1264 1476 1287 ut
1495 1268 1575 1288 non-

853 1301 935 1331 nulli
959 1302 1174 1339 arbitrantur,
1191 1300 1248 1330 sed
1270 1301 1371 1335 etiam
1399 1302 1576 1338 urbanum,

852 1349 891 1375 ut
907 1355 945 1374 ex
962 1345 1168 1381 criminibus,
1182 1354 1201 1374 a
1219 1344 1350 1384 Polybio
1362 1344 1383 1375 l.
1395 1346 1436 1374 vi.
1451 1354 1575 1375 memo-

853 1389 932 1419 ratis
961 1388 1102 1427 intelligi
1127 1391 1247 1428 potest,
1275 1398 1347 1426 qua²
1361 1387 1575 1428 fustuarium

853 1431 1036 1462 merebant.
1061 1430 1124 1461 vid.
1148 1431 1236 1471 Lips.
1261 1430 1332 1461 Mil.
1358 1432 1453 1461 Rom.
1476 1441 1506 1461 v.
1528 1435 1575 1461 18.

851 1475 986 1505 Vossius
1011 1480 1046 1505 et
1069 1473 1236 1505 Boeclerus
1260 1474 1301 1504 ad
1326 1474 1441 1504 Vellei.
1464 1474 1498 1505 ii.
1522 1478 1575 1508 78.

852 1524 936 1549 extr.
963 1518 1034 1549 Nec
1052 1518 1173 1557 quaevis
1189 1518 1375 1556 castigatio,
1391 1527 1464 1557 quae
1480 1517 1577 1547 fusti-

853 1561 913 1592 bus
937 1562 988 1599 fit,
1009 1562 1121 1593 statim
1141 1565 1192 1590 est
1202 1560 1427 1599 fustuarium,
1444 1561 1500 1590 sed
1524 1570 1578 1590 ca—

854 1605 963 1645 pitalis
980 1614 1088 1645 poena,
1104 1613 1177 1642 quae
1193 1604 1335 1634 fustibus
1353 1605 1499 1635 sumitur
1513 1615 1519 1633 :
1546 1614 1575 1633 v.

852 1649 924 1679 Liv.
942 1648 1030 1689 Epit.
1049 1651 1100 1682 57.
1125 1652 1159 1677 et
1181 1647 1225 1677 ibi
1252 1646 1421 1678 Drakenb.
1446 1651 1481 1677 et
1494 1656 1576 1687 quos

853 1691 978 1722 laudat.

896 1735 1012 1766 Fusus.
1042 1735 1099 1766 Or.
1121 1734 1154 1764 ii.
1179 1737 1227 1765 15.
1244 1732 1369 1773 ficsum
1385 1743 1488 1773 genus
1504 1743 1575 1763 ora-

852 1779 965 1816 tionis,
981 1783 1031 1808 est
1048 1778 1134 1814 lene,
1151 1786 1217 1807 non
1239 1787 1404 1818 asperum.
1427 1777 1504 1807 ibid.
1524 1779 1575 1807 54.

840 1821 966 1862 susum
988 1831 1093 1860 genus
1109 1820 1282 1858 sermonis,
1300 1821 1481 1861 opponitur
1497 1828 1575 1849 con-

853 1865 919 1894 ciso
935 1873 969 1896 ct
986 1866 1128 1895 minuto.
1152 1863 1229 1894 ibid.
1245 1867 1297 1897 77.
1309 1865 1432 1902 susmn
1455 1863 1488 1893 in
1504 1872 1577 1892 ora-

853 1909 957 1945 tione,
980 1908 1114 1945 dicitnr,
1132 1907 1220 1946 quod
1237 1917 1302 1937 non
1320 1917 1386 1936 uno
1402 1906 1511 1945 aliquo
1529 1904 1575 1934 lo-

853 1962 903 1989 co,
919 1952 976 1982 scd
992 1961 1050 1992 per
1065 1956 1171 1980 totam
1188 1951 1371 1980 orationem
1389 1948 1574 1979 adhibetur.

853 1996 905 2025 Sic
924 1995 1002 2025 Nat.
1019 1996 1061 2025 D.
1079 1995 1111 2024 ii.
1129 1994 1182 2024 56.
1212 1998 1321 2024 tactus
1343 1996 1414 2024 toto
1438 2001 1573 2032 corpore

840 2037 945 2079 susus
961 2048 1031 2069 esse
1048 2037 1181 2070 dicitur.

1192 2126 1233 2158 G.

901 2216 1046 2247 Gallicae.
1078 2213 1162 2249 Phil.
1194 2214 1227 2243 ii.
1259 2215 1310 2243 30.
1349 2216 1428 2240 sunt
1457 2208 1573 2246 calcei,

853 2261 909 2300 qui
943 2261 1024 2290 imas
1058 2262 1191 2288 tantum
1218 2255 1348 2296 plantas
1375 2258 1510 2292 tegunt,
1536 2257 1575 2282 ut

853 2303 993 2344 crcpidae
1010 2306 1044 2332 ct
1060 2301 1167 2331 solcae.
1184 2310 1213 2329 v.
1229 2298 1335 2328 Graev.
1350 2297 1390 2327 ad
1407 2296 1438 2326 h.
1455 2295 1476 2325 l.

904 2346 1119 2380 (saumarius,
1133 2343 1187 2382 qui
1201 2342 1338 2382 gallinas
1352 2343 1455 2370 curat.
1473 2337 1574 2369 Acad.

855 2391 895 2420 iv.
919 2391 971 2421 26.
1001 2388 1156 2428 quoniam
1177 2385 1396 2424 gallinarium
1420 2381 1575 2412 invenisti

854 2433 1043 2470 Deliacum,
1075 2431 1130 2470 qui
1167 2439 1228 2459 ova
1258 2430 1482 2467 cognosceret.
1514 2424 1575 2464 Ap.

854 2477 946 2507 Varr.
977 2476 1015 2506 R.
1044 2474 1081 2505 R.
1111 2474 1156 2504 iii.
1180 2477 1211 2507 9.
1235 2476 1265 2507 7.
1297 2476 1348 2501 est
1375 2468 1576 2509 gallinariae

852 2523 995 2550 cur-ator.

901 2563 1079 2593 Gaudium.
1091 2570 1121 2590 v.
1135 2558 1264 2591 laetjtia.

902 2607 1068 2641 Geminus,
1089 2602 1216 2635 similis.
1250 2600 1366 2632 l’artit.
1390 2603 1422 2634 7.
1453 2606 1577 2628 memo-

853 2651 901 2683 ria
917 2656 968 2680 est
981 2649 1112 2688 gemma
1131 2646 1324 2678 literaturae.
1437 2685 1455 2691 ..
1533 2682 1539 2689 ι

902 2692 1084 2729 Genealogi.
1108 2690 1187 2720 Nat.
1208 2689 1252 2719 D.
1271 2688 1317 2717 iii.
1339 2690 1387 2720 17.
1413 2684 1471 2721 dn,
1487 2693 1540 2722 qui
1558 2692 1578 2711 u

850 2737 1032 2777 genealogis
1048 2733 1192 2772 antiquis
1209 2731 1435 2762 nominantur.
1477 2726 1575 2774 Gene-

852 2782 939 2819 alogi
954 2779 1124 2815 dicuntur,
1141 2776 1198 2816 qui
1222 2775 1369 2806 Deorum
1393 2774 1576 2817 generatio-

854 2833 911 2854 nes
940 2823 1157 2862 scripscrunt,
1188 2822 1227 2850 ut
1257 2816 1419 2848 Hesiodus
1449 2820 1483 2843 et
1512 2810 1577 2842 aln.

853 2867 917 2900 S‹.·‹i
933 2866 994 2896 vid.
1011 2867 1078 2895 not.

903 2909 1103 2942 Generatim.
1118 2904 1302 2938 secundum
1318 2908 1438 2942 genera
1455 2904 1575 2933 rerum,

952 2956 1011 2986 ¹3
