<?xml version="1.0" encoding="UTF-8"?>
<!DOCTYPE html PUBLIC "-//W3C//DTD XHTML 1.0 Transitional//EN"
    "http://www.w3.org/TR/xhtml1/DTD/xhtml1-transitional.dtd">
<html xmlns="http://www.w3.org/1999/xhtml" xml:lang="en" lang="en">
 <head>
  <title>
</title>
<meta http-equiv="Content-Type" content="text/html;charset=utf-8" />
  <meta name='ocr-system' content='tesseract 3.04.00' />
  <meta name='ocr-capabilities' content='ocr_page ocr_carea ocr_par ocr_line ocrx_word'/>
</head>
<body>
  <div class='ocr_page' id='page_1' title='image "./operaomnia05ciceuoft/operaomnia05ciceuoft_0449.png"; bbox 0 0 1790 3219; ppageno 0'>
   <div class='ocr_carea' id='block_1_1' title="bbox 574 109 1043 140">
    <p class='ocr_par' dir='ltr' id='par_1_1' title="bbox 574 109 1043 140">
     <span class='ocr_line' id='line_1_1' title="bbox 574 109 1043 140; baseline -0.004 0"><span class='ocrx_word' id='word_1_1' title='bbox 574 110 718 140; x_wconf 70' lang='lat' dir='ltr'>mnnx</span> <span class='ocrx_word' id='word_1_2' title='bbox 750 109 883 138; x_wconf 62' lang='lat' dir='ltr'>Larix</span> <span class='ocrx_word' id='word_1_3' title='bbox 890 110 1043 138; x_wconf 65' lang='lat' dir='ltr'>trans».</span> 
     </span>
    </p>
   </div>
   <div class='ocr_carea' id='block_1_2' title="bbox 61 196 816 2932">
    <p class='ocr_par' dir='ltr' id='par_1_2' title="bbox 62 196 794 576">
     <span class='ocr_line' id='line_1_2' title="bbox 62 196 791 237; baseline -0.004 -7"><span class='ocrx_word' id='word_1_4' title='bbox 62 199 153 230; x_wconf 71' lang='lat' dir='ltr'>enim</span> <span class='ocrx_word' id='word_1_5' title='bbox 181 201 336 231; x_wconf 73' lang='lat' dir='ltr'>stomachi</span> <span class='ocrx_word' id='word_1_6' title='bbox 366 200 445 237; x_wconf 82' lang='lat' dir='ltr'>mei,</span> <span class='ocrx_word' id='word_1_7' title='bbox 475 197 569 237; x_wconf 78' lang='lat' dir='ltr'>cujus</span> <span class='ocrx_word' id='word_1_8' title='bbox 584 200 622 228; x_wconf 83' lang='lat' dir='ltr'>tu</span> <span class='ocrx_word' id='word_1_9' title='bbox 647 196 791 228; x_wconf 79' lang='lat' dir='ltr'>similem</span> 
     </span>
     <span class='ocr_line' id='line_1_3' title="bbox 63 240 793 281; baseline -0.003 -10"><span class='ocrx_word' id='word_1_10' title='bbox 63 242 230 281; x_wconf 68' lang='lat' dir='ltr'>quondam</span> <span class='ocrx_word' id='word_1_11' title='bbox 245 243 399 281; x_wconf 73' lang='lat' dir='ltr'>habebas,</span> <span class='ocrx_word' id='word_1_12' title='bbox 413 244 447 273; x_wconf 87' lang='lat' dir='ltr'>in</span> <span class='ocrx_word' id='word_1_13' title='bbox 463 241 636 272; x_wconf 86' lang='lat' dir='ltr'>hominum</span> <span class='ocrx_word' id='word_1_14' title='bbox 650 240 793 270; x_wconf 84' lang='lat' dir='ltr'>insolen-</span> 
     </span>
     <span class='ocr_line' id='line_1_4' title="bbox 65 283 793 327; baseline -0.003 -12"><span class='ocrx_word' id='word_1_15' title='bbox 65 286 151 316; x_wconf 80' lang='lat' dir='ltr'>tium</span> <span class='ocrx_word' id='word_1_16' title='bbox 171 287 369 327; x_wconf 78' lang='lat' dir='ltr'>indignitate</span> <span class='ocrx_word' id='word_1_17' title='bbox 384 285 568 316; x_wconf 77' lang='lat' dir='ltr'>fastidium.</span> <span class='ocrx_word' id='word_1_18' title='bbox 591 284 631 313; x_wconf 77' lang='lat' dir='ltr'>au</span> <span class='ocrx_word' id='word_1_19' title='bbox 648 283 724 314; x_wconf 81' lang='lat' dir='ltr'>Div.</span> <span class='ocrx_word' id='word_1_20' title='bbox 740 284 793 313; x_wconf 87' lang='lat' dir='ltr'>vii.</span> 
     </span>
     <span class='ocr_line' id='line_1_5' title="bbox 67 327 794 370; baseline -0.003 -12"><span class='ocrx_word' id='word_1_21' title='bbox 67 331 94 359; x_wconf 88' lang='lat'>1.</span> <span class='ocrx_word' id='word_1_22' title='bbox 120 329 187 360; x_wconf 85' lang='lat' dir='ltr'>ludi</span> <span class='ocrx_word' id='word_1_23' title='bbox 212 330 468 370; x_wconf 76' lang='lat' dir='ltr'>apparatissimi,</span> <span class='ocrx_word' id='word_1_24' title='bbox 484 329 540 358; x_wconf 76' lang='lat' dir='ltr'>sed</span> <span class='ocrx_word' id='word_1_25' title='bbox 568 336 633 356; x_wconf 84' lang='lat' dir='ltr'>uon</span> <span class='ocrx_word' id='word_1_26' title='bbox 656 327 707 356; x_wconf 87' lang='lat' dir='ltr'>tui</span> <span class='ocrx_word' id='word_1_27' title='bbox 734 331 794 358; x_wconf 81' lang='lat' dir='ltr'>sto-</span> 
     </span>
     <span class='ocr_line' id='line_1_6' title="bbox 63 371 792 411; baseline -0.001 -10"><span class='ocrx_word' id='word_1_28' title='bbox 63 375 182 404; x_wconf 71' lang='lat' dir='ltr'>mwiu&#39;.</span> <span class='ocrx_word' id='word_1_29' title='bbox 207 373 285 404; x_wconf 81' lang='lat' dir='ltr'>ibid.</span> <span class='ocrx_word' id='word_1_30' title='bbox 301 373 368 403; x_wconf 83' lang='lat' dir='ltr'>viii.</span> <span class='ocrx_word' id='word_1_31' title='bbox 388 375 435 403; x_wconf 83' lang='grc'>13.</span> <span class='ocrx_word' id='word_1_32' title='bbox 458 371 615 411; x_wconf 60' lang='lat' dir='ltr'>stomacho</span> <span class='ocrx_word' id='word_1_33' title='bbox 631 376 681 400; x_wconf 89' lang='lat' dir='ltr'>est</span> <span class='ocrx_word' id='word_1_34' title='bbox 698 371 792 401; x_wconf 84' lang='lat' dir='ltr'>Pom—</span> 
     </span>
     <span class='ocr_line' id='line_1_7' title="bbox 64 413 794 456; baseline -0.001 -12"><span class='ocrx_word' id='word_1_35' title='bbox 64 416 158 456; x_wconf 79' lang='lat' dir='ltr'>peius</span> <span class='ocrx_word' id='word_1_36' title='bbox 184 416 232 447; x_wconf 80' lang='lat' dir='ltr'>M.</span> <span class='ocrx_word' id='word_1_37' title='bbox 265 425 354 446; x_wconf 92' lang='lat' dir='ltr'>nunc</span> <span class='ocrx_word' id='word_1_38' title='bbox 385 417 433 445; x_wconf 89' lang='lat' dir='ltr'>ita</span> <span class='ocrx_word' id='word_1_39' title='bbox 459 413 646 453; x_wconf 63' lang='lat' dir='ltr'>languenti,</span> <span class='ocrx_word' id='word_1_40' title='bbox 664 421 700 444; x_wconf 88' lang='lat' dir='ltr'>ut</span> <span class='ocrx_word' id='word_1_41' title='bbox 729 414 794 451; x_wconf 79' lang='lat' dir='ltr'>vix,</span> 
     </span>
     <span class='ocr_line' id='line_1_8' title="bbox 65 457 793 500; baseline -0.001 -12"><span class='ocrx_word' id='word_1_42' title='bbox 65 459 153 498; x_wconf 88' lang='lat' dir='ltr'>quod</span> <span class='ocrx_word' id='word_1_43' title='bbox 169 460 229 490; x_wconf 82' lang='lat' dir='ltr'>sili</span> <span class='ocrx_word' id='word_1_44' title='bbox 246 459 388 500; x_wconf 81' lang='lat' dir='ltr'>placeat,</span> <span class='ocrx_word' id='word_1_45' title='bbox 406 458 560 497; x_wconf 82' lang='lat' dir='ltr'>reperiat.</span> <span class='ocrx_word' id='word_1_46' title='bbox 587 457 663 488; x_wconf 84' lang='lat' dir='ltr'><strong>ibid.</strong></span> <span class='ocrx_word' id='word_1_47' title='bbox 693 457 736 487; x_wconf 83' lang='lat' dir='ltr'>ix.</span> <span class='ocrx_word' id='word_1_48' title='bbox 762 459 793 488; x_wconf 79' lang='lat'>2.</span> 
     </span>
     <span class='ocr_line' id='line_1_9' title="bbox 62 500 792 540; baseline -0.003 -8"><span class='ocrx_word' id='word_1_49' title='bbox 62 503 267 532; x_wconf 81' lang='lat' dir='ltr'>consuetudo</span> <span class='ocrx_word' id='word_1_50' title='bbox 305 502 463 532; x_wconf 83' lang='lat' dir='ltr'>diuturna</span> <span class='ocrx_word' id='word_1_51' title='bbox 499 500 621 531; x_wconf 86' lang='lat' dir='ltr'>callum</span> <span class='ocrx_word' id='word_1_52' title='bbox 638 502 710 540; x_wconf 83' lang='lat' dir='ltr'>jam</span> <span class='ocrx_word' id='word_1_53' title='bbox 736 501 792 530; x_wconf 89' lang='lat' dir='ltr'>ob-</span> 
     </span>
     <span class='ocr_line' id='line_1_10' title="bbox 62 545 696 576; baseline -0.005 0"><span class='ocrx_word' id='word_1_54' title='bbox 62 545 158 576; x_wconf 79' lang='lat' dir='ltr'>duxit</span> <span class='ocrx_word' id='word_1_55' title='bbox 170 546 329 576; x_wconf 75' lang='lat' dir='ltr'>stomacho</span> <span class='ocrx_word' id='word_1_56' title='bbox 345 555 430 575; x_wconf 84' lang='lat' dir='ltr'>meu.</span> <span class='ocrx_word' id='word_1_57' title='bbox 694 562 696 564; x_wconf 38' lang='lat' dir='ltr'>v</span> 
     </span>
    </p>

    <p class='ocr_par' dir='ltr' id='par_1_3' title="bbox 63 587 793 672">
     <span class='ocr_line' id='line_1_11' title="bbox 107 587 793 627; baseline 0 -9"><span class='ocrx_word' id='word_1_58' title='bbox 107 589 273 627; x_wconf 78' lang='lat' dir='ltr'>Stragula</span> <span class='ocrx_word' id='word_1_59' title='bbox 298 589 397 618; x_wconf 87' lang='lat' dir='ltr'>vestis</span> <span class='ocrx_word' id='word_1_60' title='bbox 423 588 519 618; x_wconf 79' lang='lat' dir='ltr'>Rosc.</span> <span class='ocrx_word' id='word_1_61' title='bbox 547 587 622 618; x_wconf 79' lang='lat' dir='ltr'>Am.</span> <span class='ocrx_word' id='word_1_62' title='bbox 653 588 707 619; x_wconf 75' lang='lat'>46.</span> <span class='ocrx_word' id='word_1_63' title='bbox 731 591 793 627; x_wconf 85' lang='lat' dir='ltr'>est,</span> 
     </span>
     <span class='ocr_line' id='line_1_12' title="bbox 63 631 673 672; baseline -0.002 -11"><span class='ocrx_word' id='word_1_64' title='bbox 63 641 130 671; x_wconf 82' lang='lat' dir='ltr'>qua</span> <span class='ocrx_word' id='word_1_65' title='bbox 145 631 220 661; x_wconf 78' lang='lat' dir='ltr'>lecti</span> <span class='ocrx_word' id='word_1_66' title='bbox 238 639 448 668; x_wconf 65' lang='lat' dir='ltr'>sternuntur,</span> <span class='ocrx_word' id='word_1_67' title='bbox 465 631 673 672; x_wconf 80' lang='lat' dir='ltr'>peristroma.</span> 
     </span>
    </p>

    <p class='ocr_par' dir='ltr' id='par_1_4' title="bbox 61 673 798 1096">
     <span class='ocr_line' id='line_1_13' title="bbox 108 673 797 714; baseline 0 -10"><span class='ocrx_word' id='word_1_68' title='bbox 108 674 321 714; x_wconf 65' lang='lat' dir='ltr'>Stragvlnm,</span> <span class='ocrx_word' id='word_1_69' title='bbox 341 675 440 706; x_wconf 73' lang='lat' dir='ltr'>idem.</span> <span class='ocrx_word' id='word_1_70' title='bbox 456 675 556 706; x_wconf 53' lang='lat' dir='ltr'>&#39;rusa</span> <span class='ocrx_word' id='word_1_71' title='bbox 572 685 601 705; x_wconf 88' lang='lat' dir='ltr'>v.</span> <span class='ocrx_word' id='word_1_72' title='bbox 618 676 671 705; x_wconf 69' lang='lat'>²21.</span> <span class='ocrx_word' id='word_1_73' title='bbox 695 673 797 705; x_wconf 92' lang='lat' dir='ltr'>collo-</span> 
     </span>
     <span class='ocr_line' id='line_1_14' title="bbox 62 718 798 756; baseline -0.001 -8"><span class='ocrx_word' id='word_1_74' title='bbox 62 719 127 748; x_wconf 88' lang='lat' dir='ltr'>cari</span> <span class='ocrx_word' id='word_1_75' title='bbox 138 719 239 756; x_wconf 67' lang='lat' dir='ltr'>jussu.</span> <span class='ocrx_word' id='word_1_76' title='bbox 255 719 466 749; x_wconf 63' lang='lat' dir='ltr'>hominunm</span> <span class='ocrx_word' id='word_1_77' title='bbox 483 728 582 748; x_wconf 81' lang='lat' dir='ltr'>aureo</span> <span class='ocrx_word' id='word_1_78' title='bbox 598 718 696 753; x_wconf 69' lang='lat' dir='ltr'>lecto,</span> <span class='ocrx_word' id='word_1_79' title='bbox 713 722 798 747; x_wconf 89' lang='lat' dir='ltr'>stra-</span> 
     </span>
     <span class='ocr_line' id='line_1_15' title="bbox 61 761 796 801; baseline -0.003 -9"><span class='ocrx_word' id='word_1_80' title='bbox 61 767 98 792; x_wconf 86' lang='lat' dir='ltr'>to</span> <span class='ocrx_word' id='word_1_81' title='bbox 114 762 349 801; x_wconf 82' lang='lat' dir='ltr'>pulcherrimo,</span> <span class='ocrx_word' id='word_1_82' title='bbox 368 761 473 792; x_wconf 61' lang='lat' dir='ltr'>textili</span> <span class='ocrx_word' id='word_1_83' title='bbox 492 764 653 800; x_wconf 57' lang='lat' dir='ltr'>stragulo,</span> <span class='ocrx_word' id='word_1_84' title='bbox 668 762 796 800; x_wconf 79' lang='lat' dir='ltr'>magni-</span> 
     </span>
     <span class='ocr_line' id='line_1_16' title="bbox 63 804 796 846; baseline -0.004 -10"><span class='ocrx_word' id='word_1_85' title='bbox 63 806 134 836; x_wconf 79' lang='lat' dir='ltr'>ficis</span> <span class='ocrx_word' id='word_1_86' title='bbox 162 806 315 846; x_wconf 66' lang='lat' dir='ltr'>operibus</span> <span class='ocrx_word' id='word_1_87' title='bbox 341 807 440 846; x_wconf 87' lang='lat' dir='ltr'>picto.</span> <span class='ocrx_word' id='word_1_88' title='bbox 473 805 644 840; x_wconf 75' lang='lat' dir='ltr'>Ceterum,</span> <span class='ocrx_word' id='word_1_89' title='bbox 668 809 705 834; x_wconf 90' lang='lat' dir='ltr'>ut</span> <span class='ocrx_word' id='word_1_90' title='bbox 734 804 796 834; x_wconf 86' lang='lat' dir='ltr'>hoc</span> 
     </span>
     <span class='ocr_line' id='line_1_17' title="bbox 63 848 796 889; baseline -0.003 -10"><span class='ocrx_word' id='word_1_91' title='bbox 63 849 169 880; x_wconf 72' lang='lat' dir='ltr'>obiter</span> <span class='ocrx_word' id='word_1_92' title='bbox 193 859 361 886; x_wconf 84' lang='lat' dir='ltr'>moneam,</span> <span class='ocrx_word' id='word_1_93' title='bbox 378 850 410 879; x_wconf 92' lang='lat' dir='ltr'>in</span> <span class='ocrx_word' id='word_1_94' title='bbox 436 848 507 889; x_wconf 62' lang='lat' dir='ltr'>h.‚.l.</span> <span class='ocrx_word' id='word_1_95' title='bbox 524 848 701 887; x_wconf 67' lang='lat' dir='ltr'>legendum</span> <span class='ocrx_word' id='word_1_96' title='bbox 719 857 796 877; x_wconf 90' lang='lat' dir='ltr'>cen-</span> 
     </span>
     <span class='ocr_line' id='line_1_18' title="bbox 65 891 797 932; baseline -0.001 -10"><span class='ocrx_word' id='word_1_97' title='bbox 65 902 139 922; x_wconf 81' lang='lat' dir='ltr'>seo:</span> <span class='ocrx_word' id='word_1_98' title='bbox 166 892 398 932; x_wconf 75' lang='lat' dir='ltr'>pulcherrime.</span> <span class='ocrx_word' id='word_1_99' title='bbox 439 891 561 922; x_wconf 79' lang='lat' dir='ltr'>Lectus</span> <span class='ocrx_word' id='word_1_100' title='bbox 578 901 696 922; x_wconf 88' lang='lat' dir='ltr'>aureus</span> <span class='ocrx_word' id='word_1_101' title='bbox 713 898 797 921; x_wconf 85' lang='lat' dir='ltr'>stra-</span> 
     </span>
     <span class='ocr_line' id='line_1_19' title="bbox 62 934 795 976; baseline -0.003 -10"><span class='ocrx_word' id='word_1_102' title='bbox 62 940 118 966; x_wconf 88' lang='lat' dir='ltr'>tus</span> <span class='ocrx_word' id='word_1_103' title='bbox 140 943 212 966; x_wconf 82' lang='lat' dir='ltr'>erat</span> <span class='ocrx_word' id='word_1_104' title='bbox 240 936 474 976; x_wconf 76' lang='lat' dir='ltr'>pulcherrime,</span> <span class='ocrx_word' id='word_1_105' title='bbox 501 945 620 975; x_wconf 82' lang='lat' dir='ltr'>nempe</span> <span class='ocrx_word' id='word_1_106' title='bbox 647 934 795 974; x_wconf 79' lang='lat' dir='ltr'>stragulo</span> 
     </span>
     <span class='ocr_line' id='line_1_20' title="bbox 63 978 796 1019; baseline -0.001 -10"><span class='ocrx_word' id='word_1_107' title='bbox 63 979 173 1009; x_wconf 68' lang='lat' dir='ltr'>textili</span> <span class='ocrx_word' id='word_1_108' title='bbox 207 989 311 1018; x_wconf 82' lang='lat' dir='ltr'>coque</span> <span class='ocrx_word' id='word_1_109' title='bbox 342 979 443 1019; x_wconf 80' lang='lat' dir='ltr'>picto.</span> <span class='ocrx_word' id='word_1_110' title='bbox 477 979 530 1009; x_wconf 88' lang='lat' dir='ltr'>Sic</span> <span class='ocrx_word' id='word_1_111' title='bbox 563 978 647 1008; x_wconf 82' lang='lat' dir='ltr'>Phil.</span> <span class='ocrx_word' id='word_1_112' title='bbox 679 979 712 1008; x_wconf 87' lang='lat' dir='ltr'>ii.</span> <span class='ocrx_word' id='word_1_113' title='bbox 743 980 796 1012; x_wconf 74' lang='lat'>27.</span> 
     </span>
     <span class='ocr_line' id='line_1_21' title="bbox 64 1022 798 1063; baseline 0 -11"><span class='ocrx_word' id='word_1_114' title='bbox 64 1023 170 1053; x_wconf 86' lang='lat' dir='ltr'>lectus</span> <span class='ocrx_word' id='word_1_115' title='bbox 196 1026 322 1053; x_wconf 76' lang='lat' dir='ltr'>stratus</span> <span class='ocrx_word' id='word_1_116' title='bbox 348 1022 556 1063; x_wconf 76' lang='lat' dir='ltr'>conchyliato</span> <span class='ocrx_word' id='word_1_117' title='bbox 587 1022 798 1063; x_wconf 84' lang='lat' dir='ltr'>peristroma-</span> 
     </span>
     <span class='ocr_line' id='line_1_22' title="bbox 61 1070 108 1096; baseline 0 0"><span class='ocrx_word' id='word_1_118' title='bbox 61 1070 108 1096; x_wconf 84' lang='lat' dir='ltr'>te.</span> 
     </span>
    </p>

    <p class='ocr_par' dir='ltr' id='par_1_5' title="bbox 67 1108 798 1187">
     <span class='ocr_line' id='line_1_23' title="bbox 109 1108 798 1149; baseline -0.001 -9"><span class='ocrx_word' id='word_1_119' title='bbox 109 1108 326 1149; x_wconf 68' lang='lat' dir='ltr'>Strangzwiu,</span> <span class='ocrx_word' id='word_1_120' title='bbox 343 1108 518 1140; x_wconf 83' lang='lat' dir='ltr'>difficultas</span> <span class='ocrx_word' id='word_1_121' title='bbox 531 1114 565 1140; x_wconf 86' lang='lat' dir='ltr'>ct</span> <span class='ocrx_word' id='word_1_122' title='bbox 577 1108 672 1139; x_wconf 87' lang='lat' dir='ltr'>dolor</span> <span class='ocrx_word' id='word_1_123' title='bbox 683 1109 716 1139; x_wconf 90' lang='lat' dir='ltr'>in</span> <span class='ocrx_word' id='word_1_124' title='bbox 731 1109 798 1139; x_wconf 91' lang='lat' dir='ltr'>uri-</span> 
     </span>
     <span class='ocr_line' id='line_1_24' title="bbox 67 1152 580 1187; baseline -0.002 -3"><span class='ocrx_word' id='word_1_125' title='bbox 67 1162 113 1184; x_wconf 85' lang='lat' dir='ltr'>na</span> <span class='ocrx_word' id='word_1_126' title='bbox 128 1152 303 1184; x_wconf 81' lang='lat' dir='ltr'>mittenda.</span> <span class='ocrx_word' id='word_1_127' title='bbox 326 1152 462 1183; x_wconf 86' lang='lat' dir='ltr'>Tuscul.</span> <span class='ocrx_word' id='word_1_128' title='bbox 479 1153 512 1183; x_wconf 91' lang='lat' dir='ltr'>ii.</span> <span class='ocrx_word' id='word_1_129' title='bbox 533 1156 580 1187; x_wconf 82' lang='lat'>19.</span> 
     </span>
    </p>

    <p class='ocr_par' dir='ltr' id='par_1_6' title="bbox 63 1194 796 1280">
     <span class='ocr_line' id='line_1_25' title="bbox 108 1194 796 1234; baseline -0.003 -6"><span class='ocrx_word' id='word_1_130' title='bbox 108 1196 276 1234; x_wconf 81' lang='lat' dir='ltr'>Stratum,</span> <span class='ocrx_word' id='word_1_131' title='bbox 295 1196 450 1227; x_wconf 84' lang='lat' dir='ltr'>laudatur</span> <span class='ocrx_word' id='word_1_132' title='bbox 465 1207 482 1227; x_wconf 90' lang='lat' dir='ltr'>e</span> <span class='ocrx_word' id='word_1_133' title='bbox 498 1196 600 1228; x_wconf 87' lang='lat' dir='ltr'>Tusc.</span> <span class='ocrx_word' id='word_1_134' title='bbox 616 1206 647 1226; x_wconf 91' lang='lat' dir='ltr'>v.</span> <span class='ocrx_word' id='word_1_135' title='bbox 662 1197 715 1228; x_wconf 77' lang='lat'>21.</span> <span class='ocrx_word' id='word_1_136' title='bbox 738 1194 796 1226; x_wconf 81' lang='lat' dir='ltr'>sed</span> 
     </span>
     <span class='ocr_line' id='line_1_26' title="bbox 63 1240 345 1280; baseline 0 -10"><span class='ocrx_word' id='word_1_137' title='bbox 63 1240 130 1270; x_wconf 80' lang='lat' dir='ltr'>vid.</span> <span class='ocrx_word' id='word_1_138' title='bbox 146 1240 345 1280; x_wconf 80' lang='lat' dir='ltr'>stragulum.</span> 
     </span>
    </p>

    <p class='ocr_par' dir='ltr' id='par_1_7' title="bbox 63 1282 798 1406">
     <span class='ocr_line' id='line_1_27' title="bbox 109 1282 798 1315; baseline -0.003 -1"><span class='ocrx_word' id='word_1_139' title='bbox 109 1283 281 1314; x_wconf 77' lang='lat' dir='ltr'><em>Strenuus.</em></span> <span class='ocrx_word' id='word_1_140' title='bbox 306 1283 389 1314; x_wconf 84' lang='lat' dir='ltr'>Phil.</span> <span class='ocrx_word' id='word_1_141' title='bbox 407 1283 441 1314; x_wconf 90' lang='lat' dir='ltr'>ii.</span> <span class='ocrx_word' id='word_1_142' title='bbox 452 1284 505 1315; x_wconf 72' lang='lat'>32.</span> <span class='ocrx_word' id='word_1_143' title='bbox 528 1282 678 1313; x_wconf 86' lang='lat' dir='ltr'>celeriter</span> <span class='ocrx_word' id='word_1_144' title='bbox 693 1282 748 1313; x_wconf 91' lang='lat' dir='ltr'>isti</span> <span class='ocrx_word' id='word_1_145' title='bbox 765 1286 798 1313; x_wconf 81' lang='lat' dir='ltr'>et</span> 
     </span>
     <span class='ocr_line' id='line_1_28' title="bbox 65 1326 798 1367; baseline -0.001 -9"><span class='ocrx_word' id='word_1_146' title='bbox 65 1327 193 1365; x_wconf 82' lang='lat' dir='ltr'>redisti,</span> <span class='ocrx_word' id='word_1_147' title='bbox 216 1331 254 1358; x_wconf 91' lang='lat' dir='ltr'>ut</span> <span class='ocrx_word' id='word_1_148' title='bbox 270 1330 482 1367; x_wconf 72' lang='lat' dir='ltr'>cognosceret</span> <span class='ocrx_word' id='word_1_149' title='bbox 496 1332 544 1365; x_wconf 88' lang='lat' dir='ltr'>te,</span> <span class='ocrx_word' id='word_1_150' title='bbox 560 1327 587 1357; x_wconf 90' lang='lat' dir='ltr'>si</span> <span class='ocrx_word' id='word_1_151' title='bbox 605 1327 716 1357; x_wconf 90' lang='lat' dir='ltr'>minus</span> <span class='ocrx_word' id='word_1_152' title='bbox 732 1326 798 1357; x_wconf 84' lang='lat' dir='ltr'>for·</span> 
     </span>
     <span class='ocr_line' id='line_1_29' title="bbox 63 1375 508 1406; baseline -0.004 -4"><span class='ocrx_word' id='word_1_153' title='bbox 63 1375 148 1406; x_wconf 82' lang='lat' dir='ltr'>tem,</span> <span class='ocrx_word' id='word_1_154' title='bbox 165 1375 315 1401; x_wconf 82' lang='lat' dir='ltr'>attamen</span> <span class='ocrx_word' id='word_1_155' title='bbox 329 1375 508 1401; x_wconf 80' lang='lat' dir='ltr'>strenuum.</span> 
     </span>
    </p>

    <p class='ocr_par' dir='ltr' id='par_1_8' title="bbox 65 1413 800 1575">
     <span class='ocr_line' id='line_1_30' title="bbox 110 1413 796 1452; baseline -0.001 -7"><span class='ocrx_word' id='word_1_156' title='bbox 110 1413 272 1451; x_wconf 75' lang='lat' dir='ltr'>Strictim,</span> <span class='ocrx_word' id='word_1_157' title='bbox 297 1414 417 1452; x_wconf 88' lang='lat' dir='ltr'>obiter,</span> <span class='ocrx_word' id='word_1_158' title='bbox 439 1414 593 1444; x_wconf 88' lang='lat' dir='ltr'>breviter.</span> <span class='ocrx_word' id='word_1_159' title='bbox 616 1414 674 1444; x_wconf 92' lang='lat' dir='ltr'>Or.</span> <span class='ocrx_word' id='word_1_160' title='bbox 697 1413 717 1443; x_wconf 93' lang='lat' dir='ltr'>i.</span> <span class='ocrx_word' id='word_1_161' title='bbox 743 1416 796 1444; x_wconf 82' lang='lat'>35.</span> 
     </span>
     <span class='ocr_line' id='line_1_31' title="bbox 65 1457 797 1498; baseline -0.003 -9"><span class='ocrx_word' id='word_1_162' title='bbox 65 1459 204 1489; x_wconf 75' lang='lat' dir='ltr'>strictim</span> <span class='ocrx_word' id='word_1_163' title='bbox 221 1457 401 1498; x_wconf 77' lang='lat' dir='ltr'>adspicere.</span> <span class='ocrx_word' id='word_1_164' title='bbox 427 1457 508 1488; x_wconf 83' lang='lat' dir='ltr'>Coel.</span> <span class='ocrx_word' id='word_1_165' title='bbox 533 1461 564 1492; x_wconf 85' lang='lat'>7.</span> <span class='ocrx_word' id='word_1_166' title='bbox 586 1458 724 1488; x_wconf 58' lang='lat' dir='ltr'>strictim</span> <span class='ocrx_word' id='word_1_167' title='bbox 739 1467 797 1497; x_wconf 90' lang='lat' dir='ltr'>po-</span> 
     </span>
     <span class='ocr_line' id='line_1_32' title="bbox 66 1499 800 1540; baseline -0.001 -9"><span class='ocrx_word' id='word_1_168' title='bbox 66 1511 156 1532; x_wconf 85' lang='lat' dir='ltr'>nere.</span> <span class='ocrx_word' id='word_1_169' title='bbox 188 1501 258 1532; x_wconf 85' lang='lat' dir='ltr'>Att.</span> <span class='ocrx_word' id='word_1_170' title='bbox 287 1501 322 1531; x_wconf 88' lang='lat' dir='ltr'>ii.</span> <span class='ocrx_word' id='word_1_171' title='bbox 357 1504 382 1531; x_wconf 88' lang='lat'>1.</span> <span class='ocrx_word' id='word_1_172' title='bbox 403 1502 543 1532; x_wconf 76' lang='lat' dir='ltr'>strictim</span> <span class='ocrx_word' id='word_1_173' title='bbox 569 1501 734 1540; x_wconf 81' lang='lat' dir='ltr'>attingere</span> <span class='ocrx_word' id='word_1_174' title='bbox 761 1499 800 1530; x_wconf 86' lang='lat' dir='ltr'>li-</span> 
     </span>
     <span class='ocr_line' id='line_1_33' title="bbox 67 1545 176 1575; baseline -0.009 0"><span class='ocrx_word' id='word_1_175' title='bbox 67 1545 176 1575; x_wconf 90' lang='lat' dir='ltr'>brum.</span> 
     </span>
    </p>

    <p class='ocr_par' dir='ltr' id='par_1_9' title="bbox 62 1587 799 1716">
     <span class='ocr_line' id='line_1_34' title="bbox 109 1587 796 1627; baseline -0.003 -8"><span class='ocrx_word' id='word_1_176' title='bbox 109 1587 252 1619; x_wconf 73' lang='lat' dir='ltr'>stridor.</span> <span class='ocrx_word' id='word_1_177' title='bbox 284 1587 363 1627; x_wconf 85' lang='lat' dir='ltr'>Agr.</span> <span class='ocrx_word' id='word_1_178' title='bbox 393 1588 427 1618; x_wconf 93' lang='lat' dir='ltr'>ii.</span> <span class='ocrx_word' id='word_1_179' title='bbox 457 1589 510 1620; x_wconf 72' lang='lat'>⁶26.</span> <span class='ocrx_word' id='word_1_180' title='bbox 534 1587 602 1618; x_wconf 90' lang='lat' dir='ltr'>veri</span> <span class='ocrx_word' id='word_1_181' title='bbox 629 1590 664 1617; x_wconf 87' lang='lat' dir='ltr'>et</span> <span class='ocrx_word' id='word_1_182' title='bbox 700 1587 796 1618; x_wconf 83' lang='lat' dir='ltr'>fortis</span> 
     </span>
     <span class='ocr_line' id='line_1_35' title="bbox 62 1630 799 1672; baseline -0.001 -10"><span class='ocrx_word' id='word_1_183' title='bbox 62 1631 191 1662; x_wconf 83' lang='lat' dir='ltr'>tribuni</span> <span class='ocrx_word' id='word_1_184' title='bbox 219 1630 263 1672; x_wconf 90' lang='lat' dir='ltr'>pl.</span> <span class='ocrx_word' id='word_1_185' title='bbox 287 1631 455 1662; x_wconf 72' lang='lat' dir='ltr'>stridorem</span> <span class='ocrx_word' id='word_1_186' title='bbox 485 1641 591 1662; x_wconf 88' lang='lat' dir='ltr'>unum</span> <span class='ocrx_word' id='word_1_187' title='bbox 618 1631 704 1662; x_wconf 84' lang='lat' dir='ltr'>ferre</span> <span class='ocrx_word' id='word_1_188' title='bbox 731 1640 799 1661; x_wconf 89' lang='lat' dir='ltr'>non</span> 
     </span>
     <span class='ocr_line' id='line_1_36' title="bbox 66 1676 182 1716; baseline -0.009 -10"><span class='ocrx_word' id='word_1_189' title='bbox 66 1676 182 1716; x_wconf 77' lang='lat' dir='ltr'>possit.</span> 
     </span>
    </p>

    <p class='ocr_par' dir='ltr' id='par_1_10' title="bbox 65 1717 802 2106">
     <span class='ocr_line' id='line_1_37' title="bbox 110 1717 801 1758; baseline -0.001 -9"><span class='ocrx_word' id='word_1_190' title='bbox 110 1718 270 1758; x_wconf 69' lang='lat' dir='ltr'>strigilis,</span> <span class='ocrx_word' id='word_1_191' title='bbox 293 1718 557 1749; x_wconf 83' lang='lat' dir='ltr'>instrumentum</span> <span class='ocrx_word' id='word_1_192' title='bbox 584 1717 740 1748; x_wconf 84' lang='lat' dir='ltr'><strong>balneare</strong></span> <span class='ocrx_word' id='word_1_193' title='bbox 765 1722 801 1748; x_wconf 88' lang='lat' dir='ltr'>et</span> 
     </span>
     <span class='ocr_line' id='line_1_38' title="bbox 65 1761 797 1801; baseline 0 -9"><span class='ocrx_word' id='word_1_194' title='bbox 65 1762 273 1799; x_wconf 84' lang='lat' dir='ltr'>unctorium,</span> <span class='ocrx_word' id='word_1_195' title='bbox 287 1771 352 1801; x_wconf 89' lang='lat' dir='ltr'>quo</span> <span class='ocrx_word' id='word_1_196' title='bbox 366 1762 407 1792; x_wconf 83' lang='lat' dir='ltr'>ad</span> <span class='ocrx_word' id='word_1_197' title='bbox 423 1762 607 1793; x_wconf 79' lang='lat' dir='ltr'>radendum</span> <span class='ocrx_word' id='word_1_198' title='bbox 623 1761 797 1801; x_wconf 86' lang='lat' dir='ltr'>detergen-</span> 
     </span>
     <span class='ocr_line' id='line_1_39' title="bbox 67 1805 801 1846; baseline -0.001 -10"><span class='ocrx_word' id='word_1_199' title='bbox 67 1806 215 1845; x_wconf 89' lang='lat' dir='ltr'>dumque</span> <span class='ocrx_word' id='word_1_200' title='bbox 233 1815 351 1846; x_wconf 87' lang='lat' dir='ltr'>corpus</span> <span class='ocrx_word' id='word_1_201' title='bbox 369 1805 550 1836; x_wconf 87' lang='lat' dir='ltr'>utebantur</span> <span class='ocrx_word' id='word_1_202' title='bbox 566 1806 600 1836; x_wconf 92' lang='lat' dir='ltr'>in</span> <span class='ocrx_word' id='word_1_203' title='bbox 615 1805 801 1836; x_wconf 84' lang='lat' dir='ltr'>sudationi-</span> 
     </span>
     <span class='ocr_line' id='line_1_40' title="bbox 67 1848 801 1887; baseline -0.001 -8"><span class='ocrx_word' id='word_1_204' title='bbox 67 1849 142 1887; x_wconf 86' lang='lat' dir='ltr'>bus,</span> <span class='ocrx_word' id='word_1_205' title='bbox 157 1848 337 1880; x_wconf 82' lang='lat' dir='ltr'>lotionibus</span> <span class='ocrx_word' id='word_1_206' title='bbox 359 1855 393 1879; x_wconf 88' lang='lat' dir='ltr'>et</span> <span class='ocrx_word' id='word_1_207' title='bbox 415 1849 643 1879; x_wconf 85' lang='lat' dir='ltr'>unctionibus.</span> <span class='ocrx_word' id='word_1_208' title='bbox 659 1849 699 1879; x_wconf 88' lang='lat' dir='ltr'>de</span> <span class='ocrx_word' id='word_1_209' title='bbox 715 1858 755 1879; x_wconf 88' lang='lat' dir='ltr'>ca</span> <span class='ocrx_word' id='word_1_210' title='bbox 770 1858 801 1878; x_wconf 87' lang='lat' dir='ltr'>v.</span> 
     </span>
     <span class='ocr_line' id='line_1_41' title="bbox 67 1891 800 1924; baseline 0 -1"><span class='ocrx_word' id='word_1_211' title='bbox 67 1892 297 1924; x_wconf 85' lang='lat' dir='ltr'>Escbenbach.</span> <span class='ocrx_word' id='word_1_212' title='bbox 313 1892 401 1923; x_wconf 91' lang='lat' dir='ltr'>Diss.</span> <span class='ocrx_word' id='word_1_213' title='bbox 417 1891 457 1922; x_wconf 89' lang='lat' dir='ltr'>de</span> <span class='ocrx_word' id='word_1_214' title='bbox 482 1892 705 1924; x_wconf 88' lang='lat' dir='ltr'>Unctionibus</span> <span class='ocrx_word' id='word_1_215' title='bbox 721 1902 750 1921; x_wconf 87' lang='lat' dir='ltr'>c.</span> <span class='ocrx_word' id='word_1_216' title='bbox 768 1895 800 1923; x_wconf 89' lang='grc'>3.</span> 
     </span>
     <span class='ocr_line' id='line_1_42' title="bbox 66 1934 802 1978; baseline -0.003 -11"><span class='ocrx_word' id='word_1_217' title='bbox 66 1946 100 1977; x_wconf 83' lang='lat' dir='ltr'>p.</span> <span class='ocrx_word' id='word_1_218' title='bbox 115 1938 191 1970; x_wconf 78' lang='lat'>473.</span> <span class='ocrx_word' id='word_1_219' title='bbox 213 1945 240 1966; x_wconf 88' lang='lat' dir='ltr'>s.</span> <span class='ocrx_word' id='word_1_220' title='bbox 256 1935 313 1975; x_wconf 88' lang='lat' dir='ltr'>qui</span> <span class='ocrx_word' id='word_1_221' title='bbox 329 1942 364 1966; x_wconf 87' lang='lat' dir='ltr'>et</span> <span class='ocrx_word' id='word_1_222' title='bbox 377 1946 409 1978; x_wconf 87' lang='lat' dir='ltr'>p.</span> <span class='ocrx_word' id='word_1_223' title='bbox 426 1938 500 1967; x_wconf 81' lang='grc'><strong>483.</strong></span> <span class='ocrx_word' id='word_1_224' title='bbox 524 1936 648 1976; x_wconf 81' lang='lat' dir='ltr'>figuras</span> <span class='ocrx_word' id='word_1_225' title='bbox 663 1934 802 1975; x_wconf 76' lang='lat' dir='ltr'>strigilis</span> 
     </span>
     <span class='ocr_line' id='line_1_43' title="bbox 67 1978 801 2019; baseline -0.001 -10"><span class='ocrx_word' id='word_1_226' title='bbox 67 1978 216 2016; x_wconf 78' lang='lat' dir='ltr'>exhibet,</span> <span class='ocrx_word' id='word_1_227' title='bbox 231 1988 312 2019; x_wconf 88' lang='lat' dir='ltr'>quas</span> <span class='ocrx_word' id='word_1_228' title='bbox 329 1983 366 2009; x_wconf 84' lang='lat' dir='ltr'>et</span> <span class='ocrx_word' id='word_1_229' title='bbox 392 1979 502 2010; x_wconf 81' lang='lat' dir='ltr'>videre</span> <span class='ocrx_word' id='word_1_230' title='bbox 517 1979 598 2010; x_wconf 87' lang='lat' dir='ltr'>licet</span> <span class='ocrx_word' id='word_1_231' title='bbox 612 1989 666 2019; x_wconf 88' lang='lat' dir='ltr'>ap.</span> <span class='ocrx_word' id='word_1_232' title='bbox 680 1979 801 2018; x_wconf 78' lang='lat' dir='ltr'>Pigno-</span> 
     </span>
     <span class='ocr_line' id='line_1_44' title="bbox 68 2021 802 2062; baseline 0 -10"><span class='ocrx_word' id='word_1_233' title='bbox 68 2023 155 2053; x_wconf 86' lang='lat' dir='ltr'>rium</span> <span class='ocrx_word' id='word_1_234' title='bbox 179 2021 219 2052; x_wconf 87' lang='lat' dir='ltr'>de</span> <span class='ocrx_word' id='word_1_235' title='bbox 236 2022 349 2059; x_wconf 88' lang='lat' dir='ltr'>servis,</span> <span class='ocrx_word' id='word_1_236' title='bbox 366 2021 523 2062; x_wconf 86' lang='lat' dir='ltr'>aliosque.</span> <span class='ocrx_word' id='word_1_237' title='bbox 547 2023 618 2053; x_wconf 79' lang='lat' dir='ltr'>Fin.</span> <span class='ocrx_word' id='word_1_238' title='bbox 635 2023 678 2053; x_wconf 86' lang='lat' dir='ltr'>iv.</span> <span class='ocrx_word' id='word_1_239' title='bbox 698 2025 748 2054; x_wconf 73' lang='lat'>12.</span> <span class='ocrx_word' id='word_1_240' title='bbox 775 2022 802 2052; x_wconf 88' lang='lat' dir='ltr'>si</span> 
     </span>
     <span class='ocr_line' id='line_1_45' title="bbox 70 2064 781 2106; baseline 0 -10"><span class='ocrx_word' id='word_1_241' title='bbox 70 2065 113 2096; x_wconf 77' lang='lat' dir='ltr'>ad</span> <span class='ocrx_word' id='word_1_242' title='bbox 130 2064 222 2096; x_wconf 86' lang='lat' dir='ltr'>illam</span> <span class='ocrx_word' id='word_1_243' title='bbox 240 2065 389 2106; x_wconf 76' lang='lat' dir='ltr'>ampulla</span> <span class='ocrx_word' id='word_1_244' title='bbox 404 2073 464 2096; x_wconf 87' lang='lat' dir='ltr'>aut</span> <span class='ocrx_word' id='word_1_245' title='bbox 478 2067 618 2106; x_wconf 77' lang='lat' dir='ltr'>strigilis</span> <span class='ocrx_word' id='word_1_246' title='bbox 633 2066 781 2096; x_wconf 83' lang='lat' dir='ltr'>accedat.</span> 
     </span>
    </p>

    <p class='ocr_par' dir='ltr' id='par_1_11' title="bbox 62 2108 803 2314">
     <span class='ocr_line' id='line_1_46' title="bbox 113 2108 803 2148; baseline 0 -9"><span class='ocrx_word' id='word_1_247' title='bbox 113 2108 294 2148; x_wconf 73' lang='lat' dir='ltr'>strigosus,</span> <span class='ocrx_word' id='word_1_248' title='bbox 324 2108 365 2139; x_wconf 88' lang='lat' dir='ltr'>de</span> <span class='ocrx_word' id='word_1_249' title='bbox 389 2115 532 2140; x_wconf 87' lang='lat' dir='ltr'>oratore.</span> <span class='ocrx_word' id='word_1_250' title='bbox 555 2108 648 2141; x_wconf 87' lang='lat' dir='ltr'>Brut.</span> <span class='ocrx_word' id='word_1_251' title='bbox 679 2110 728 2140; x_wconf 80' lang='lat'>16.</span> <span class='ocrx_word' id='word_1_252' title='bbox 751 2112 803 2139; x_wconf 88' lang='lat' dir='ltr'>est</span> 
     </span>
     <span class='ocr_line' id='line_1_47' title="bbox 67 2152 803 2192; baseline 0.001 -10"><span class='ocrx_word' id='word_1_253' title='bbox 67 2157 141 2183; x_wconf 83' lang='lat' dir='ltr'>toto</span> <span class='ocrx_word' id='word_1_254' title='bbox 171 2162 292 2192; x_wconf 82' lang='lat' dir='ltr'>genere</span> <span class='ocrx_word' id='word_1_255' title='bbox 320 2154 507 2192; x_wconf 74' lang='lat' dir='ltr'>strigosior:</span> <span class='ocrx_word' id='word_1_256' title='bbox 532 2152 564 2183; x_wconf 89' lang='lat' dir='ltr'>h.</span> <span class='ocrx_word' id='word_1_257' title='bbox 596 2163 626 2183; x_wconf 88' lang='lat' dir='ltr'>e.</span> <span class='ocrx_word' id='word_1_258' title='bbox 654 2153 803 2190; x_wconf 85' lang='lat' dir='ltr'>tenuior,</span> 
     </span>
     <span class='ocr_line' id='line_1_48' title="bbox 62 2196 803 2236; baseline 0 -10"><span class='ocrx_word' id='word_1_259' title='bbox 62 2196 222 2236; x_wconf 82' lang='lat' dir='ltr'>jejunior.</span> <span class='ocrx_word' id='word_1_260' title='bbox 252 2196 378 2226; x_wconf 75' lang='lat' dir='ltr'>«licitur</span> <span class='ocrx_word' id='word_1_261' title='bbox 399 2196 488 2226; x_wconf 89' lang='lat' dir='ltr'>enim</span> <span class='ocrx_word' id='word_1_262' title='bbox 506 2197 637 2236; x_wconf 85' lang='lat' dir='ltr'>proprie</span> <span class='ocrx_word' id='word_1_263' title='bbox 653 2196 693 2226; x_wconf 91' lang='lat' dir='ltr'>de</span> <span class='ocrx_word' id='word_1_264' title='bbox 710 2196 803 2235; x_wconf 77' lang='lat' dir='ltr'>equis</span> 
     </span>
     <span class='ocr_line' id='line_1_49' title="bbox 70 2238 803 2282; baseline 0.001 -13"><span class='ocrx_word' id='word_1_265' title='bbox 70 2239 177 2269; x_wconf 82' lang='lat' dir='ltr'>macie</span> <span class='ocrx_word' id='word_1_266' title='bbox 202 2239 377 2276; x_wconf 78' lang='lat' dir='ltr'>confectis,</span> <span class='ocrx_word' id='word_1_267' title='bbox 399 2239 455 2269; x_wconf 90' lang='lat' dir='ltr'>Gr.</span> <span class='ocrx_word' id='word_1_268' title='bbox 471 2238 615 2282; x_wconf 66' lang='grc' dir='ltr'><strong>ἇτςὸφοιι.</strong></span> <span class='ocrx_word' id='word_1_269' title='bbox 631 2249 661 2270; x_wconf 91' lang='lat' dir='ltr'>v.</span> <span class='ocrx_word' id='word_1_270' title='bbox 678 2239 803 2270; x_wconf 84' lang='lat' dir='ltr'>Victor.</span> 
     </span>
     <span class='ocr_line' id='line_1_50' title="bbox 71 2281 385 2314; baseline 0 -2"><span class='ocrx_word' id='word_1_271' title='bbox 71 2281 148 2313; x_wconf 84' lang='lat' dir='ltr'>Var.</span> <span class='ocrx_word' id='word_1_272' title='bbox 164 2281 258 2313; x_wconf 83' lang='lat' dir='ltr'>Lect.</span> <span class='ocrx_word' id='word_1_273' title='bbox 275 2282 315 2313; x_wconf 86' lang='lat' dir='ltr'>iv.</span> <span class='ocrx_word' id='word_1_274' title='bbox 333 2284 385 2314; x_wconf 72' lang='lat'>22.</span> 
     </span>
    </p>

    <p class='ocr_par' dir='ltr' id='par_1_12' title="bbox 68 2325 816 2932">
     <span class='ocr_line' id='line_1_51' title="bbox 112 2325 809 2367; baseline 0 -11"><span class='ocrx_word' id='word_1_275' title='bbox 112 2325 314 2367; x_wconf 81' lang='lat' dir='ltr'>Strophium.</span> <span class='ocrx_word' id='word_1_276' title='bbox 339 2325 420 2356; x_wconf 82' lang='lat' dir='ltr'>Har.</span> <span class='ocrx_word' id='word_1_277' title='bbox 434 2325 475 2356; x_wconf 82' lang='lat' dir='ltr'>R.</span> <span class='ocrx_word' id='word_1_278' title='bbox 492 2327 545 2357; x_wconf 75' lang='lat'>21.</span> <span class='ocrx_word' id='word_1_279' title='bbox 569 2326 604 2357; x_wconf 88' lang='lat' dir='ltr'>P.</span> <span class='ocrx_word' id='word_1_280' title='bbox 627 2325 761 2357; x_wconf 85' lang='lat' dir='ltr'>Clodius</span> <span class='ocrx_word' id='word_1_281' title='bbox 788 2335 809 2356; x_wconf 82' lang='lat' dir='ltr'>a</span> 
     </span>
     <span class='ocr_line' id='line_1_52' title="bbox 70 2369 805 2408; baseline 0 -8"><span class='ocrx_word' id='word_1_282' title='bbox 70 2375 219 2408; x_wconf 81' lang='lat' dir='ltr'>crocota,</span> <span class='ocrx_word' id='word_1_283' title='bbox 245 2379 265 2399; x_wconf 84' lang='lat' dir='ltr'>a</span> <span class='ocrx_word' id='word_1_284' title='bbox 280 2370 394 2408; x_wconf 88' lang='lat' dir='ltr'>mitra,</span> <span class='ocrx_word' id='word_1_285' title='bbox 419 2379 440 2399; x_wconf 89' lang='lat' dir='ltr'>a</span> <span class='ocrx_word' id='word_1_286' title='bbox 455 2369 672 2400; x_wconf 86' lang='lat' dir='ltr'>muliebribus</span> <span class='ocrx_word' id='word_1_287' title='bbox 695 2369 805 2407; x_wconf 84' lang='lat' dir='ltr'>soleis,</span> 
     </span>
     <span class='ocr_line' id='line_1_53' title="bbox 68 2411 808 2454; baseline 0 -10"><span class='ocrx_word' id='word_1_288' title='bbox 68 2413 311 2454; x_wconf 73' lang='lat' dir='ltr'>purpureisque</span> <span class='ocrx_word' id='word_1_289' title='bbox 338 2411 493 2450; x_wconf 76' lang='lat' dir='ltr'>fasciolis,</span> <span class='ocrx_word' id='word_1_290' title='bbox 517 2422 537 2442; x_wconf 90' lang='lat' dir='ltr'>a</span> <span class='ocrx_word' id='word_1_291' title='bbox 558 2415 808 2453; x_wconf 72' lang='lat' dir='ltr'>strophio—re-</span> 
     </span>
     <span class='ocr_line' id='line_1_54' title="bbox 71 2455 807 2497; baseline 0.001 -11"><span class='ocrx_word' id='word_1_292' title='bbox 71 2461 172 2496; x_wconf 82' lang='lat' dir='ltr'>pente</span> <span class='ocrx_word' id='word_1_293' title='bbox 197 2456 307 2486; x_wconf 81' lang='lat' dir='ltr'>factus</span> <span class='ocrx_word' id='word_1_294' title='bbox 332 2461 385 2486; x_wconf 87' lang='lat' dir='ltr'>est</span> <span class='ocrx_word' id='word_1_295' title='bbox 411 2455 592 2497; x_wconf 79' lang='lat' dir='ltr'>popularis.</span> <span class='ocrx_word' id='word_1_296' title='bbox 617 2456 807 2497; x_wconf 76' lang='lat' dir='ltr'>Strophium</span> 
     </span>
     <span class='ocr_line' id='line_1_55' title="bbox 69 2498 808 2540; baseline 0 -10"><span class='ocrx_word' id='word_1_297' title='bbox 69 2499 104 2530; x_wconf 86' lang='lat' dir='ltr'>h.</span> <span class='ocrx_word' id='word_1_298' title='bbox 121 2499 144 2530; x_wconf 89' lang='lat' dir='ltr'>l.</span> <span class='ocrx_word' id='word_1_299' title='bbox 160 2499 426 2540; x_wconf 83' lang='lat' dir='ltr'>interpretantur</span> <span class='ocrx_word' id='word_1_300' title='bbox 441 2499 481 2529; x_wconf 89' lang='lat' dir='ltr'>de</span> <span class='ocrx_word' id='word_1_301' title='bbox 498 2498 646 2537; x_wconf 82' lang='lat' dir='ltr'>fasciola,</span> <span class='ocrx_word' id='word_1_302' title='bbox 662 2510 729 2540; x_wconf 87' lang='lat' dir='ltr'>qua</span> <span class='ocrx_word' id='word_1_303' title='bbox 750 2509 808 2540; x_wconf 87' lang='lat' dir='ltr'>pa-</span> 
     </span>
     <span class='ocr_line' id='line_1_56' title="bbox 72 2542 810 2583; baseline -0.003 -9"><span class='ocrx_word' id='word_1_304' title='bbox 72 2542 170 2583; x_wconf 82' lang='lat' dir='ltr'>pillas</span> <span class='ocrx_word' id='word_1_305' title='bbox 200 2542 335 2573; x_wconf 76' lang='lat' dir='ltr'>feminae</span> <span class='ocrx_word' id='word_1_306' title='bbox 373 2543 581 2573; x_wconf 70' lang='lat' dir='ltr'>coercebant.</span> <span class='ocrx_word' id='word_1_307' title='bbox 611 2543 677 2574; x_wconf 92' lang='lat' dir='ltr'>vid.</span> <span class='ocrx_word' id='word_1_308' title='bbox 701 2543 810 2574; x_wconf 89' lang='lat' dir='ltr'>Inter-</span> 
     </span>
     <span class='ocr_line' id='line_1_57' title="bbox 73 2585 808 2626; baseline 0 -10"><span class='ocrx_word' id='word_1_309' title='bbox 73 2590 157 2626; x_wconf 86' lang='lat' dir='ltr'>pret.</span> <span class='ocrx_word' id='word_1_310' title='bbox 181 2586 223 2616; x_wconf 84' lang='lat' dir='ltr'>ad</span> <span class='ocrx_word' id='word_1_311' title='bbox 249 2585 374 2616; x_wconf 91' lang='lat' dir='ltr'>Catull.</span> <span class='ocrx_word' id='word_1_312' title='bbox 405 2587 509 2626; x_wconf 85' lang='lat' dir='ltr'>epigr.</span> <span class='ocrx_word' id='word_1_313' title='bbox 537 2587 590 2618; x_wconf 83' lang='lat'>65.</span> <span class='ocrx_word' id='word_1_314' title='bbox 614 2586 739 2617; x_wconf 86' lang='lat' dir='ltr'>Fcrrar.</span> <span class='ocrx_word' id='word_1_315' title='bbox 768 2586 808 2616; x_wconf 83' lang='lat' dir='ltr'>R.</span> 
     </span>
     <span class='ocr_line' id='line_1_58' title="bbox 71 2628 810 2668; baseline 0.003 -10"><span class='ocrx_word' id='word_1_316' title='bbox 71 2628 113 2658; x_wconf 92' lang='lat' dir='ltr'>V.</span> <span class='ocrx_word' id='word_1_317' title='bbox 139 2639 172 2668; x_wconf 88' lang='lat' dir='ltr'>p.</span> <span class='ocrx_word' id='word_1_318' title='bbox 202 2630 224 2660; x_wconf 92' lang='lat' dir='ltr'>i.</span> <span class='ocrx_word' id='word_1_319' title='bbox 247 2628 269 2660; x_wconf 95' lang='lat' dir='ltr'>l.</span> <span class='ocrx_word' id='word_1_320' title='bbox 302 2630 349 2660; x_wconf 90' lang='lat' dir='ltr'>iii.</span> <span class='ocrx_word' id='word_1_321' title='bbox 376 2639 404 2660; x_wconf 81' lang='lat' dir='ltr'>e.</span> <span class='ocrx_word' id='word_1_322' title='bbox 428 2631 481 2660; x_wconf 71' lang='lat'>21.</span> <span class='ocrx_word' id='word_1_323' title='bbox 505 2629 630 2660; x_wconf 83' lang='lat' dir='ltr'>Graecis</span> <span class='ocrx_word' id='word_1_324' title='bbox 657 2628 753 2660; x_wconf 64' lang='grc' dir='ltr'>ταινία</span> <span class='ocrx_word' id='word_1_325' title='bbox 775 2637 810 2660; x_wconf 84' lang='lat' dir='ltr'>et</span> 
     </span>
     <span class='ocr_line' id='line_1_59' title="bbox 73 2669 811 2710; baseline 0.003 -9"><span class='ocrx_word' id='word_1_326' title='bbox 73 2669 218 2710; x_wconf 57' lang='lat' dir='ltr'>wistan,</span> <span class='ocrx_word' id='word_1_327' title='bbox 235 2676 275 2702; x_wconf 87' lang='lat' dir='ltr'>ut</span> <span class='ocrx_word' id='word_1_328' title='bbox 289 2678 406 2703; x_wconf 83' lang='lat' dir='ltr'>auctor</span> <span class='ocrx_word' id='word_1_329' title='bbox 421 2678 472 2703; x_wconf 88' lang='lat' dir='ltr'>est</span> <span class='ocrx_word' id='word_1_330' title='bbox 489 2672 606 2703; x_wconf 87' lang='lat' dir='ltr'>Pollux</span> <span class='ocrx_word' id='word_1_331' title='bbox 621 2673 676 2704; x_wconf 85' lang='lat' dir='ltr'>vii.</span> <span class='ocrx_word' id='word_1_332' title='bbox 693 2676 745 2704; x_wconf 85' lang='lat'>54.</span> <span class='ocrx_word' id='word_1_333' title='bbox 768 2672 811 2703; x_wconf 79' lang='lat' dir='ltr'>cf.</span> 
     </span>
     <span class='ocr_line' id='line_1_60' title="bbox 77 2714 812 2755; baseline 0.003 -12"><span class='ocrx_word' id='word_1_334' title='bbox 77 2714 200 2755; x_wconf 87' lang='lat' dir='ltr'>Cuper.</span> <span class='ocrx_word' id='word_1_335' title='bbox 215 2715 294 2746; x_wconf 85' lang='lat' dir='ltr'>Obs.</span> <span class='ocrx_word' id='word_1_336' title='bbox 311 2717 334 2746; x_wconf 88' lang='lat' dir='ltr'>i.</span> <span class='ocrx_word' id='word_1_337' title='bbox 351 2716 383 2747; x_wconf 87' lang='grc'>6.</span> <span class='ocrx_word' id='word_1_338' title='bbox 407 2716 494 2755; x_wconf 86' lang='lat' dir='ltr'>quod</span> <span class='ocrx_word' id='word_1_339' title='bbox 513 2716 593 2746; x_wconf 87' lang='lat' dir='ltr'>mihi</span> <span class='ocrx_word' id='word_1_340' title='bbox 611 2725 704 2746; x_wconf 85' lang='lat' dir='ltr'>secus</span> <span class='ocrx_word' id='word_1_341' title='bbox 721 2715 812 2746; x_wconf 88' lang='lat' dir='ltr'>vide-</span> 
     </span>
     <span class='ocr_line' id='line_1_61' title="bbox 73 2757 813 2800; baseline 0.004 -14"><span class='ocrx_word' id='word_1_342' title='bbox 73 2761 141 2787; x_wconf 86' lang='lat' dir='ltr'>tur.</span> <span class='ocrx_word' id='word_1_343' title='bbox 162 2757 252 2788; x_wconf 86' lang='lat' dir='ltr'>Nam</span> <span class='ocrx_word' id='word_1_344' title='bbox 267 2759 295 2788; x_wconf 86' lang='lat' dir='ltr'>si</span> <span class='ocrx_word' id='word_1_345' title='bbox 310 2759 373 2789; x_wconf 89' lang='lat' dir='ltr'>hoc</span> <span class='ocrx_word' id='word_1_346' title='bbox 399 2759 539 2800; x_wconf 87' lang='lat' dir='ltr'>strophii</span> <span class='ocrx_word' id='word_1_347' title='bbox 563 2769 668 2800; x_wconf 88' lang='lat' dir='ltr'>genus</span> <span class='ocrx_word' id='word_1_348' title='bbox 696 2758 813 2790; x_wconf 90' lang='lat' dir='ltr'>Clodio</span> 
     </span>
     <span class='ocr_line' id='line_1_62' title="bbox 76 2800 814 2843; baseline 0.005 -14"><span class='ocrx_word' id='word_1_349' title='bbox 76 2800 207 2837; x_wconf 84' lang='lat' dir='ltr'>damus,</span> <span class='ocrx_word' id='word_1_350' title='bbox 232 2802 333 2832; x_wconf 87' lang='lat' dir='ltr'>etiam</span> <span class='ocrx_word' id='word_1_351' title='bbox 351 2802 488 2843; x_wconf 85' lang='lat' dir='ltr'>papillas</span> <span class='ocrx_word' id='word_1_352' title='bbox 513 2801 714 2834; x_wconf 80' lang='lat' dir='ltr'>feminarum</span> <span class='ocrx_word' id='word_1_353' title='bbox 741 2807 814 2833; x_wconf 86' lang='lat' dir='ltr'>tur-</span> 
     </span>
     <span class='ocr_line' id='line_1_63' title="bbox 77 2844 816 2886; baseline 0.004 -13"><span class='ocrx_word' id='word_1_354' title='bbox 77 2844 171 2883; x_wconf 76' lang='lat' dir='ltr'>gidas</span> <span class='ocrx_word' id='word_1_355' title='bbox 187 2844 217 2874; x_wconf 88' lang='lat' dir='ltr'>ci</span> <span class='ocrx_word' id='word_1_356' title='bbox 244 2844 361 2876; x_wconf 80' lang='lat' dir='ltr'>demus</span> <span class='ocrx_word' id='word_1_357' title='bbox 393 2855 528 2877; x_wconf 85' lang='lat' dir='ltr'>necesse</span> <span class='ocrx_word' id='word_1_358' title='bbox 552 2852 630 2886; x_wconf 85' lang='lat' dir='ltr'>est;</span> <span class='ocrx_word' id='word_1_359' title='bbox 653 2846 741 2886; x_wconf 86' lang='lat' dir='ltr'>quod</span> <span class='ocrx_word' id='word_1_360' title='bbox 764 2849 816 2876; x_wconf 81' lang='lat' dir='ltr'>est</span> 
     </span>
     <span class='ocr_line' id='line_1_64' title="bbox 75 2886 815 2932; baseline 0.001 -12"><span class='ocrx_word' id='word_1_361' title='bbox 75 2886 269 2920; x_wconf 77' lang='lat' dir='ltr'>ridiculum.</span> <span class='ocrx_word' id='word_1_362' title='bbox 303 2888 508 2922; x_wconf 76' lang='lat' dir='ltr'>Putabamus</span> <span class='ocrx_word' id='word_1_363' title='bbox 523 2889 717 2932; x_wconf 81' lang='lat' dir='ltr'>aliquando,</span> <span class='ocrx_word' id='word_1_364' title='bbox 733 2894 815 2922; x_wconf 77' lang='lat' dir='ltr'>stro-</span> 
     </span>
    </p>
   </div>
   <div class='ocr_carea' id='block_1_3' title="bbox 1485 98 1569 136">
    <p class='ocr_par' dir='ltr' id='par_1_13' title="bbox 1485 98 1569 136">
     <span class='ocr_line' id='line_1_65' title="bbox 1485 98 1569 136; baseline -0.024 0"><span class='ocrx_word' id='word_1_365' title='bbox 1485 98 1569 136; x_wconf 78' lang='lat'>⁴39</span> 
     </span>
    </p>
   </div>
   <div class='ocr_carea' id='block_1_4' title="bbox 830 195 1589 2967">
    <p class='ocr_par' dir='ltr' id='par_1_14' title="bbox 830 195 1573 1151">
     <span class='ocr_line' id='line_1_66' title="bbox 830 195 1567 238; baseline -0.004 -11"><span class='ocrx_word' id='word_1_366' title='bbox 830 198 948 238; x_wconf 81' lang='lat' dir='ltr'>phium</span> <span class='ocrx_word' id='word_1_367' title='bbox 967 208 1035 228; x_wconf 75' lang='lat' dir='ltr'>csse</span> <span class='ocrx_word' id='word_1_368' title='bbox 1051 197 1084 227; x_wconf 81' lang='lat' dir='ltr'>h.</span> <span class='ocrx_word' id='word_1_369' title='bbox 1101 196 1122 228; x_wconf 94' lang='lat' dir='ltr'>l.</span> <span class='ocrx_word' id='word_1_370' title='bbox 1140 206 1293 228; x_wconf 82' lang='lat' dir='ltr'>coronam</span> <span class='ocrx_word' id='word_1_371' title='bbox 1312 205 1329 225; x_wconf 91' lang='lat' dir='ltr'>e</span> <span class='ocrx_word' id='word_1_372' title='bbox 1356 195 1504 236; x_wconf 82' lang='lat' dir='ltr'>pluribus</span> <span class='ocrx_word' id='word_1_373' title='bbox 1532 198 1567 224; x_wconf 83' lang='lat' dir='ltr'>et</span> 
     </span>
     <span class='ocr_line' id='line_1_67' title="bbox 836 238 1567 278; baseline -0.004 -8"><span class='ocrx_word' id='word_1_374' title='bbox 836 241 1118 271; x_wconf 75' lang='lat' dir='ltr'>diversicoloribus</span> <span class='ocrx_word' id='word_1_375' title='bbox 1155 241 1263 270; x_wconf 75' lang='lat' dir='ltr'>fasciis</span> <span class='ocrx_word' id='word_1_376' title='bbox 1301 243 1439 276; x_wconf 84' lang='lat' dir='ltr'>tortam,</span> <span class='ocrx_word' id='word_1_377' title='bbox 1479 238 1567 278; x_wconf 88' lang='lat' dir='ltr'>quod</span> 
     </span>
     <span class='ocr_line' id='line_1_68' title="bbox 836 281 1566 323; baseline -0.001 -11"><span class='ocrx_word' id='word_1_378' title='bbox 836 293 941 323; x_wconf 75' lang='lat' dir='ltr'>genus</span> <span class='ocrx_word' id='word_1_379' title='bbox 964 284 999 313; x_wconf 88' lang='lat' dir='ltr'>in</span> <span class='ocrx_word' id='word_1_380' title='bbox 1025 283 1169 314; x_wconf 78' lang='lat' dir='ltr'>femineo</span> <span class='ocrx_word' id='word_1_381' title='bbox 1196 289 1314 313; x_wconf 77' lang='lat' dir='ltr'>ornatu</span> <span class='ocrx_word' id='word_1_382' title='bbox 1333 282 1408 312; x_wconf 79' lang='lat' dir='ltr'>suit.</span> <span class='ocrx_word' id='word_1_383' title='bbox 1435 281 1498 312; x_wconf 78' lang='lat' dir='ltr'>vid.</span> <span class='ocrx_word' id='word_1_384' title='bbox 1526 281 1566 311; x_wconf 86' lang='lat' dir='ltr'>de</span> 
     </span>
     <span class='ocr_line' id='line_1_69' title="bbox 836 326 1564 367; baseline -0.003 -11"><span class='ocrx_word' id='word_1_385' title='bbox 836 326 897 356; x_wconf 72' lang='lat' dir='ltr'>lmc</span> <span class='ocrx_word' id='word_1_386' title='bbox 913 336 1034 367; x_wconf 80' lang='lat' dir='ltr'>genere</span> <span class='ocrx_word' id='word_1_387' title='bbox 1049 327 1188 366; x_wconf 76' lang='lat' dir='ltr'>Strophii</span> <span class='ocrx_word' id='word_1_388' title='bbox 1203 326 1333 357; x_wconf 77' lang='lat' dir='ltr'>Festum</span> <span class='ocrx_word' id='word_1_389' title='bbox 1352 326 1384 355; x_wconf 88' lang='lat' dir='ltr'>in</span> <span class='ocrx_word' id='word_1_390' title='bbox 1395 332 1564 365; x_wconf 82' lang='lat' dir='ltr'>struppus.</span> 
     </span>
     <span class='ocr_line' id='line_1_70' title="bbox 836 367 1565 409; baseline -0.004 -9"><span class='ocrx_word' id='word_1_391' title='bbox 836 375 868 400; x_wconf 88' lang='lat' dir='ltr'>et</span> <span class='ocrx_word' id='word_1_392' title='bbox 883 371 1022 401; x_wconf 66' lang='lat' dir='ltr'>Saluius.</span> <span class='ocrx_word' id='word_1_393' title='bbox 1045 369 1085 400; x_wconf 86' lang='lat' dir='ltr'>ad</span> <span class='ocrx_word' id='word_1_394' title='bbox 1108 369 1210 399; x_wconf 75' lang='lat' dir='ltr'>Solin.</span> <span class='ocrx_word' id='word_1_395' title='bbox 1235 378 1309 409; x_wconf 79' lang='lat' dir='ltr'>pag.</span> <span class='ocrx_word' id='word_1_396' title='bbox 1327 370 1399 398; x_wconf 68' lang='lat'>263.</span> <span class='ocrx_word' id='word_1_397' title='bbox 1433 368 1491 398; x_wconf 88' lang='lat' dir='ltr'>scd</span> <span class='ocrx_word' id='word_1_398' title='bbox 1508 367 1565 397; x_wconf 89' lang='lat' dir='ltr'>ad—</span> 
     </span>
     <span class='ocr_line' id='line_1_71' title="bbox 836 410 1566 451; baseline -0.004 -7"><span class='ocrx_word' id='word_1_399' title='bbox 836 419 986 444; x_wconf 74' lang='lat' dir='ltr'>versatur</span> <span class='ocrx_word' id='word_1_400' title='bbox 1009 410 1236 451; x_wconf 68' lang='lat' dir='ltr'>fragmentum</span> <span class='ocrx_word' id='word_1_401' title='bbox 1253 412 1411 441; x_wconf 79' lang='lat' dir='ltr'>orationis</span> <span class='ocrx_word' id='word_1_402' title='bbox 1438 412 1471 441; x_wconf 92' lang='lat' dir='ltr'>in</span> <span class='ocrx_word' id='word_1_403' title='bbox 1490 410 1566 441; x_wconf 86' lang='lat' dir='ltr'>Clo-</span> 
     </span>
     <span class='ocr_line' id='line_1_72' title="bbox 835 454 1565 496; baseline -0.005 -9"><span class='ocrx_word' id='word_1_404' title='bbox 835 456 942 495; x_wconf 87' lang='lat' dir='ltr'>dium,</span> <span class='ocrx_word' id='word_1_405' title='bbox 959 457 1046 496; x_wconf 85' lang='lat' dir='ltr'>quod</span> <span class='ocrx_word' id='word_1_406' title='bbox 1063 456 1157 486; x_wconf 77' lang='lat' dir='ltr'>affert</span> <span class='ocrx_word' id='word_1_407' title='bbox 1172 455 1301 486; x_wconf 86' lang='lat' dir='ltr'>Nonius</span> <span class='ocrx_word' id='word_1_408' title='bbox 1317 454 1349 483; x_wconf 88' lang='lat' dir='ltr'>in</span> <span class='ocrx_word' id='word_1_409' title='bbox 1365 456 1542 495; x_wconf 79' lang='lat' dir='ltr'>strophium</span> <span class='ocrx_word' id='word_1_410' title='bbox 1555 465 1565 484; x_wconf 82' lang='lat'>.-</span> 
     </span>
     <span class='ocr_line' id='line_1_73' title="bbox 837 498 1566 540; baseline -0.008 -8"><span class='ocrx_word' id='word_1_411' title='bbox 837 511 911 531; x_wconf 86' lang='lat' dir='ltr'>cum</span> <span class='ocrx_word' id='word_1_412' title='bbox 930 502 1068 540; x_wconf 74' lang='lat' dir='ltr'>strophio</span> <span class='ocrx_word' id='word_1_413' title='bbox 1085 503 1241 530; x_wconf 82' lang='lat' dir='ltr'>accurate</span> <span class='ocrx_word' id='word_1_414' title='bbox 1257 498 1470 538; x_wconf 72' lang='lat' dir='ltr'>praecingere.</span> <span class='ocrx_word' id='word_1_415' title='bbox 1517 498 1566 527; x_wconf 78' lang='lat' dir='ltr'>Ex</span> 
     </span>
     <span class='ocr_line' id='line_1_74' title="bbox 833 541 1568 584; baseline -0.007 -9"><span class='ocrx_word' id='word_1_416' title='bbox 833 554 898 583; x_wconf 90' lang='lat' dir='ltr'>quo</span> <span class='ocrx_word' id='word_1_417' title='bbox 914 544 1126 584; x_wconf 83' lang='lat' dir='ltr'>intelligitur,</span> <span class='ocrx_word' id='word_1_418' title='bbox 1140 542 1331 581; x_wconf 73' lang='lat' dir='ltr'>strophium,</span> <span class='ocrx_word' id='word_1_419' title='bbox 1348 541 1436 579; x_wconf 81' lang='lat' dir='ltr'>quod</span> <span class='ocrx_word' id='word_1_420' title='bbox 1452 541 1568 570; x_wconf 84' lang='lat' dir='ltr'>Clodio</span> 
     </span>
     <span class='ocr_line' id='line_1_75' title="bbox 833 588 1564 628; baseline -0.007 -10"><span class='ocrx_word' id='word_1_421' title='bbox 833 588 1000 628; x_wconf 69' lang='lat' dir='ltr'>objicitur,</span> <span class='ocrx_word' id='word_1_422' title='bbox 1030 597 1099 617; x_wconf 80' lang='lat' dir='ltr'>csse</span> <span class='ocrx_word' id='word_1_423' title='bbox 1130 595 1250 617; x_wconf 77' lang='lat' dir='ltr'>zomm</span> <span class='ocrx_word' id='word_1_424' title='bbox 1281 593 1307 614; x_wconf 84' lang='lat' dir='ltr'>s.</span> <span class='ocrx_word' id='word_1_425' title='bbox 1338 590 1467 612; x_wconf 87' lang='lat' dir='ltr'>cestum</span> <span class='ocrx_word' id='word_1_426' title='bbox 1503 593 1564 613; x_wconf 88' lang='lat' dir='ltr'>acu</span> 
     </span>
     <span class='ocr_line' id='line_1_76' title="bbox 835 627 1569 672; baseline -0.008 -10"><span class='ocrx_word' id='word_1_427' title='bbox 835 632 977 672; x_wconf 85' lang='lat' dir='ltr'>pictum,</span> <span class='ocrx_word' id='word_1_428' title='bbox 991 642 1055 671; x_wconf 83' lang='lat' dir='ltr'>qm»</span> <span class='ocrx_word' id='word_1_429' title='bbox 1070 631 1205 661; x_wconf 79' lang='lat' dir='ltr'>semiuae</span> <span class='ocrx_word' id='word_1_430' title='bbox 1214 629 1314 659; x_wconf 88' lang='lat' dir='ltr'>etiam</span> <span class='ocrx_word' id='word_1_431' title='bbox 1331 627 1451 656; x_wconf 60' lang='lat' dir='ltr'>nostris</span> <span class='ocrx_word' id='word_1_432' title='bbox 1470 627 1569 656; x_wconf 84' lang='lat' dir='ltr'>mori·</span> 
     </span>
     <span class='ocr_line' id='line_1_77' title="bbox 836 669 1568 716; baseline -0.01 -11"><span class='ocrx_word' id='word_1_433' title='bbox 836 675 894 705; x_wconf 74' lang='lat' dir='ltr'>bus</span> <span class='ocrx_word' id='word_1_434' title='bbox 911 677 1173 716; x_wconf 71' lang='lat' dir='ltr'>precinguntur.</span> <span class='ocrx_word' id='word_1_435' title='bbox 1219 672 1404 703; x_wconf 81' lang='lat' dir='ltr'>Confirmat</span> <span class='ocrx_word' id='word_1_436' title='bbox 1418 669 1503 700; x_wconf 64' lang='lat' dir='ltr'>&#39;uz-nc</span> <span class='ocrx_word' id='word_1_437' title='bbox 1518 670 1568 699; x_wconf 88' lang='lat' dir='ltr'>in-</span> 
     </span>
     <span class='ocr_line' id='line_1_78' title="bbox 834 712 1567 759; baseline -0.008 -11"><span class='ocrx_word' id='word_1_438' title='bbox 834 720 1109 759; x_wconf 68' lang='lat' dir='ltr'>terpretationem</span> <span class='ocrx_word' id='word_1_439' title='bbox 1134 717 1225 747; x_wconf 87' lang='lat' dir='ltr'>locus</span> <span class='ocrx_word' id='word_1_440' title='bbox 1252 715 1293 745; x_wconf 89' lang='lat' dir='ltr'>ab</span> <span class='ocrx_word' id='word_1_441' title='bbox 1322 712 1438 744; x_wconf 83' lang='lat' dir='ltr'>eodem</span> <span class='ocrx_word' id='word_1_442' title='bbox 1455 713 1567 744; x_wconf 82' lang='lat' dir='ltr'>Nonio</span> 
     </span>
     <span class='ocr_line' id='line_1_79' title="bbox 836 757 1567 799; baseline -0.008 -8"><span class='ocrx_word' id='word_1_443' title='bbox 836 767 1117 792; x_wconf 68' lang='lat' dir='ltr'>commemoratus</span> <span class='ocrx_word' id='word_1_444' title='bbox 1133 771 1173 791; x_wconf 85' lang='lat' dir='ltr'>ex</span> <span class='ocrx_word' id='word_1_445' title='bbox 1191 757 1336 799; x_wconf 68' lang='lat' dir='ltr'>&#39;l‘urpilii</span> <span class='ocrx_word' id='word_1_446' title='bbox 1355 757 1545 797; x_wconf 64' lang='lat' dir='ltr'>Philopatro</span> <span class='ocrx_word' id='word_1_447' title='bbox 1561 769 1567 785; x_wconf 89' lang='lat'>:</span> 
     </span>
     <span class='ocr_line' id='line_1_80' title="bbox 836 801 1568 843; baseline -0.01 -7"><span class='ocrx_word' id='word_1_448' title='bbox 836 805 892 836; x_wconf 88' lang='lat' dir='ltr'>Me</span> <span class='ocrx_word' id='word_1_449' title='bbox 919 806 1092 836; x_wconf 83' lang='lat' dir='ltr'>miseram!</span> <span class='ocrx_word' id='word_1_450' title='bbox 1119 804 1198 843; x_wconf 90' lang='lat' dir='ltr'>quid</span> <span class='ocrx_word' id='word_1_451' title='bbox 1223 802 1346 842; x_wconf 81' lang='lat' dir='ltr'>agam?</span> <span class='ocrx_word' id='word_1_452' title='bbox 1382 801 1470 831; x_wconf 89' lang='lat' dir='ltr'>inter</span> <span class='ocrx_word' id='word_1_453' title='bbox 1500 801 1568 830; x_wconf 72' lang='lat' dir='ltr'>vias</span> 
     </span>
     <span class='ocr_line' id='line_1_81' title="bbox 836 845 1570 889; baseline -0.008 -10"><span class='ocrx_word' id='word_1_454' title='bbox 836 849 978 889; x_wconf 85' lang='lat' dir='ltr'>epistola</span> <span class='ocrx_word' id='word_1_455' title='bbox 991 848 1114 878; x_wconf 77' lang='lat' dir='ltr'>excidit</span> <span class='ocrx_word' id='word_1_456' title='bbox 1132 847 1232 877; x_wconf 83' lang='lat' dir='ltr'>mihi:</span> <span class='ocrx_word' id='word_1_457' title='bbox 1267 845 1382 875; x_wconf 75' lang='lat' dir='ltr'>infelix</span> <span class='ocrx_word' id='word_1_458' title='bbox 1405 845 1493 875; x_wconf 88' lang='lat' dir='ltr'>inter</span> <span class='ocrx_word' id='word_1_459' title='bbox 1514 847 1570 874; x_wconf 88' lang='lat' dir='ltr'>tu-</span> 
     </span>
     <span class='ocr_line' id='line_1_82' title="bbox 838 887 1571 931; baseline -0.01 -8"><span class='ocrx_word' id='word_1_460' title='bbox 838 892 983 922; x_wconf 83' lang='lat' dir='ltr'>niculam</span> <span class='ocrx_word' id='word_1_461' title='bbox 1000 897 1034 923; x_wconf 88' lang='lat' dir='ltr'>et</span> <span class='ocrx_word' id='word_1_462' title='bbox 1061 892 1240 931; x_wconf 79' lang='lat' dir='ltr'>strophium</span> <span class='ocrx_word' id='word_1_463' title='bbox 1262 898 1362 928; x_wconf 88' lang='lat' dir='ltr'>quam</span> <span class='ocrx_word' id='word_1_464' title='bbox 1389 887 1571 918; x_wconf 90' lang='lat' dir='ltr'>collocave-</span> 
     </span>
     <span class='ocr_line' id='line_1_83' title="bbox 836 928 1571 974; baseline -0.01 -8"><span class='ocrx_word' id='word_1_465' title='bbox 836 945 918 966; x_wconf 86' lang='lat' dir='ltr'>ram.</span> <span class='ocrx_word' id='word_1_466' title='bbox 943 935 1059 974; x_wconf 82' lang='lat' dir='ltr'>Itaque</span> <span class='ocrx_word' id='word_1_467' title='bbox 1075 941 1164 965; x_wconf 85' lang='lat' dir='ltr'>recte</span> <span class='ocrx_word' id='word_1_468' title='bbox 1178 934 1347 965; x_wconf 84' lang='lat' dir='ltr'>Merccrus</span> <span class='ocrx_word' id='word_1_469' title='bbox 1365 931 1406 961; x_wconf 89' lang='lat' dir='ltr'>ad</span> <span class='ocrx_word' id='word_1_470' title='bbox 1421 931 1454 961; x_wconf 83' lang='lat' dir='ltr'>h.</span> <span class='ocrx_word' id='word_1_471' title='bbox 1470 930 1491 960; x_wconf 93' lang='lat' dir='ltr'>l.</span> <span class='ocrx_word' id='word_1_472' title='bbox 1507 928 1571 960; x_wconf 82' lang='lat' dir='ltr'>fal-</span> 
     </span>
     <span class='ocr_line' id='line_1_84' title="bbox 836 974 1570 1017; baseline -0.011 -7"><span class='ocrx_word' id='word_1_473' title='bbox 836 979 917 1010; x_wconf 87' lang='lat' dir='ltr'>litur</span> <span class='ocrx_word' id='word_1_474' title='bbox 933 979 986 1010; x_wconf 87' lang='lat' dir='ltr'>hic</span> <span class='ocrx_word' id='word_1_475' title='bbox 1002 979 1147 1015; x_wconf 81' lang='lat' dir='ltr'>Nonius,</span> <span class='ocrx_word' id='word_1_476' title='bbox 1164 978 1220 1017; x_wconf 85' lang='lat' dir='ltr'>qui</span> <span class='ocrx_word' id='word_1_477' title='bbox 1243 977 1421 1016; x_wconf 80' lang='lat' dir='ltr'>strophium</span> <span class='ocrx_word' id='word_1_478' title='bbox 1446 984 1490 1004; x_wconf 89' lang='lat' dir='ltr'>sc.</span> <span class='ocrx_word' id='word_1_479' title='bbox 1519 974 1570 1003; x_wconf 90' lang='lat' dir='ltr'>in-</span> 
     </span>
     <span class='ocr_line' id='line_1_85' title="bbox 837 1017 1573 1064; baseline -0.008 -12"><span class='ocrx_word' id='word_1_480' title='bbox 837 1027 1043 1064; x_wconf 78' lang='lat' dir='ltr'>terpretatur</span> <span class='ocrx_word' id='word_1_481' title='bbox 1055 1022 1203 1059; x_wconf 80' lang='lat' dir='ltr'>fasciam,</span> <span class='ocrx_word' id='word_1_482' title='bbox 1221 1029 1293 1060; x_wconf 83' lang='lat' dir='ltr'>quae</span> <span class='ocrx_word' id='word_1_483' title='bbox 1310 1017 1503 1058; x_wconf 76' lang='lat' dir='ltr'>virginalem</span> <span class='ocrx_word' id='word_1_484' title='bbox 1517 1026 1573 1047; x_wconf 88' lang='lat' dir='ltr'>co-</span> 
     </span>
     <span class='ocr_line' id='line_1_86' title="bbox 839 1061 1572 1106; baseline -0.008 -9"><span class='ocrx_word' id='word_1_485' title='bbox 839 1067 931 1097; x_wconf 85' lang='lat' dir='ltr'>hibet</span> <span class='ocrx_word' id='word_1_486' title='bbox 946 1071 1113 1096; x_wconf 87' lang='lat' dir='ltr'>tnmorem</span> <span class='ocrx_word' id='word_1_487' title='bbox 1130 1063 1343 1106; x_wconf 85' lang='lat' dir='ltr'>papillarum.</span> <span class='ocrx_word' id='word_1_488' title='bbox 1389 1061 1477 1093; x_wconf 87' lang='lat' dir='ltr'>Nam</span> <span class='ocrx_word' id='word_1_489' title='bbox 1491 1065 1572 1091; x_wconf 82' lang='lat' dir='ltr'>stro-</span> 
     </span>
     <span class='ocr_line' id='line_1_87' title="bbox 832 1112 1227 1151; baseline -0.008 -11"><span class='ocrx_word' id='word_1_490' title='bbox 832 1112 950 1151; x_wconf 79' lang='lat' dir='ltr'>phium</span> <span class='ocrx_word' id='word_1_491' title='bbox 968 1115 1018 1139; x_wconf 87' lang='lat' dir='ltr'>est</span> <span class='ocrx_word' id='word_1_492' title='bbox 1030 1119 1115 1140; x_wconf 88' lang='lat' dir='ltr'>zona</span> <span class='ocrx_word' id='word_1_493' title='bbox 1128 1114 1227 1139; x_wconf 86' lang='lat' dir='ltr'>teres.</span> 
     </span>
    </p>

    <p class='ocr_par' dir='ltr' id='par_1_15' title="bbox 835 1148 1575 1358">
     <span class='ocr_line' id='line_1_88' title="bbox 883 1148 1573 1191; baseline -0.01 -7"><span class='ocrx_word' id='word_1_494' title='bbox 883 1153 1045 1191; x_wconf 77' lang='lat' dir='ltr'>Structor,</span> <span class='ocrx_word' id='word_1_495' title='bbox 1061 1157 1111 1183; x_wconf 81' lang='lat' dir='ltr'>est</span> <span class='ocrx_word' id='word_1_496' title='bbox 1130 1153 1185 1191; x_wconf 91' lang='lat' dir='ltr'>qui</span> <span class='ocrx_word' id='word_1_497' title='bbox 1202 1159 1336 1191; x_wconf 77' lang='lat' dir='ltr'>operam</span> <span class='ocrx_word' id='word_1_498' title='bbox 1352 1149 1387 1179; x_wconf 89' lang='lat' dir='ltr'>in</span> <span class='ocrx_word' id='word_1_499' title='bbox 1404 1148 1573 1179; x_wconf 66' lang='lat' dir='ltr'>aedifican-</span> 
     </span>
     <span class='ocr_line' id='line_1_89' title="bbox 837 1191 1573 1237; baseline -0.011 -9"><span class='ocrx_word' id='word_1_500' title='bbox 837 1196 879 1227; x_wconf 91' lang='lat' dir='ltr'>do</span> <span class='ocrx_word' id='word_1_501' title='bbox 901 1202 1050 1237; x_wconf 70' lang='lat' dir='ltr'>praestat,</span> <span class='ocrx_word' id='word_1_502' title='bbox 1075 1196 1264 1230; x_wconf 83' lang='lat' dir='ltr'>materiam,</span> <span class='ocrx_word' id='word_1_503' title='bbox 1288 1192 1428 1229; x_wconf 81' lang='lat' dir='ltr'>calcem,</span> <span class='ocrx_word' id='word_1_504' title='bbox 1451 1191 1573 1222; x_wconf 74' lang='lat' dir='ltr'>lateres</span> 
     </span>
     <span class='ocr_line' id='line_1_90' title="bbox 835 1237 1571 1279; baseline -0.01 -8"><span class='ocrx_word' id='word_1_505' title='bbox 835 1245 961 1271; x_wconf 87' lang='lat' dir='ltr'>tractat</span> <span class='ocrx_word' id='word_1_506' title='bbox 974 1241 1032 1270; x_wconf 60' lang='lat' dir='ltr'>dcc.</span> <span class='ocrx_word' id='word_1_507' title='bbox 1055 1239 1121 1279; x_wconf 69' lang='lat' dir='ltr'>Qu.</span> <span class='ocrx_word' id='word_1_508' title='bbox 1141 1239 1190 1269; x_wconf 89' lang='lat' dir='ltr'>Fr.</span> <span class='ocrx_word' id='word_1_509' title='bbox 1205 1239 1238 1268; x_wconf 91' lang='lat' dir='ltr'>ii.</span> <span class='ocrx_word' id='word_1_510' title='bbox 1252 1238 1283 1268; x_wconf 88' lang='grc'>6.</span> <span class='ocrx_word' id='word_1_511' title='bbox 1307 1237 1340 1267; x_wconf 92' lang='lat' dir='ltr'>in</span> <span class='ocrx_word' id='word_1_512' title='bbox 1354 1245 1464 1265; x_wconf 87' lang='lat' dir='ltr'>aream</span> <span class='ocrx_word' id='word_1_513' title='bbox 1477 1240 1571 1265; x_wconf 88' lang='lat' dir='ltr'>tuam</span> 
     </span>
     <span class='ocr_line' id='line_1_91' title="bbox 837 1279 1575 1322; baseline -0.008 -8"><span class='ocrx_word' id='word_1_514' title='bbox 837 1285 926 1322; x_wconf 87' lang='lat' dir='ltr'>veni,</span> <span class='ocrx_word' id='word_1_515' title='bbox 951 1294 1002 1314; x_wconf 88' lang='lat' dir='ltr'>res</span> <span class='ocrx_word' id='word_1_516' title='bbox 1029 1284 1191 1322; x_wconf 79' lang='lat' dir='ltr'>agebatur</span> <span class='ocrx_word' id='word_1_517' title='bbox 1213 1279 1330 1312; x_wconf 73' lang='lat' dir='ltr'>multis</span> <span class='ocrx_word' id='word_1_518' title='bbox 1353 1279 1575 1310; x_wconf 72' lang='lat' dir='ltr'>structoribus.</span> 
     </span>
     <span class='ocr_line' id='line_1_92' title="bbox 839 1328 1098 1358; baseline 0 0"><span class='ocrx_word' id='word_1_519' title='bbox 839 1328 881 1358; x_wconf 90' lang='lat' dir='ltr'>cf.</span> <span class='ocrx_word' id='word_1_520' title='bbox 901 1328 973 1358; x_wconf 76' lang='lat' dir='ltr'>Att.</span> <span class='ocrx_word' id='word_1_521' title='bbox 989 1328 1052 1357; x_wconf 83' lang='lat' dir='ltr'>xiv.</span> <span class='ocrx_word' id='word_1_522' title='bbox 1068 1329 1098 1358; x_wconf 89' lang='lat'>3.</span> 
     </span>
    </p>

    <p class='ocr_par' dir='ltr' id='par_1_16' title="bbox 837 1365 1584 2323">
     <span class='ocr_line' id='line_1_93' title="bbox 884 1365 1573 1404; baseline -0.012 -2"><span class='ocrx_word' id='word_1_523' title='bbox 884 1370 1068 1402; x_wconf 80' lang='lat' dir='ltr'>Structura</span> <span class='ocrx_word' id='word_1_524' title='bbox 1105 1369 1294 1404; x_wconf 83' lang='lat' dir='ltr'>verborum,</span> <span class='ocrx_word' id='word_1_525' title='bbox 1323 1365 1477 1397; x_wconf 87' lang='lat' dir='ltr'>continet</span> <span class='ocrx_word' id='word_1_526' title='bbox 1505 1368 1573 1395; x_wconf 81' lang='lat' dir='ltr'>tres</span> 
     </span>
     <span class='ocr_line' id='line_1_94' title="bbox 837 1407 1574 1456; baseline -0.012 -10"><span class='ocrx_word' id='word_1_527' title='bbox 837 1419 968 1456; x_wconf 84' lang='lat' dir='ltr'>partes:</span> <span class='ocrx_word' id='word_1_528' title='bbox 1004 1415 1111 1454; x_wconf 87' lang='lat' dir='ltr'>primo</span> <span class='ocrx_word' id='word_1_529' title='bbox 1142 1411 1397 1442; x_wconf 86' lang='lat' dir='ltr'>collocationem</span> <span class='ocrx_word' id='word_1_530' title='bbox 1425 1407 1574 1448; x_wconf 82' lang='lat' dir='ltr'>singulo-</span> 
     </span>
     <span class='ocr_line' id='line_1_95' title="bbox 838 1452 1575 1494; baseline -0.011 -5"><span class='ocrx_word' id='word_1_531' title='bbox 838 1469 912 1490; x_wconf 89' lang='lat' dir='ltr'>rum</span> <span class='ocrx_word' id='word_1_532' title='bbox 935 1458 1125 1494; x_wconf 88' lang='lat' dir='ltr'>verborum,</span> <span class='ocrx_word' id='word_1_533' title='bbox 1140 1461 1181 1486; x_wconf 88' lang='lat' dir='ltr'>ut</span> <span class='ocrx_word' id='word_1_534' title='bbox 1199 1455 1320 1486; x_wconf 86' lang='lat' dir='ltr'>lenitas</span> <span class='ocrx_word' id='word_1_535' title='bbox 1336 1452 1488 1492; x_wconf 82' lang='lat' dir='ltr'>quaedam</span> <span class='ocrx_word' id='word_1_536' title='bbox 1505 1452 1575 1482; x_wconf 87' lang='lat' dir='ltr'>effi-</span> 
     </span>
     <span class='ocr_line' id='line_1_96' title="bbox 838 1494 1573 1539; baseline -0.011 -7"><span class='ocrx_word' id='word_1_537' title='bbox 838 1503 967 1539; x_wconf 74' lang='lat' dir='ltr'>ciatur-3</span> <span class='ocrx_word' id='word_1_538' title='bbox 988 1500 1106 1532; x_wconf 86' lang='lat' dir='ltr'>deinde</span> <span class='ocrx_word' id='word_1_539' title='bbox 1124 1498 1388 1530; x_wconf 86' lang='lat' dir='ltr'>concinnitatem</span> <span class='ocrx_word' id='word_1_540' title='bbox 1405 1494 1573 1536; x_wconf 82' lang='lat' dir='ltr'>quandam</span> 
     </span>
     <span class='ocr_line' id='line_1_97' title="bbox 837 1543 1575 1583; baseline -0.012 -7"><span class='ocrx_word' id='word_1_541' title='bbox 837 1546 1038 1583; x_wconf 79' lang='lat' dir='ltr'>verborum3</span> <span class='ocrx_word' id='word_1_542' title='bbox 1071 1547 1106 1574; x_wconf 84' lang='lat' dir='ltr'>et</span> <span class='ocrx_word' id='word_1_543' title='bbox 1130 1543 1231 1573; x_wconf 87' lang='lat' dir='ltr'>tertio</span> <span class='ocrx_word' id='word_1_544' title='bbox 1260 1549 1451 1576; x_wconf 80' lang='lat' dir='ltr'>numerum,</span> <span class='ocrx_word' id='word_1_545' title='bbox 1475 1548 1575 1578; x_wconf 88' lang='lat' dir='ltr'>quem</span> 
     </span>
     <span class='ocr_line' id='line_1_98' title="bbox 837 1581 1578 1629; baseline -0.012 -9"><span class='ocrx_word' id='word_1_546' title='bbox 837 1592 954 1620; x_wconf 86' lang='lat' dir='ltr'>tamen</span> <span class='ocrx_word' id='word_1_547' title='bbox 985 1592 1021 1619; x_wconf 87' lang='lat' dir='ltr'>ct</span> <span class='ocrx_word' id='word_1_548' title='bbox 1048 1589 1119 1629; x_wconf 87' lang='lat' dir='ltr'>ipsa</span> <span class='ocrx_word' id='word_1_549' title='bbox 1148 1586 1206 1617; x_wconf 87' lang='lat' dir='ltr'>illa</span> <span class='ocrx_word' id='word_1_550' title='bbox 1234 1583 1444 1616; x_wconf 87' lang='lat' dir='ltr'>concinnitas</span> <span class='ocrx_word' id='word_1_551' title='bbox 1474 1581 1578 1612; x_wconf 84' lang='lat' dir='ltr'>efficit</span> 
     </span>
     <span class='ocr_line' id='line_1_99' title="bbox 839 1625 1576 1673; baseline -0.011 -10"><span class='ocrx_word' id='word_1_552' title='bbox 839 1642 900 1663; x_wconf 90' lang='lat' dir='ltr'>sua</span> <span class='ocrx_word' id='word_1_553' title='bbox 921 1637 1052 1673; x_wconf 87' lang='lat' dir='ltr'>sponte.</span> <span class='ocrx_word' id='word_1_554' title='bbox 1079 1642 1109 1662; x_wconf 91' lang='lat' dir='ltr'>v.</span> <span class='ocrx_word' id='word_1_555' title='bbox 1130 1630 1223 1660; x_wconf 86' lang='lat' dir='ltr'>Orat.</span> <span class='ocrx_word' id='word_1_556' title='bbox 1248 1631 1301 1660; x_wconf 80' lang='lat'>44.</span> <span class='ocrx_word' id='word_1_557' title='bbox 1324 1628 1400 1657; x_wconf 87' lang='lat' dir='ltr'>init.</span> <span class='ocrx_word' id='word_1_558' title='bbox 1423 1625 1499 1656; x_wconf 89' lang='lat' dir='ltr'>coll.</span> <span class='ocrx_word' id='word_1_559' title='bbox 1521 1627 1576 1656; x_wconf 80' lang='lat'>43.</span> 
     </span>
     <span class='ocr_line' id='line_1_100' title="bbox 840 1668 1578 1707; baseline -0.014 0"><span class='ocrx_word' id='word_1_560' title='bbox 840 1676 915 1707; x_wconf 83' lang='lat' dir='ltr'>init.</span> <span class='ocrx_word' id='word_1_561' title='bbox 937 1686 967 1706; x_wconf 89' lang='lat' dir='ltr'>v.</span> <span class='ocrx_word' id='word_1_562' title='bbox 983 1680 1142 1706; x_wconf 88' lang='lat' dir='ltr'>structus.</span> <span class='ocrx_word' id='word_1_563' title='bbox 1170 1673 1266 1704; x_wconf 89' lang='lat' dir='ltr'>Brut.</span> <span class='ocrx_word' id='word_1_564' title='bbox 1291 1675 1321 1702; x_wconf 84' lang='lat'>8.</span> <span class='ocrx_word' id='word_1_565' title='bbox 1350 1674 1429 1701; x_wconf 87' lang='lat' dir='ltr'>ante</span> <span class='ocrx_word' id='word_1_566' title='bbox 1451 1668 1578 1699; x_wconf 80' lang='lat' dir='ltr'>Isocra·</span> 
     </span>
     <span class='ocr_line' id='line_1_101' title="bbox 839 1717 1579 1757; baseline -0.012 -7"><span class='ocrx_word' id='word_1_567' title='bbox 839 1723 910 1750; x_wconf 89' lang='lat' dir='ltr'>tem</span> <span class='ocrx_word' id='word_1_568' title='bbox 934 1719 1109 1750; x_wconf 87' lang='lat' dir='ltr'>verborum</span> <span class='ocrx_word' id='word_1_569' title='bbox 1133 1717 1226 1757; x_wconf 86' lang='lat' dir='ltr'>quasi</span> <span class='ocrx_word' id='word_1_570' title='bbox 1248 1718 1417 1746; x_wconf 76' lang='lat' dir='ltr'>structura</span> <span class='ocrx_word' id='word_1_571' title='bbox 1438 1717 1473 1743; x_wconf 89' lang='lat' dir='ltr'>et</span> <span class='ocrx_word' id='word_1_572' title='bbox 1488 1721 1579 1751; x_wconf 83' lang='lat' dir='ltr'>quae-</span> 
     </span>
     <span class='ocr_line' id='line_1_102' title="bbox 840 1756 1578 1794; baseline -0.011 -1"><span class='ocrx_word' id='word_1_573' title='bbox 840 1763 918 1794; x_wconf 85' lang='lat' dir='ltr'>dam</span> <span class='ocrx_word' id='word_1_574' title='bbox 935 1762 977 1793; x_wconf 88' lang='lat' dir='ltr'>ad</span> <span class='ocrx_word' id='word_1_575' title='bbox 993 1771 1170 1794; x_wconf 87' lang='lat' dir='ltr'>numerum</span> <span class='ocrx_word' id='word_1_576' title='bbox 1195 1758 1364 1790; x_wconf 86' lang='lat' dir='ltr'>conclusio</span> <span class='ocrx_word' id='word_1_577' title='bbox 1388 1756 1482 1787; x_wconf 89' lang='lat' dir='ltr'>nulla</span> <span class='ocrx_word' id='word_1_578' title='bbox 1496 1761 1578 1786; x_wconf 85' lang='lat' dir='ltr'>erat.</span> 
     </span>
     <span class='ocr_line' id='line_1_103' title="bbox 841 1803 1579 1847; baseline -0.011 -10"><span class='ocrx_word' id='word_1_579' title='bbox 841 1807 920 1847; x_wconf 85' lang='lat' dir='ltr'>opt.</span> <span class='ocrx_word' id='word_1_580' title='bbox 948 1815 979 1845; x_wconf 86' lang='lat' dir='ltr'>g.</span> <span class='ocrx_word' id='word_1_581' title='bbox 1007 1806 1039 1836; x_wconf 85' lang='lat' dir='ltr'>d.</span> <span class='ocrx_word' id='word_1_582' title='bbox 1067 1808 1098 1837; x_wconf 70' lang='lat'>2.</span> <span class='ocrx_word' id='word_1_583' title='bbox 1127 1803 1302 1835; x_wconf 86' lang='lat' dir='ltr'>verborum</span> <span class='ocrx_word' id='word_1_584' title='bbox 1329 1805 1381 1831; x_wconf 90' lang='lat' dir='ltr'>est</span> <span class='ocrx_word' id='word_1_585' title='bbox 1405 1803 1579 1830; x_wconf 73' lang='lat' dir='ltr'>structura</span> 
     </span>
     <span class='ocr_line' id='line_1_104' title="bbox 841 1846 1578 1891; baseline -0.012 -10"><span class='ocrx_word' id='word_1_586' title='bbox 841 1849 1008 1891; x_wconf 86' lang='lat' dir='ltr'>quaedam‚</span> <span class='ocrx_word' id='word_1_587' title='bbox 1032 1849 1114 1879; x_wconf 84' lang='lat' dir='ltr'>duas</span> <span class='ocrx_word' id='word_1_588' title='bbox 1142 1857 1192 1878; x_wconf 87' lang='lat' dir='ltr'>res</span> <span class='ocrx_word' id='word_1_589' title='bbox 1215 1846 1375 1881; x_wconf 83' lang='lat' dir='ltr'>efficiens,</span> <span class='ocrx_word' id='word_1_590' title='bbox 1398 1852 1578 1873; x_wconf 84' lang='lat' dir='ltr'>numerum</span> 
     </span>
     <span class='ocr_line' id='line_1_105' title="bbox 842 1887 1577 1925; baseline -0.012 -1"><span class='ocrx_word' id='word_1_591' title='bbox 842 1899 879 1925; x_wconf 91' lang='lat' dir='ltr'>et</span> <span class='ocrx_word' id='word_1_592' title='bbox 903 1893 1091 1924; x_wconf 87' lang='lat' dir='ltr'>lenitatem.</span> <span class='ocrx_word' id='word_1_593' title='bbox 1120 1890 1209 1922; x_wconf 76' lang='lat' dir='ltr'>‘sed</span> <span class='ocrx_word' id='word_1_594' title='bbox 1234 1894 1275 1920; x_wconf 92' lang='lat' dir='ltr'>ut</span> <span class='ocrx_word' id='word_1_595' title='bbox 1305 1887 1481 1918; x_wconf 86' lang='lat' dir='ltr'>collocatio</span> <span class='ocrx_word' id='word_1_596' title='bbox 1509 1895 1577 1917; x_wconf 93' lang='lat' dir='ltr'>non</span> 
     </span>
     <span class='ocr_line' id='line_1_106' title="bbox 843 1929 1578 1970; baseline -0.014 -2"><span class='ocrx_word' id='word_1_597' title='bbox 843 1937 942 1969; x_wconf 85' lang='lat' dir='ltr'>modo</span> <span class='ocrx_word' id='word_1_598' title='bbox 964 1936 1004 1967; x_wconf 90' lang='lat' dir='ltr'>de</span> <span class='ocrx_word' id='word_1_599' title='bbox 1028 1935 1183 1966; x_wconf 88' lang='lat' dir='ltr'>omnibus</span> <span class='ocrx_word' id='word_1_600' title='bbox 1207 1933 1271 1964; x_wconf 84' lang='lat' dir='ltr'>illis</span> <span class='ocrx_word' id='word_1_601' title='bbox 1289 1931 1397 1962; x_wconf 83' lang='lat' dir='ltr'>tribus</span> <span class='ocrx_word' id='word_1_602' title='bbox 1413 1929 1578 1970; x_wconf 82' lang='lat' dir='ltr'>partibus,</span> 
     </span>
     <span class='ocr_line' id='line_1_107' title="bbox 843 1973 1582 2019; baseline -0.012 -8"><span class='ocrx_word' id='word_1_603' title='bbox 843 1981 900 2012; x_wconf 87' lang='lat' dir='ltr'>sed</span> <span class='ocrx_word' id='word_1_604' title='bbox 916 1980 1020 2010; x_wconf 88' lang='lat' dir='ltr'>etiam</span> <span class='ocrx_word' id='word_1_605' title='bbox 1036 1979 1077 2010; x_wconf 86' lang='lat' dir='ltr'>de</span> <span class='ocrx_word' id='word_1_606' title='bbox 1089 1979 1198 2019; x_wconf 87' lang='lat' dir='ltr'>prima</span> <span class='ocrx_word' id='word_1_607' title='bbox 1208 1982 1357 2012; x_wconf 88' lang='lat' dir='ltr'>tantum,</span> <span class='ocrx_word' id='word_1_608' title='bbox 1370 1983 1444 2014; x_wconf 82' lang='lat' dir='ltr'>quae</span> <span class='ocrx_word' id='word_1_609' title='bbox 1460 1973 1582 2003; x_wconf 86' lang='lat' dir='ltr'>lenita-</span> 
     </span>
     <span class='ocr_line' id='line_1_108' title="bbox 843 2019 1581 2061; baseline -0.014 -6"><span class='ocrx_word' id='word_1_610' title='bbox 843 2029 913 2055; x_wconf 73' lang='lat' dir='ltr'>tem</span> <span class='ocrx_word' id='word_1_611' title='bbox 930 2024 1046 2061; x_wconf 85' lang='lat' dir='ltr'>efficit,</span> <span class='ocrx_word' id='word_1_612' title='bbox 1063 2023 1205 2060; x_wconf 74' lang='lat' dir='ltr'>dicitur3</span> <span class='ocrx_word' id='word_1_613' title='bbox 1229 2021 1276 2050; x_wconf 84' lang='lat' dir='ltr'>sic</span> <span class='ocrx_word' id='word_1_614' title='bbox 1292 2019 1394 2049; x_wconf 84' lang='lat' dir='ltr'>etiam</span> <span class='ocrx_word' id='word_1_615' title='bbox 1409 2020 1581 2047; x_wconf 81' lang='lat' dir='ltr'>structura</span> 
     </span>
     <span class='ocr_line' id='line_1_109' title="bbox 843 2060 1580 2103; baseline -0.012 -5"><span class='ocrx_word' id='word_1_616' title='bbox 843 2068 1019 2098; x_wconf 87' lang='lat' dir='ltr'>verborum</span> <span class='ocrx_word' id='word_1_617' title='bbox 1043 2066 1167 2097; x_wconf 88' lang='lat' dir='ltr'>dicitur</span> <span class='ocrx_word' id='word_1_618' title='bbox 1193 2064 1232 2095; x_wconf 88' lang='lat' dir='ltr'>de</span> <span class='ocrx_word' id='word_1_619' title='bbox 1258 2063 1365 2103; x_wconf 85' lang='lat' dir='ltr'>prima</span> <span class='ocrx_word' id='word_1_620' title='bbox 1389 2060 1447 2092; x_wconf 88' lang='lat' dir='ltr'>illa</span> <span class='ocrx_word' id='word_1_621' title='bbox 1471 2068 1580 2100; x_wconf 87' lang='lat' dir='ltr'>parte,</span> 
     </span>
     <span class='ocr_line' id='line_1_110' title="bbox 845 2108 1582 2151; baseline -0.011 -9"><span class='ocrx_word' id='word_1_622' title='bbox 845 2121 912 2151; x_wconf 86' lang='lat' dir='ltr'>qua</span> <span class='ocrx_word' id='word_1_623' title='bbox 933 2111 980 2142; x_wconf 88' lang='lat' dir='ltr'>sic</span> <span class='ocrx_word' id='word_1_624' title='bbox 1003 2109 1102 2140; x_wconf 82' lang='lat' dir='ltr'>verba</span> <span class='ocrx_word' id='word_1_625' title='bbox 1127 2108 1337 2143; x_wconf 87' lang='lat' dir='ltr'>ordinantur,</span> <span class='ocrx_word' id='word_1_626' title='bbox 1361 2114 1403 2135; x_wconf 89' lang='lat' dir='ltr'>ne</span> <span class='ocrx_word' id='word_1_627' title='bbox 1429 2108 1582 2134; x_wconf 81' lang='lat' dir='ltr'>extrema</span> 
     </span>
     <span class='ocr_line' id='line_1_111' title="bbox 845 2147 1581 2195; baseline -0.012 -10"><span class='ocrx_word' id='word_1_628' title='bbox 845 2158 880 2185; x_wconf 88' lang='lat' dir='ltr'>et</span> <span class='ocrx_word' id='word_1_629' title='bbox 903 2155 1011 2194; x_wconf 86' lang='lat' dir='ltr'>prima</span> <span class='ocrx_word' id='word_1_630' title='bbox 1033 2153 1181 2195; x_wconf 85' lang='lat' dir='ltr'>asperius</span> <span class='ocrx_word' id='word_1_631' title='bbox 1204 2154 1418 2181; x_wconf 85' lang='lat' dir='ltr'>concurrant.</span> <span class='ocrx_word' id='word_1_632' title='bbox 1447 2147 1504 2178; x_wconf 84' lang='lat' dir='ltr'>Or.</span> <span class='ocrx_word' id='word_1_633' title='bbox 1527 2149 1581 2177; x_wconf 88' lang='lat'>44.</span> 
     </span>
     <span class='ocr_line' id='line_1_112' title="bbox 845 2189 1583 2237; baseline -0.014 -8"><span class='ocrx_word' id='word_1_634' title='bbox 845 2203 947 2237; x_wconf 84' lang='lat' dir='ltr'>atque</span> <span class='ocrx_word' id='word_1_635' title='bbox 963 2196 1045 2228; x_wconf 90' lang='lat' dir='ltr'>illud</span> <span class='ocrx_word' id='word_1_636' title='bbox 1063 2198 1210 2237; x_wconf 88' lang='lat' dir='ltr'>primum</span> <span class='ocrx_word' id='word_1_637' title='bbox 1227 2192 1399 2223; x_wconf 77' lang='lat' dir='ltr'>videamus</span> <span class='ocrx_word' id='word_1_638' title='bbox 1414 2189 1510 2230; x_wconf 88' lang='lat' dir='ltr'>quale</span> <span class='ocrx_word' id='word_1_639' title='bbox 1525 2190 1583 2228; x_wconf 87' lang='lat' dir='ltr'>sit,</span> 
     </span>
     <span class='ocr_line' id='line_1_113' title="bbox 846 2233 1584 2281; baseline -0.014 -9"><span class='ocrx_word' id='word_1_640' title='bbox 846 2236 934 2281; x_wconf 82' lang='lat' dir='ltr'>quod</span> <span class='ocrx_word' id='word_1_641' title='bbox 949 2240 1001 2270; x_wconf 86' lang='lat' dir='ltr'>vel</span> <span class='ocrx_word' id='word_1_642' title='bbox 1013 2240 1158 2271; x_wconf 84' lang='lat' dir='ltr'>maxime</span> <span class='ocrx_word' id='word_1_643' title='bbox 1175 2237 1339 2268; x_wconf 87' lang='lat' dir='ltr'>desiderat</span> <span class='ocrx_word' id='word_1_644' title='bbox 1359 2233 1584 2274; x_wconf 86' lang='lat' dir='ltr'>diligentiam,</span> 
     </span>
     <span class='ocr_line' id='line_1_114' title="bbox 848 2278 1437 2323; baseline -0.014 -8"><span class='ocrx_word' id='word_1_645' title='bbox 848 2288 887 2316; x_wconf 89' lang='lat' dir='ltr'>ut</span> <span class='ocrx_word' id='word_1_646' title='bbox 904 2285 963 2314; x_wconf 84' lang='lat' dir='ltr'>fiat</span> <span class='ocrx_word' id='word_1_647' title='bbox 978 2284 1072 2323; x_wconf 83' lang='lat' dir='ltr'>quasi</span> <span class='ocrx_word' id='word_1_648' title='bbox 1087 2286 1257 2314; x_wconf 76' lang='lat' dir='ltr'>structura</span> <span class='ocrx_word' id='word_1_649' title='bbox 1273 2278 1437 2319; x_wconf 82' lang='lat' dir='ltr'>quaedam.</span> 
     </span>
    </p>

    <p class='ocr_par' dir='ltr' id='par_1_17' title="bbox 849 2322 1589 2791">
     <span class='ocr_line' id='line_1_115' title="bbox 894 2322 1583 2362; baseline -0.012 -4"><span class='ocrx_word' id='word_1_650' title='bbox 894 2326 1059 2358; x_wconf 73' lang='lat' dir='ltr'>semotus.</span> <span class='ocrx_word' id='word_1_651' title='bbox 1083 2326 1189 2357; x_wconf 87' lang='lat' dir='ltr'>oratio</span> <span class='ocrx_word' id='word_1_652' title='bbox 1205 2330 1334 2355; x_wconf 81' lang='lat' dir='ltr'>structa</span> <span class='ocrx_word' id='word_1_653' title='bbox 1345 2322 1453 2362; x_wconf 87' lang='lat' dir='ltr'>primo</span> <span class='ocrx_word' id='word_1_654' title='bbox 1467 2324 1519 2351; x_wconf 85' lang='lat' dir='ltr'>est</span> <span class='ocrx_word' id='word_1_655' title='bbox 1530 2330 1583 2358; x_wconf 72' lang='lat' dir='ltr'>ea,</span> 
     </span>
     <span class='ocr_line' id='line_1_116' title="bbox 849 2363 1585 2412; baseline -0.012 -10"><span class='ocrx_word' id='word_1_656' title='bbox 849 2372 884 2402; x_wconf 88' lang='lat' dir='ltr'>in</span> <span class='ocrx_word' id='word_1_657' title='bbox 897 2381 963 2412; x_wconf 83' lang='lat' dir='ltr'>qua</span> <span class='ocrx_word' id='word_1_658' title='bbox 978 2374 1028 2401; x_wconf 88' lang='lat' dir='ltr'>est</span> <span class='ocrx_word' id='word_1_659' title='bbox 1041 2380 1106 2402; x_wconf 90' lang='lat' dir='ltr'>non</span> <span class='ocrx_word' id='word_1_660' title='bbox 1124 2368 1231 2399; x_wconf 85' lang='lat' dir='ltr'>solum</span> <span class='ocrx_word' id='word_1_661' title='bbox 1249 2365 1424 2396; x_wconf 83' lang='lat' dir='ltr'>collocatio</span> <span class='ocrx_word' id='word_1_662' title='bbox 1436 2363 1585 2404; x_wconf 78' lang='lat' dir='ltr'>singulo-</span> 
     </span>
     <span class='ocr_line' id='line_1_117' title="bbox 850 2411 1585 2448; baseline -0.011 -3"><span class='ocrx_word' id='word_1_663' title='bbox 850 2425 925 2445; x_wconf 88' lang='lat' dir='ltr'>rum</span> <span class='ocrx_word' id='word_1_664' title='bbox 959 2414 1133 2444; x_wconf 89' lang='lat' dir='ltr'>verborum</span> <span class='ocrx_word' id='word_1_665' title='bbox 1166 2411 1269 2448; x_wconf 66' lang='lat' dir='ltr'>laevis,</span> <span class='ocrx_word' id='word_1_666' title='bbox 1297 2411 1368 2439; x_wconf 80' lang='lat' dir='ltr'>sine</span> <span class='ocrx_word' id='word_1_667' title='bbox 1402 2417 1585 2438; x_wconf 85' lang='lat' dir='ltr'>concursus</span> 
     </span>
     <span class='ocr_line' id='line_1_118' title="bbox 850 2451 1586 2494; baseline -0.012 -6"><span class='ocrx_word' id='word_1_668' title='bbox 850 2464 1075 2488; x_wconf 83' lang='lat' dir='ltr'>extremarum</span> <span class='ocrx_word' id='word_1_669' title='bbox 1107 2465 1185 2486; x_wconf 88' lang='lat' dir='ltr'>cum</span> <span class='ocrx_word' id='word_1_670' title='bbox 1216 2454 1331 2494; x_wconf 82' lang='lat' dir='ltr'>primis</span> <span class='ocrx_word' id='word_1_671' title='bbox 1360 2451 1464 2483; x_wconf 86' lang='lat' dir='ltr'>literis</span> <span class='ocrx_word' id='word_1_672' title='bbox 1492 2459 1586 2491; x_wconf 81' lang='lat' dir='ltr'>aspe-</span> 
     </span>
     <span class='ocr_line' id='line_1_119' title="bbox 850 2495 1585 2537; baseline -0.012 -5"><span class='ocrx_word' id='word_1_673' title='bbox 850 2502 964 2537; x_wconf 86' lang='lat' dir='ltr'>ritate,</span> <span class='ocrx_word' id='word_1_674' title='bbox 980 2501 1037 2531; x_wconf 84' lang='lat' dir='ltr'>sed</span> <span class='ocrx_word' id='word_1_675' title='bbox 1053 2500 1155 2530; x_wconf 85' lang='lat' dir='ltr'>etiam</span> <span class='ocrx_word' id='word_1_676' title='bbox 1171 2497 1380 2528; x_wconf 84' lang='lat' dir='ltr'>concinnitas</span> <span class='ocrx_word' id='word_1_677' title='bbox 1395 2495 1585 2531; x_wconf 88' lang='lat' dir='ltr'>verborum,</span> 
     </span>
     <span class='ocr_line' id='line_1_120' title="bbox 849 2537 1585 2575; baseline -0.011 0"><span class='ocrx_word' id='word_1_678' title='bbox 849 2548 884 2575; x_wconf 88' lang='lat' dir='ltr'>et</span> <span class='ocrx_word' id='word_1_679' title='bbox 907 2553 1078 2575; x_wconf 86' lang='lat' dir='ltr'>numerus.</span> <span class='ocrx_word' id='word_1_680' title='bbox 1108 2543 1166 2573; x_wconf 90' lang='lat' dir='ltr'>Or.</span> <span class='ocrx_word' id='word_1_681' title='bbox 1189 2544 1242 2572; x_wconf 87' lang='lat'>41.</span> <span class='ocrx_word' id='word_1_682' title='bbox 1273 2539 1331 2570; x_wconf 88' lang='lat' dir='ltr'>sed</span> <span class='ocrx_word' id='word_1_683' title='bbox 1353 2539 1425 2569; x_wconf 82' lang='lat' dir='ltr'>haec</span> <span class='ocrx_word' id='word_1_684' title='bbox 1440 2538 1503 2568; x_wconf 80' lang='lat' dir='ltr'>nisi</span> <span class='ocrx_word' id='word_1_685' title='bbox 1519 2537 1585 2568; x_wconf 91' lang='lat' dir='ltr'>col-</span> 
     </span>
     <span class='ocr_line' id='line_1_121' title="bbox 850 2581 1586 2626; baseline -0.012 -7"><span class='ocrx_word' id='word_1_686' title='bbox 850 2588 973 2624; x_wconf 84' lang='lat' dir='ltr'>locata,</span> <span class='ocrx_word' id='word_1_687' title='bbox 988 2593 1023 2617; x_wconf 88' lang='lat' dir='ltr'>et</span> <span class='ocrx_word' id='word_1_688' title='bbox 1046 2586 1140 2626; x_wconf 83' lang='lat' dir='ltr'>quasi</span> <span class='ocrx_word' id='word_1_689' title='bbox 1161 2587 1301 2621; x_wconf 67' lang='lat' dir='ltr'>sti-ueta,</span> <span class='ocrx_word' id='word_1_690' title='bbox 1319 2587 1355 2613; x_wconf 86' lang='lat' dir='ltr'>et</span> <span class='ocrx_word' id='word_1_691' title='bbox 1378 2591 1464 2612; x_wconf 86' lang='lat' dir='ltr'>nexa</span> <span class='ocrx_word' id='word_1_692' title='bbox 1480 2581 1586 2611; x_wconf 83' lang='lat' dir='ltr'>verbis</span> 
     </span>
     <span class='ocr_line' id='line_1_122' title="bbox 852 2625 1588 2662; baseline -0.01 -1"><span class='ocrx_word' id='word_1_693' title='bbox 852 2631 913 2662; x_wconf 66' lang='grc' dir='ltr'><strong>διε.</strong></span> <span class='ocrx_word' id='word_1_694' title='bbox 936 2630 1056 2661; x_wconf 84' lang='lat' dir='ltr'>deinde</span> <span class='ocrx_word' id='word_1_695' title='bbox 1072 2639 1149 2659; x_wconf 87' lang='lat' dir='ltr'>vero</span> <span class='ocrx_word' id='word_1_696' title='bbox 1164 2632 1216 2658; x_wconf 86' lang='lat' dir='ltr'>est</span> <span class='ocrx_word' id='word_1_697' title='bbox 1228 2628 1329 2657; x_wconf 90' lang='lat' dir='ltr'>etiam</span> <span class='ocrx_word' id='word_1_698' title='bbox 1346 2625 1453 2656; x_wconf 81' lang='lat' dir='ltr'>oratio</span> <span class='ocrx_word' id='word_1_699' title='bbox 1469 2634 1588 2655; x_wconf 87' lang='lat' dir='ltr'>nume-</span> 
     </span>
     <span class='ocr_line' id='line_1_123' title="bbox 851 2668 1588 2711; baseline -0.011 -6"><span class='ocrx_word' id='word_1_700' title='bbox 851 2684 936 2706; x_wconf 77' lang='lat' dir='ltr'>rosa.</span> <span class='ocrx_word' id='word_1_701' title='bbox 960 2673 1038 2704; x_wconf 86' lang='lat' dir='ltr'>ibid.</span> <span class='ocrx_word' id='word_1_702' title='bbox 1051 2676 1104 2709; x_wconf 83' lang='grc'>70.</span> <span class='ocrx_word' id='word_1_703' title='bbox 1127 2672 1154 2702; x_wconf 86' lang='lat' dir='ltr'>si</span> <span class='ocrx_word' id='word_1_704' title='bbox 1166 2670 1341 2711; x_wconf 86' lang='lat' dir='ltr'>compositi</span> <span class='ocrx_word' id='word_1_705' title='bbox 1353 2668 1491 2700; x_wconf 79' lang='lat' dir='ltr'>oratoris</span> <span class='ocrx_word' id='word_1_706' title='bbox 1502 2668 1588 2698; x_wconf 84' lang='lat' dir='ltr'>bene</span> 
     </span>
     <span class='ocr_line' id='line_1_124' title="bbox 851 2712 1589 2752; baseline -0.011 -4"><span class='ocrx_word' id='word_1_707' title='bbox 851 2721 1014 2748; x_wconf 77' lang='lat' dir='ltr'>structam</span> <span class='ocrx_word' id='word_1_708' title='bbox 1047 2715 1299 2747; x_wconf 84' lang='lat' dir='ltr'>collocationem</span> <span class='ocrx_word' id='word_1_709' title='bbox 1329 2712 1490 2752; x_wconf 65' lang='lat' dir='ltr'>dissolvas</span> <span class='ocrx_word' id='word_1_710' title='bbox 1515 2720 1589 2751; x_wconf 86' lang='lat' dir='ltr'>per-</span> 
     </span>
     <span class='ocr_line' id='line_1_125' title="bbox 854 2758 1247 2791; baseline -0.01 0"><span class='ocrx_word' id='word_1_711' title='bbox 854 2761 1043 2791; x_wconf 90' lang='lat' dir='ltr'>mutatione</span> <span class='ocrx_word' id='word_1_712' title='bbox 1059 2758 1247 2789; x_wconf 88' lang='lat' dir='ltr'>verborum.</span> 
     </span>
    </p>

    <p class='ocr_par' dir='ltr' id='par_1_18' title="bbox 850 2797 1588 2922">
     <span class='ocr_line' id='line_1_126' title="bbox 897 2797 1588 2835; baseline -0.01 0"><span class='ocrx_word' id='word_1_713' title='bbox 897 2801 1045 2835; x_wconf 81' lang='lat' dir='ltr'>Struere.</span> <span class='ocrx_word' id='word_1_714' title='bbox 1074 2804 1133 2834; x_wconf 89' lang='lat' dir='ltr'>Or.</span> <span class='ocrx_word' id='word_1_715' title='bbox 1162 2801 1209 2832; x_wconf 89' lang='lat' dir='ltr'>iii.</span> <span class='ocrx_word' id='word_1_716' title='bbox 1232 2803 1285 2832; x_wconf 89' lang='grc'>31.</span> <span class='ocrx_word' id='word_1_717' title='bbox 1322 2804 1449 2830; x_wconf 63' lang='lat' dir='ltr'>struere</span> <span class='ocrx_word' id='word_1_718' title='bbox 1478 2797 1588 2828; x_wconf 77' lang='lat' dir='ltr'>verba.</span> 
     </span>
     <span class='ocr_line' id='line_1_127' title="bbox 850 2841 1587 2884; baseline -0.009 -8"><span class='ocrx_word' id='word_1_719' title='bbox 850 2856 882 2877; x_wconf 89' lang='lat' dir='ltr'>v.</span> <span class='ocrx_word' id='word_1_720' title='bbox 912 2851 1097 2884; x_wconf 77' lang='lat' dir='ltr'>structura,</span> <span class='ocrx_word' id='word_1_721' title='bbox 1126 2848 1286 2876; x_wconf 79' lang='lat' dir='ltr'>structus.</span> <span class='ocrx_word' id='word_1_722' title='bbox 1320 2843 1479 2883; x_wconf 55' lang='lat' dir='ltr'>&#39;parare</span> <span class='ocrx_word' id='word_1_723' title='bbox 1515 2841 1587 2871; x_wconf 69' lang='lat' dir='ltr'>Ait.</span> 
     </span>
     <span class='ocr_line' id='line_1_128' title="bbox 853 2883 1587 2922; baseline -0.012 0"><span class='ocrx_word' id='word_1_724' title='bbox 853 2891 897 2922; x_wconf 81' lang='lat' dir='ltr'>lx.</span> <span class='ocrx_word' id='word_1_725' title='bbox 925 2893 975 2921; x_wconf 91' lang='lat'>10.</span> <span class='ocrx_word' id='word_1_726' title='bbox 1000 2889 1126 2922; x_wconf 86' lang='lat' dir='ltr'>bellum</span> <span class='ocrx_word' id='word_1_727' title='bbox 1149 2888 1237 2921; x_wconf 71' lang='lat' dir='ltr'>strui</span> <span class='ocrx_word' id='word_1_728' title='bbox 1258 2886 1424 2919; x_wconf 78' lang='lat' dir='ltr'>existimo.</span> <span class='ocrx_word' id='word_1_729' title='bbox 1455 2883 1534 2914; x_wconf 87' lang='lat' dir='ltr'>ibid.</span> <span class='ocrx_word' id='word_1_730' title='bbox 1557 2892 1587 2913; x_wconf 88' lang='lat' dir='ltr'>v.</span> 
     </span>
    </p>

    <p class='ocr_par' dir='ltr' id='par_1_19' title="bbox 899 2934 993 2967">
     <span class='ocr_line' id='line_1_129' title="bbox 899 2934 993 2967; baseline -0.011 0"><span class='ocrx_word' id='word_1_731' title='bbox 899 2943 919 2967; x_wconf 76' lang='lat' dir='ltr'>r</span> <span class='ocrx_word' id='word_1_732' title='bbox 933 2934 950 2966; x_wconf 78' lang='lat' dir='ltr'><strong>f</strong></span> <span class='ocrx_word' id='word_1_733' title='bbox 971 2936 993 2966; x_wconf 76' lang='lat'>4</span> 
     </span>
    </p>
   </div>
  </div>
 </body>
</html>
