1800 3131
116 120 202 157 300

121 221 302 248 extranea.-
332 216 367 248 h.
391 226 420 246 e.
444 225 512 246 non
536 226 575 247 ex
592 216 664 257 ipsa
689 227 723 248 re
739 217 853 255 ducta,

123 260 182 290 sed
198 260 333 291 aliunde
351 259 478 290 adscita
494 264 527 290 et
545 266 703 291 assumta.

166 303 478 335 E.z·traordinarins.
491 304 587 334 Rosc.
607 305 700 335 Com.
722 308 748 335 1.
762 304 854 335 Verr.

123 348 145 378 i.
161 350 213 382 39.
238 348 271 378 ii.
300 351 352 380 70.
390 348 658 378 extraordinarioe
691 349 854 388 pecuniae,

121 395 216 428 sunt,
248 400 341 430 quas,
365 391 444 430 quia
473 391 605 430 injustis
636 396 670 421 et
700 392 854 431 turpibus

124 435 229 464 modis
254 435 439 465 conciliatae
467 440 559 472 sunt,
592 444 658 464 non
687 435 856 464 audebant

128 478 162 507 in
175 478 306 508 tabulas
323 482 535 518 acceptorum
552 478 687 515 referre,
705 487 745 507 ne
759 487 797 507 ex
816 479 854 507 iis

123 522 275 552 convinci
310 526 453 562 possent.
489 522 508 539 ’¹‘
525 522 565 551 ad
603 522 679 551 Div.
718 521 784 550 viii.
824 523 853 551 8.

122 575 197 596 reus
215 566 508 601 extraordinarius,
533 570 597 601 est,
614 564 654 593 de
677 574 742 602 quo
765 573 855 602 quae-

120 608 184 639 stio
200 614 294 639 extra
318 609 469 639 ordinem
498 607 648 637 habenda
673 611 735 643 est,
760 607 793 636 h.
825 616 854 637 e.

120 652 245 682 relictis
261 656 446 682 ceterorum
465 652 645 681 criminum
663 651 854 689 quaestioni-

120 695 193 726 bus.
211 705 289 726 nam
307 696 505 735 quaestiones
529 704 568 723 eo
583 693 651 723 fere
666 694 780 724 ordine
797 693 854 724 ha-

122 739 300 779 bebantur,
318 748 382 778 quo
396 743 491 767 erant
507 737 648 767 crimina
663 737 787 774 delata,
804 738 854 767 ni-

121 782 149 813 εἰ
166 782 239 822 lege
264 788 401 812 cautum
424 785 523 818 esset,
539 784 578 810 ut
597 781 667 820 ejus
691 781 853 818 criminis,

121 825 210 866 quod
240 825 387 855 delatum
420 830 520 862 esset,
549 825 669 854 ceteris
699 825 854 855 omnibus

118 874 386 910 praeverteretur.
411 868 534 897 *Verr.
558 878 589 898 ν.
620 870 668 898 14.
709 872 854 899 extraor-

120 913 258 943 dinariae
278 912 492 952 cupiditates,
516 914 734 951 opponuntur
758 916 855 942 natu-

121 965 166 987 rae
179 966 216 985 ac
229 957 433 986 necessitati.
455 955 473 973 *²
482 955 554 984 Act.
568 965 598 984 v.
613 959 643 990 9.
666 964 788 985 munus
800 965 854 986 er-

120 1000 395 1031 tram-dinarium.
415 999 456 1029 ad
470 998 564 1028 Brut.
579 1001 609 1029 4.
627 999 854 1030 aetram-dina-

118 1045 164 1074 9·ἑὲ
179 1043 320 1074 honores
337 1048 430 1080 sunt,
448 1042 503 1081 qui
521 1051 586 1072 non
603 1044 757 1082 perpetui
773 1046 855 1073 sunt

119 1088 155 1118 in
171 1086 355 1127 republica,
371 1086 428 1117 sed
438 1088 497 1116 aut
511 1090 654 1125 urgente
670 1086 781 1127 aliqua
797 1096 855 1116 ne-

120 1131 287 1168 cessitate,
304 1135 363 1160 aut
386 1130 452 1160 alia
474 1129 513 1159 de
539 1139 638 1159 causa
664 1130 768 1169 gravi,
796 1140 856 1170 per

119 1175 209 1205 SCta
221 1178 280 1204 aut
297 1173 385 1213 leges
402 1173 635 1210 conferuntur,
648 1178 706 1203 aut
719 1174 777 1212 qui
792 1173 855 1204 ali-

120 1219 173 1248 cui
192 1227 251 1258 per
264 1217 373 1257 legem
391 1217 535 1256 aliquam
548 1217 758 1254 tribuuntur,
775 1227 853 1247 cum

119 1272 161 1292 ex
176 1262 248 1301 lege
264 1261 377 1291 annali
395 1266 453 1290 aut
470 1260 544 1290 aliis
570 1260 711 1299 legibus,
727 1270 767 1290 ex
783 1262 855 1299 qui-

120 1306 181 1335 bus
197 1305 356 1335 ordinarii
379 1305 521 1334 honores
541 1303 761 1342 mandantur,
780 1305 853 1335 fieri

121 1358 190 1380 non
205 1349 321 1389 possit.

164 1392 362 1430 Extrarz'us,
404 1395 593 1422 extraneus.
625 1391 776 1422 Herenn.
819 1391 854 1422 ii.

125 1438 176 1467 13.

165 1478 360 1516 Eoetremus,
396 1477 613 1518 periculosus.
645 1478 727 1509 Rab.
759 1478 853 1512 Perd.

120 1525 152 1554 Ξ.
174 1527 322 1553 extrema
346 1527 508 1561 tempora.
533 1525 552 1543 ²*
569 1522 708 1561 primus.
736 1521 854 1552 Manil.

123 1569 173 1598 10.
199 1571 345 1597 extrema.
361 1566 514 1606 pueritia.
540 1564 640 1596 *Ate
658 1576 710 1595 xv.
728 1567 780 1596 20.
796 1565 856 1595 ho-

120 1611 242 1648 mines,
252 1616 399 1641 extrema
411 1608 564 1648 quaedam
577 1609 617 1638 de
627 1608 796 1648 republica
808 1609 855 1639 lo-

74 1690 76 1693 *
120 1655 198 1693 qui:
225 1654 258 1684 h.
286 1664 315 1684 e.
339 1654 368 1684 ei
392 1663 560 1683 summam
585 1653 767 1693 perniciem
793 1653 855 1682 im-

124 1698 263 1729 minere.

167 1741 318 1772 Eoetrico.
343 1739 384 1770 ad
399 1740 477 1770 Div.
496 1749 525 1770 v.
555 1742 604 1770 10.
629 1739 668 1769 de
695 1740 855 1780 Dionysio

121 1789 183 1814 tuo
206 1784 314 1815 adhuc
338 1783 421 1813 nihil
443 1785 562 1813 extrica
576 1797 587 1816 ,-
614 1784 635 1813 i.
653 1793 681 1813 e.
713 1784 853 1823 reperio.

119 1828 191 1859 Att.
209 1838 261 1858 xv.
283 1829 334 1859 20.
359 1826 482 1858 solutio
496 1827 658 1858 extricata
671 1839 680 1855 :
704 1827 737 1857 h.
753 1836 781 1857 e.
799 1837 856 1856 ex-

121 1871 248 1913 pedita.

164 1915 315 1946 Exulcer
316 1924 374 1944 are
401 1914 555 1953 gratiam.
586 1912 682 1945 Brut.
706 1917 759 1946 42.
784 1914 805 1945 i.
825 1924 854 1945 e.

123 1959 291 1996 minuere,
308 1958 348 1988 de
365 1957 502 1988 invidia.

164 2002 402 2039 Eoeuleeram
426 2002 542 2037 iratus.

121 2050 254 2078 ceratus
271 2046 414 2075 animus.
462 2083 467 2088 ι

164 2089 312 2120 Exuet-e.
336 2089 429 2119 Verr.
444 2098 476 2119 v.
498 2086 551 2120 58.

122 2133 227 2173 queis.

163 2176 330 2208 Exurere.
352 2175 434 2206 Nat.
446 2174 493 2206 D.
511 2175 556 2205 iii.
573 2177 603 2205 3.
627 2175 710 2204 mihi
727 2185 766 2204 ex
783 2175 854 2205 ani-

119 2229 175 2251 mo
191 2221 285 2251 exuri
301 2229 368 2250 non
382 2224 506 2260 potest,
522 2228 593 2248 esse
610 2218 711 2249 Deos.
745 2219 810 2249 Sed
824 2229 853 2249 v.

120 2267 191 2295 not.

163 2307 316 2338 Evum‘oe.
340 2305 458 2336 Manil
478 2307 531 2336 18.
555 2307 682 2336 eauvz'oe
695 2306 853 2342 nzmticae,

121 2354 202 2381 sunt
215 2354 322 2380 rostra
334 2350 472 2379 navibus
483 2349 620 2389 derepta
631 2354 667 2379 et
679 2354 854 2393 tamquam

122 2395 268 2424 victoriae
282 2394 378 2433 signa
393 2392 516 2423 alicubi
532 2402 703 2434 suspensa.

468 2479 503 2511 1².

569 2001 682 2033 Deiot.
707 2005 739 2033 3.
761 2003 855 2032 exul-

573 2098 690 2120 exuere
704 2098 737 2118 se
750 2098 789 2118 ex
806 2088 854 2119 la-

166 2566 315 2599 Fabezloe.
339 2566 602 2597 narratiunculae
635 2566 789 2607 vulgares
820 2574 855 2598 et

122 2612 250 2641 inanes.
273 2610 349 2641 Div.
379 2611 413 2641 ii.
440 2614 493 2642 38.
527 2612 770 2641 commentitiae
789 2610 855 2651 fa-

122 2655 221 2685 belloe.

167 2697 316 2733 Facetam,
334 2701 508 2735 venustus,
536 2697 577 2727 de
601 2697 853 2738 pulchritudine

121 2741 253 2781 generis
274 2740 406 2770 dicendi
429 2743 554 2778 tenuis,
581 2742 638 2771 sed
661 2752 721 2782 per
745 2746 854 2772 totam

121 2784 308 2815 orationem
337 2783 422 2813 fusa.
446 2785 502 2814 Or.
532 2785 563 2815 6.
587 2785 643 2815 alii
676 2785 710 2815 in
736 2786 852 2816 eadem

116 2828 300 2867 jejunitate
333 2828 378 2867 (v.
402 2826 578 2866 jejunitas)
608 2829 851 2867 concinniores,

124 2871 186 2901 hoe
200 2869 391 2909 est,fac·eti,
409 2871 564 2900 florentes
581 2872 696 2910 etiam,
714 2877 749 2904 et
772 2872 852 2904 levi-

121 2918 174 2947 ter
189 2914 309 2945 ornati.
333 2913 375 2944 cf.
398 2913 540 2955 Quintil.
555 2914 600 2947 vi.
616 2918 646 2946 3.
664 2918 697 2948 4.

648 128 794 158 INDEX
824 128 960 156 LATJN
967 127 1120 156 mans.

942 215 1062 247 Facies.
1080 216 1119 246 de
1131 220 1204 246 toto
1219 216 1362 256 corporis
1373 213 1492 249 habitu
1508 222 1542 249 et
1553 228 1627 259 spe-

898 261 957 289 cie.
985 260 1078 291 Rosc.
1092 260 1186 290 Com.
1206 263 1254 289 10.
1267 259 1378 299 facies
1394 270 1461 291 non
1477 268 1561 300 erat,
1574 272 1626 293 ars

897 309 968 333 erat
1006 305 1308 343 pretiosa,-—nemo
1336 304 1425 333 enim
1469 315 1545 336 eum
1586 315 1625 336 ex

897 351 1019 376 trunco
1036 347 1180 387 corporis
1194 347 1379 386 spectabat,
1396 347 1454 377 sed
1466 358 1506 378 ex
1523 348 1633 387 artifiv.

898 390 948 418 cio
966 390 1092 420 comico
1109 390 1306 420 aestimabat.
1330 391 1387 421 Or.
1405 393 1426 420 i.
1442 390 1628 431 28.sacies,

897 432 1022 470 vultus,
1049 443 1266 464 sonus—vox
1302 434 1541 473 tragoedorum,
1572 445 1629 474 ge-

898 480 968 506 stus
983 485 1078 516 paene
1095 486 1302 507 summorum
1320 483 1482 508 actorum.
1508 481 1527 500 *Ψ
1549 477 1627 508 hinc

898 529 956 558 pro
971 520 1093 560 specie,
1114 521 1264 560 inprimis
1281 531 1331 557 ea,
1350 521 1383 551 in
1401 531 1467 560 qua
1480 521 1627 561 dignitas

898 562 1049 601 quaedam
1067 564 1111 592 sit
1136 568 1194 593 aut
1212 565 1376 603 majestas.
1402 564 1488 595 Phil.
1513 565 1579 595 viii.
1596 568 1627 596 8.

884 605 1014 644 jhc-iem
1043 611 1179 636 senatus
1212 609 1514 647 auctoritatemque
1545 609 1626 648 reip.

897 659 1011 679 secum
1042 649 1213 679 attuleiat.
1236 650 1316 684 Nat.
1332 651 1375 683 D.
1402 652 1424 682 i.
1449 655 1501 684 38.
1526 652 1662 691 cuju-r?

897 691 1111 731 ciebrafacie
1127 692 1296 732 pellantur
1312 695 1426 725 animi.

942 736 1061 772 bacile,
1085 735 1237 766 libenter.
1261 731 1325 766 Off'.
1342 738 1375 768 ii.
1394 741 1443 773 19.
1455 727 1633 778 Ῑασὶἱεὶει

897 779 1022 809 horare
1051 779 1107 810 ubi
1138 789 1169 809 v.
1192 779 1327 811 Manut.
1359 786 1395 811 et
1423 781 1546 813 victor.
1577 781 1620 812 ad

897 823 981 864 Epp.
1000 823 1040 852 ad
1056 823 1132 854 Div.
1147 823 1181 853 ii.
1198 824 1246 854 16.

941 867 1096 897 Facilitas
1125 875 1176 897 est
1205 867 1240 897 iu
1274 867 1369 898 bonis
1395 867 1507 905 rebus,
1537 867 1629 907 quod

896 910 1085 950 proclivitas
1102 911 1137 940 in
1160 910 1266 941 malis.
1288 910 1389 941 Tu.sc
1403 911 1445 942 iv.
1465 913 1515 942 12.
1529 910 1629 952 *Op-

896 954 1034 993 ponitur
1069 954 1171 984 etiam
1203 955 1399 987 morositati.
1435 954 1500 986 Off.
1524 954 1546 985 i.
1573 956 1627 986 25.

896 996 966 1027 Att.
985 997 1041 1026 xii.
1051 999 1104 1028 40.
1118 998 1190 1036 quis
1205 1002 1264 1028 aut
1273 1008 1488 1038 congressum
1499 1007 1626 1036 meum,

897 1039 1165 1079 autsacilz'tatem
1181 1042 1342 1072 sermonis
1357 1042 1571 1073 desideravit.

940 1084 1050 1121 Facio,
1068 1094 1143 1114 creo
1167 1085 1403 1124 magistratum
1427 1086 1486 1115 διο.
1514 1085 1628 1119 Plane.

897 1130 928 1159 4.
953 1128 1093 1168 populus
1099 1126 1192 1167 facit
1209 1138 1277 1166 eos,
1290 1139 1309 1158 a
1321 1129 1439 1168 quibus
1456 1133 1508 1159 est
1523 1129 1628 1159 maxi-

898 1181 951 1201 me
968 1171 1126 1201 ambitus.
1148 1171 1168 1190 ⁵*
1182 1172 1217 1201 in
1234 1182 1268 1202 re
1285 1182 1390 1210 sacra,
1402 1171 1629 1213 sacrasacere.

897 1215 986 1245 Mur.
999 1218 1052 1246 41.
1068 1215 1196 1245 Junoni
1211 1225 1327 1245 omnes
1343 1215 1503 1246 Consules
1508 1215 1629 1256 facere

897 1268 1032 1288 neeesse
1049 1263 1111 1289 est.
1134 1259 1153 1277 ’ἓ
1165 1258 1285 1288 Manil.
1309 1261 1361 1290 20.
1377 1259 1404 1290 si
1421 1259 1501 1299 quid
1521 1259 1629 1300 eosa-

897 1306 985 1332 ctum
1003 1307 1103 1340 esset,
1113 1312 1171 1342 per
1187 1301 1338 1342 εὐφημίαν,
1349 1313 1421 1342 pro,
1433 1303 1460 1333 si
1475 1307 1629 1333 mortuus

897 1349 992 1375 esset.
1026 1346 1149 1376 *Verr.
1166 1347 1200 1376 ii.
1221 1347 1270 1376 16.
1303 1346 1384 1386 quid
1407 1346 1469 1377 hoc
1493 1346 1628 1377 homine

884 1388 1017 1429 jacias.-
1034 1389 1055 1420 i.
1067 1399 1095 1419 e.
1112 1389 1277 1429 quomodo
1293 1393 1456 1427 coerceas,
1469 1390 1627 1430 corrigas,

897 1442 1005 1463 serves
1037 1433 1095 1463 δια.
1119 1433 1220 1463 Aead.
1250 1434 1292 1463 iv.
1320 1437 1373 1465 30.
1397 1433 1477 1473 quid
1493 1432 1628 1474 ,ska-eret

896 1476 974 1513 huic
992 1476 1209 1507 conclusioni.
1226 1477 1247 1506 i.
1264 1487 1292 1507 e.
1316 1477 1483 1519 quomodo
1499 1476 1629 1508 refelle-

898 1525 959 1551 ret.
982 1520 1001 1538 *²
1018 1521 1120 1560 fingo.
1146 1520 1224 1551 Nat.
1240 1521 1283 1551 D.
1300 1521 1321 1551 i.
1338 1524 1390 1552 30.
1413 1520 1465 1550 his
1482 1521 1628 1550 nomini-

896 1564 957 1594 bus
975 1563 1052 1594 deos
1075 1574 1145 1594 esse
1159 1563 1325 1603 facimus,
1353 1565 1470 1604 quibus
1492 1574 1512 1594 a
1533 1564 1627 1595 uobis

898 1608 1128 1638 nominantur.
1161 1609 1180 1626 ’¹‘
1195 1607 1289 1637 Verr.
1314 1608 1360 1638 iii.
1378 1609 1432 1638 453.
1458 1608 1626 1638 tributum

883 1650 1004 1690 jacere
1019 1652 1169 1691 coegisti,
1186 1651 1207 1681 i.
1219 1661 1248 1682 e.
1265 1651 1354 1681 dare.
1377 1651 1397 1669 ³*
1409 1651 1480 1681 fieri
1497 1651 1559 1681 sibi
1568 1652 1627 1690 ju-

897 1695 986 1733 bere,
1005 1694 1203 1734 jaciendum
1237 1705 1364 1725 curare.
1386 1694 1480 1725 Verr.
1503 1695 1546 1725 iv.
1573 1697 1628 1728 25.

897 1748 975 1768 cum
993 1738 1093 1768 vellet
1107 1739 1167 1768 sibi
1184 1737 1484 1779 annulumfacere,
1501 1738 1565 1768 nisi
1580 1737 1628 1768 le-

897 1782 1044 1821 gendum
1070 1787 1120 1812 est
1145 1782 1229 1811 fieri.
1262 1782 1280 1801 ’ἵ
1296 1792 1428 1819 ornare,
1458 1782 1626 1821 effingere.

897 1826 954 1856 Or.
982 1829 1033 1856 51.
1057 1826 1217 1856 orationis
1231 1824 1400 1865 faciendoe
1416 1828 1581 1864 auctores,
1605 1825 1629 1856 i.

899 1879 927 1898 e.
952 1869 1143 1900 excolendae
1159 1874 1194 1899 et
1209 1869 1376 1909 fingendae
1388 1878 1446 1910 per
1469 1877 1626 1899 numeros

898 1913 958 1944 &a
982 1913 1023 1943 ad
1048 1913 1119 1944 Att.
1150 1914 1206 1944 xii.
1238 1916 1292 1945 40.
1316 1922 1421 1953 genus
1446 1912 1627 1951 scribendi,

897 1956 986 1995 quod
1003 1966 1101 1986 nemo
1105 1955 1226 1996 face-re
1241 1960 1363 1998 posset.

940 2000 1110 2038 Facultas,
1128 2011 1186 2040 pro
1214 2001 1321 2042 copia,
1346 2000 1469 2037 dicitur
1489 1998 1627 2035 divesris

896 2043 1015 2080 modis,
1041 2047 1080 2074 ut
1102 2045 1211 2084 ipsum
1240 2045 1343 2084 copiae
1370 2044 1519 2074 verbum.
1542 2042 1625 2074 Suu.

900 2090 948 2117 14.
972 2087 1067 2127 cujus
1093 2088 1223 2127 generis
1248 2088 1394 2118 virorum
1409 2087 1565 2127 facultas
1590 2087 1627 2117 in

894 2134 1014 2160 senatu
1031 2132 1188 2161 maxima.
1209 2132 1328 2171 Quint.
1344 2134 1376 2161 4.
1393 2130 1549 2171 facultas
1564 2139 1628 2160 nu·

895 2184 1038 2205 morum.
1062 2175 1179 2205 Partit.
1207 2177 1259 2206 28.
1270 2175 1427 2215 facultas
1450 2183 1628 2212 argumen-

895 2219 1076 2249 tationum.
1093 2219 1136 2249 ad
1157 2219 1232 2250 Div.
1250 2229 1281 2250 x.
1298 2221 1329 2249 4.
1355 2218 1383 2248 si
1397 2217 1556 2257 facultas
1572 2217 1626 2248 tui

894 2258 1066 2301 praes'entis
1075 2267 1172 2292 esset.
1182 2262 1300 2302 Quint.
1315 2265 1343 2292 1.
1345 2260 1531 2301 facultates
1544 2261 1629 2291 ami-

896 2315 1023 2336 corum.
1037 2306 1093 2336 Or.
1111 2306 1157 2336 iii.
1174 2309 1222 2337 15.
1228 2305 1384 2347 facultas
1397 2304 1558 2345 temporis
1570 2314 1628 2334 va-

897 2349 950 2378 cui
980 2354 1014 2379 et
1045 2349 1152 2382 liberi.
1181 2350 1222 2379 ad
1250 2349 1321 2381 Att.
1338 2349 1359 2379 i.
1390 2352 1440 2383 17.
1465 2347 1624 2388 facultas

897 2393 1160 2423 commodorum.
1183 2393 1202 2412 *Ε
1218 2393 1258 2424 de
1276 2392 1508 2434 possibilitate,
1530 2401 1626 2422 occa-

896 2437 989 2466 sione
1007 2438 1065 2467 &c.
1083 2437 1125 2466 ad
1139 2437 1215 2467 Div.
1231 2438 1252 2467 i.
1265 2441 1297 2472 7.
1313 2438 1340 2466 si
1363 2434 1626 2476 resfacultatem

896 2479 1053 2510 habitura
1078 2480 1240 2512 videatur.
1257 2481 1300 2511 ib.
1319 2480 1353 2513 ii.
1375 2483 1407 2510 3.
1418 2477 1626 2519 ,facultatem

896 2533 1076 2554 munerum
1096 2533 1195 2554 nemo
1218 2524 1421 2554 admiratur:
1454 2527 1506 2552 est
1534 2522 1626 2552 enim

896 2567 1081 2606 copiarum,
1108 2577 1177 2598 non
1205 2569 1349 2598 virtutis.
1371 2565 1460 2596 Mur.
1488 2568 1519 2596 5.
1548 2574 1629 2596 vera.

884 2609 1039 2650 facultas
1068 2611 1299 2642 maledicendi.
1337 2610 1434 2641 Rose.
1465 2608 1541 2640 Am.
1571 2611 1625 2639 33.

886 2656 957 2694 ‘age
974 2664 1064 2685 nunc
1090 2660 1216 2685 ceteras
1227 2654 1412 2695 facultates
1437 2651 1626 2683 considere-

898 2707 984 2728 mus.

939 2742 1061 2779 Fac-tio,
1078 2741 1135 2780 jus
1148 2740 1302 2772 faciendi.
1316 2740 1389 2780 Top
1369 2750 1400 2780 p.
1419 2742 1469 2770 11.
1494 2738 1536 2769 ad
1547 2737 1625 2768 Div.

895 2785 951 2815 vii.
968 2787 1020 2816 21.
1031 2783 1215 2824 factionem
1230 2783 1428 2814 testamenti
1444 2792 1510 2813 non
1525 2781 1626 2812 habe,

895 2838 941 2858 re.
964 2829 1121 2869 *partes,
1147 2829 1251 2858 etiam
1279 2828 1314 2858 in
1342 2828 1430 2857 bono
1448 2835 1558 2856 sensu.
1581 2824 1623 2867 Ω.

895 2872 947 2902 F1.
960 2872 994 2902 ii.
1014 2875 1041 2902 l.
1054 2875 1084 2903 5.
1109 2870 1289 2903 Gabinium
1304 2875 1371 2903 tres
1388 2862 1626 2911 adhucfactwe

896 2925 953 2946 nee
968 2914 1150 2957 postulant.
