1800 3131
98 50 184 92 406

150 146 402 187 Recognowere,
416 147 449 178 in
460 147 660 179 memoriam
669 158 836 181 revocare.

103 190 199 223 Verr.
215 191 250 223 ii.
274 191 305 223 6.
321 201 400 222 cum
416 191 511 223 istius
526 191 657 223 furtum
673 203 837 233 recognos—

105 239 204 267 ceret.

149 278 351 318 Recollz'gere
372 289 433 321 pro
449 279 676 312 reconciliare.
699 281 740 312 ad
762 281 834 312 Att.

106 323 130 355 i.
147 326 177 355 5.

150 365 375 397 Reconciliare
388 366 422 397 in
438 367 595 406 gratiam.
619 368 721 398 Dom.
740 370 793 398 50.

150 409 406 442 Reconcinnare.
429 410 470 450 Ω.
489 410 540 441 Fr.
560 411 594 441 ii.
612 411 643 441 6.

152 452 361 492 Βεοσηάἰττιε,
391 454 536 492 subtilis,
577 464 644 484 non
682 453 839 494 vulgaris.

109 497 209 530 Brut.
229 501 283 532 79.
307 497 478 528 reconditae
506 498 745 537 exquisitaeque
765 507 842 527 sen-

106 540 238 572 tentiae.
264 540 342 571 ibid.
360 542 413 576 76.
438 541 480 571 ad
495 541 573 572 Div.
590 552 643 571 xv.
663 543 715 572 21.
731 551 840 571 recon-

114 585 192 615 ‹litae
218 584 335 615 literae.
358 584 460 615 Acad.
492 585 535 614 iv.
567 587 599 615 4.
621 585 840 615 reconditiora

109 628 272 659 desidero.
295 638 326 658 v.
342 628 492 658 interior.
518 627 537 646 ²*
552 628 671 668 Quint.
691 631 742 659 18.
775 628 842 658 fuit

110 673 203 702 enim
234 674 356 702 natura
377 672 468 701 tristi
495 674 530 700 et
551 672 735 702 recondita.-
759 671 792 702 h.
812 682 842 702 e.

111 715 300 746 solitudinis
329 714 479 751 amante,
503 724 528 744 s.
559 715 661 745 etiam
695 717 842 755 cogitata

109 759 254 796 celante,
277 768 342 797 quo
365 768 467 788 sensu
491 758 532 788 de
554 758 687 790 Tiberio
717 759 842 790 dicitur

110 812 164 844 ap.
179 802 348 832 Tacitum.

154 846 327 877 Rem-care.
350 845 422 875 Att.
449 845 482 876 ii.
507 847 560 876 23.
585 845 757 876 ambulare
789 856 842 877 re-

109 889 260 920 creandoe
276 887 403 919 voculae
420 898 531 920 causa.
548 889 628 920 Nat.
646 890 748 920 Deor.
759 890 793 920 ii.
810 892 842 921 4.

110 943 261 964 recreare
283 934 407 963 iterum
423 932 588 963 consules.
610 933 713 964 Tusc.
740 934 761 964 i.
789 936 842 966 24.

113 976 214 1007 Catil.
227 977 274 1007 iii.
293 979 324 1007 4.
340 986 491 1006 recreare
506 986 552 1007 se.

155 1019 265 1051 Recte.
281 1020 376 1050 Verr.
394 1019 441 1049 iii.
457 1023 511 1054 98.
528 1024 613 1051 reete
626 1020 768 1050 vendere
784 1032 791 1051 t
808 1020 842 1051 h.

110 1074 141 1094 e.
162 1064 250 1094 bono
265 1064 384 1104 pretio.
413 1063 481 1093 Fin.
497 1064 520 1094 i.
538 1065 569 1096 6.
592 1069 678 1095 recte
692 1063 784 1102 ferri,
801 1065 841 1094 de

112 1111 208 1138 motu
230 1106 515 1148 perpendiculari,
544 1118 604 1148 pro
627 1113 721 1138 recta
750 1108 842 1138 ferri.

110 1151 196 1191 Top.
210 1153 242 1182 4.
266 1155 353 1182 recte
377 1151 541 1191 accipere,
558 1152 580 1181 i.
598 1161 627 1181 e.
651 1152 743 1191 jure,
762 1152 843 1192 legi-

111 1195 187 1232 bus,
205 1199 243 1225 ut
258 1195 420 1232 emtione,
435 1198 654 1225 testamento.

155 1238 279 1269 Rectio.
302 1238 375 1270 Fin.
391 1238 434 1268 iv.
461 1240 514 1270 22.
537 1240 691 1272 rectiones
715 1249 844 1270 rerum-

136 1281 207 1312 ubl.

112 1292 134 1324 p
156 1325 286 1356 Rectus.
309 1324 421 1356 Rabir.
439 1324 528 1356 Post.
548 1328 597 1360 17.
621 1327 717 1356 rectis
739 1326 845 1356 oculis

113 1370 232 1400 urbem
263 1369 407 1399 intueri:
446 1369 470 1399 i.
496 1380 525 1400 e.
548 1370 620 1400 sine
647 1370 774 1409 pudore
805 1380 844 1401 ac

113 1413 240 1450 dolore,
257 1422 323 1451 quo
334 1411 448 1443 exules
465 1412 575 1443 solent
590 1416 625 1443 et
640 1413 710 1444 foro
733 1413 843 1453 ejecti.

112 1456 153 1486 de
176 1456 239 1487 hac
265 1455 427 1495 loquendi
449 1456 558 1487 forma
581 1467 611 1487 v.
633 1456 778 1488 Bentlei.
802 1457 844 1488 ad

113 1499 233 1531 Horat.
252 1499 364 1531 Carm.
381 1500 402 1530 i.
419 1503 450 1531 3.
491 1501 589 1531 Brut.
615 1503 669 1535 75.
704 1501 844 1531 Caesaris

112 1543 350 1574 commentarii
363 1543 445 1574 nudi
461 1548 542 1575 sunt
558 1548 595 1574 et
607 1546 699 1575 recti.
714 1549 842 1575 rectum

112 1587 237 1618 dicitur
262 1586 303 1617 de
332 1587 446 1618 subtili
470 1592 505 1618 et
533 1588 688 1628 elegante
719 1598 842 1629 genere

111 1631 287 1668 orationis,
302 1631 337 1661 in
355 1640 419 1670 quo
434 1630 498 1661 hoc
507 1635 641 1662 tantum
656 1636 842 1672 spectatur,

110 1680 152 1705 ut
167 1675 216 1706 nil
230 1674 302 1705 vitii
317 1675 411 1706 insit.
426 1685 457 1707 v.
478 1675 622 1706 Gronov.
637 1676 679 1706 ad
694 1677 772 1707 Sen.
788 1686 842 1717 ep.

117 1721 189 1750 100.

157 1761 395 1802 Recuperator,
420 1766 470 1793 est
485 1762 590 1802 judex
606 1763 641 1793 in
657 1773 759 1794 causa
774 1764 841 1804 pri-

112 1810 202 1843 vata,
226 1805 268 1836 ad
294 1816 393 1845 quem
420 1806 460 1836 de
485 1817 520 1837 re
550 1808 756 1848 pecuniaria,
782 1812 843 1839 aut

110 1850 320 1890 possessione
351 1860 565 1890 quacunque,
603 1856 764 1882 certatur.
804 1852 839 1882 in

113 1892 201 1923 Caec.
221 1896 270 1928 17.
284 1893 408 1924 Caecin.
427 1897 456 1924 1.
473 1899 507 1924 et
531 1895 577 1925 ibi
588 1896 838 1926 Hotomaunus.

111 1936 210 1977 Quod
233 1940 347 1968 autem
370 1942 488 1968 contra
503 1938 590 1969 hanc
606 1939 838 1970 definitionem

112 1980 210 2011 affert
225 1979 477 2020 Hotomannus,
489 1988 729 2023 recuperatores
736 1984 840 2014 etiam

113 2023 153 2054 de
170 2024 301 2064 injuriis
318 2026 510 2065 cognovisse
525 2038 535 2065 3
560 2037 627 2057 non
644 2030 714 2057 tam
736 2027 776 2057 de
793 2029 841 2058 sa-

114 2072 182 2106 cto,
199 2077 301 2107 quam
319 2068 359 2098 de
381 2069 606 2100 aestimatione
631 2071 761 2111 injuriae
785 2082 842 2112 pe-

80 2132 82 2134 *
113 2112 488 2151 euniariajudicabant.
535 2114 588 2144 Sic
603 2124 656 2155 ap.
672 2115 782 2145 Tacit.
799 2115 840 2146 A.

113 2155 135 2186 i.
153 2158 205 2190 74.
229 2155 521 2196 absolutojudicio
538 2157 577 2188 de
589 2159 783 2199 repetundis
800 2160 842 2190 ad

114 2203 355 2240 receperam-es
370 2200 468 2231 itum.
486 2201 542 2232 ubi
561 2213 590 2232 v.
608 2202 708 2232 Gron.
726 2213 754 2233 v.
772 2203 843 2233 Sal-

114 2252 197 2274 maS.
215 2243 304 2274 mod.
322 2243 422 2275 Usur.
446 2255 522 2285 pag.
549 2249 623 2280 794.
647 2253 682 2277 et
696 2247 841 2278 Budaeus

117 2286 159 2316 ad
184 2286 343 2318 Pandect.
370 2298 402 2327 p.
430 2289 505 2322 376.
541 2289 652 2320 Fuisse
679 2294 793 2321 autem
825 2302 843 2321 e

116 2331 335 2361 centumviris
360 2334 709 2373 reeupe1·atm·es‚inde
735 2340 842 2376 patet,

116 2373 206 2412 quod
233 2384 307 2413 quae
339 2385 449 2406 causae
482 2377 570 2416 apud
601 2383 844 2417 recuperatores

115 2421 201 2447 actae
227 2421 318 2455 sunt,
336 2419 426 2460 apud
441 2419 637 2451 Ciceronem
660 2422 718 2453 Or.
745 2425 766 2453 i.
789 2426 842 2454 38.

116 2462 375 2492 centumvirales
393 2463 563 2495 dicuntur.
588 2465 704 2504 ltaque
711 2466 843 2505 judices

112 2504 346 2544 provinciales,
357 2507 411 2545 qui
424 2513 663 2548 recuperatores
671 2509 845 2548 dicuntur,

114 2550 155 2577 ut
171 2547 264 2578 Verr.
284 2549 330 2579 iii.
352 2553 399 2581 ls.
418 2554 469 2585 59.
501 2552 658 2591 judicant
686 2563 737 2592 ea,
769 2564 843 2594 quae

114 2590 231 2622 Romae
272 2595 484 2631 centumviri,
524 2601 562 2627 ut
599 2597 685 2627 bene
727 2603 844 2629 monet

113 2633 308 2667 Nordkerk.
324 2637 363 2666 de
379 2636 451 2677 lege
468 2639 602 2670 Petron.
624 2643 653 2678 ξ.
676 2644 724 2672 18.

117 2677 450 2752 uReecheracorz'unz
474 2682 653 2722 judicium.
676 2685 770 2717 Verr.
794 2686 842 2717 iii.

153 2765 330 2798 Rea-usare.
369 2768 465 2799 offic.
494 2770 540 2800 iii.
574 2773 626 2803 23.
663 2775 840 2812 recusavit,

108 2817 151 2843 ne
165 2808 304 2848 diceret,
319 2821 378 2851 pro
400 2815 562 2844 recusavit
575 2815 696 2849 dicere.
713 2817 840 2851 Caecin.

107 2855 162 2888 38.
180 2856 233 2890 29.
249 2859 302 2886 est
316 2855 563 2898 verbumjuris.
653 2869 656 2872 ⁴

651 60 799 92 INDEX
820 57 1116 90 LATINITATI'S.

923 150 1106 182 Recusatio.
1131 148 1201 179 Inv.
1220 148 1242 179 i.
1259 152 1290 180 5.
1315 149 1494 190 opponitur
1519 143 1608 187 poti-

880 193 1136 234 tionijudiciali.

927 238 1103 268 Redemtio.
1126 237 1199 267 Act.
1229 235 1251 266 i.
1279 236 1373 267 Verr.
1401 236 1432 267 6.
1456 235 1610 267 redemtio

873 281 1006 321 judicii.
1042 283 1106 312 Pis.
1137 281 1189 312 36.
1219 280 1429 311 redemtiones
1464 289 1610 312 reorum.

881 325 968 356 Sunt
992 325 1220 365 corruptiones
1241 324 1412 363 judicum,
1433 333 1514 362 quas
1534 323 1609 363 quis

876 379 936 409 pro
962 369 1107 409 pecunia
1132 368 1304 408 suscepit:
1331 372 1365 398 et
1380 367 1531 398 redemtio
1551 367 1612 406 ju-

878 412 955 442 dieii
974 422 1000 442 s.
1017 413 1064 443 rei
1077 413 1128 448 fit,
1141 413 1167 442 si
1185 412 1256 452 quis
1273 411 1451 452 pollicetur
1465 411 1610 451 pecunia

878 462 1029 496 accepta,
1053 466 1088 486 se
1108 455 1239 494 ‚judices
1259 460 1510 495 corrupturum,
1530 464 1610 495 ope-

879 509 949 529 ram
978 509 1073 529 suam
1102 499 1135 529 in
1163 499 1414 540 corrumpendis
1435 497 1609 538 judicibus

880 542 1007 577 vendit.

927 585 1072 616 Reddere
1083 595 1142 625 pro
1154 586 1354 625 relinquere,
1370 587 1497 616 cedere.
1512 585 1609 617 Verr.

879 630 914 659 ii.
928 633 979 663 37.
996 630 1077 659 item
1087 629 1300 660 Su11.30.non
1312 630 1408 660 modo
1422 629 1506 660 nihil
1525 630 1608 660 mihi

881 682 1027 710 assumo,
1040 673 1097 703 sed
1112 673 1213 703 etiam
1227 673 1323 703 reddo
1339 684 1376 703 ac
1394 675 1541 704 remitto.

926 717 1112 755 Redemlor,
1138 727 1306 756 manceps.
1337 717 1401 746 vid.
1435 717 1609 748 redimere.

879 761 974 791 Verr.
989 761 1011 791 i.
1028 762 1082 792 56.
1105 761 1162 800 qui
1187 771 1207 790 a
1225 763 1336 791 vetere
1364 760 1539 791 redemtore
1554 770 1610 791 ac-

883 805 1019 845 ceperit.

925 848 1117 885 Redlu'bere,
1148 854 1199 878 est
1223 848 1385 888 recipere,
1417 847 1506 886 quod
1536 850 1610 878 erat

881 892 1070 929 venditum,
1087 897 1275 932 propterea,
1288 892 1366 931 quia
1381 891 1608 931 improbatum

881 940 945 973 est,
963 935 1174 974 deteriusque
1201 941 1385 976 repertum,
1403 945 1503 975 quam
1530 944 1611 965 ven-

881 979 968 1010 d'rtor
983 979 1121 1009 dixerat.
1137 979 1232 1010 offic.
1246 980 1294 1009 iii.
1310 981 1361 1011 23.

930 1023 1104 1062 Redigere,
1122 1033 1252 1062 cogere,
1269 1025 1430 1062 accipere.
1447 1022 1544 1053 Rosc.
1571 1022 1610 1054 C.

886 1070 934 1101 17.
958 1067 1106 1105 redigere
1122 1067 1314 1107 pecuniam,
1337 1076 1382 1096 se.
1401 1077 1421 1096 a
1448 1066 1609 1097 debitore.

880 1111 922 1140 ef.
939 1111 1021 1141 Rab.
1039 1111 1128 1140 Post.
1160 1113 1208 1141 13.
1232 1110 1266 1139 in
1297 1109 1411 1140 Caecil.
1430 1112 1478 1144 17.
1501 1114 1553 1140 est
1569 1109 1610 1140 de

882 1155 1026 1194 pecunia
1050 1164 1090 1184 ex
1116 1154 1214 1184 rebus
1238 1153 1393 1184 venditis.
1413 1163 1443 1184 v.
1463 1154 1609 1184 Gronov.

886 1198 964 1229 Obs.
982 1199 1003 1228 i.
1025 1201 1073 1232 19.

929 1242 1103 1272 Redimere
1129 1240 1254 1271 dieitur
1289 1240 1330 1284 de
1359 1240 1525 1280 mancipe,
1553 1240 1610 1280 qui

883 1286 1064 1316 aedificium
1105 1285 1329 1317 extruendum
1360 1284 1540 1315 conducit:
1579 1284 1612 1316 ei

883 1330 1067 1370 opponitur
1082 1329 1203 1359 locare.
1226 1329 1320 1359 Verr.
1345 1329 1366 1359 i.
1384 1331 1436 1360 54.
1458 1327 1485 1358 si
1501 1328 1612 1368 pupil-

883 1372 915 1403 lo
946 1383 1028 1413 opus
1059 1373 1320 1403 redimitur—ne
1350 1373 1450 1403 liceat
1481 1371 1610 1412 pupillo

882 1426 966 1456 opus
989 1417 1159 1447 redimere.
1190 1416 1270 1447 ibid.
1302 1417 1353 1448 56.
1379 1416 1436 1455 qui
1466 1416 1610 1446 redeme-

881 1463 940 1498 rit,
973 1460 1112 1491 satisdet
1140 1461 1200 1490 διο.
1233 1460 1312 1490 hinc
1342 1459 1426 1490 illud
1456 1459 1609 1499 intellige

882 1504 976 1535 Verr.
994 1505 1015 1535 i.
1044 1507 1093 1534 ll.
1119 1504 1175 1543 qui
1198 1504 1302 1534 istum
1329 1503 1539 1543 eripiendum
1557 1502 1621 1534 re?

881 1548 1069 1579 demerent.-
1111 1548 1193 1578 adde
1231 1547 1321 1578 dicta
1363 1547 1398 1577 in
1436 1546 1610 1577 redemtio.

880 1591 899 1610 *
912 1592 1056 1632 pecunia
1069 1592 1148 1622 data
1163 1602 1197 1622 se
1213 1599 1273 1622 aut
1288 1591 1390 1621 alium
1408 1590 1519 1629 aliqua
1539 1600 1610 1620 mo-

880 1634 979 1666 lestia
993 1636 1145 1666 liberare.
1166 1635 1261 1666 Verr.
1284 1636 1330 1665 iii.
1365 1638 1414 1669 19.
1447 1635 1610 1665 redimere

879 1680 1029 1719 pericula
1044 1689 1115 1710 sua.
1139 1679 1219 1709 ibid.
1237 1679 1288 1709 56.
1310 1679 1471 1709 redimere
1486 1687 1610 1709 conen-

879 1728 937 1753 tur
953 1733 1023 1753 rem
1049 1723 1246 1753 confessam.
1273 1722 1363 1753 unde
1394 1726 1430 1752 et
1457 1721 1610 1762 metaph.

881 1767 922 1797 ad
937 1768 1013 1798 Div.
1044 1767 1078 1797 ii.
1109 1767 1157 1798 16.
1181 1767 1401 1797 acerbitatem
1419 1775 1438 1795 a
1455 1775 1525 1806 rep.
1541 1766 1610 1806 pri-

880 1812 963 1842 vatis
979 1810 1199 1841 incommodis
1222 1810 1393 1840 redimere.
1415 1809 1435 1827 *⁵
1451 1818 1611 1849 compen-

878 1864 961 1885 sare.
977 1855 1021 1885 ib.
1037 1865 1069 1885 x.
1080 1857 1110 1885 8.
1126 1854 1408 1894 nonpraeteritam
1419 1852 1553 1893 culpam
1562 1852 1611 1883 vi-

878 1898 947 1929 deri
965 1899 1038 1928 volo
1053 1899 1222 1929 redemisse
1237 1909 1247 1927 .·
1281 1897 1338 1928 das
1354 1898 1467 1936 vorige
1492 1896 1611 1927 Verse-

878 1942 945 1972 hen
961 1942 1083 1973 wieder
1105 1947 1167 1982 gut
1192 1941 1346 1972 macheu.
1369 1951 1398 1971 v.
1424 1940 1541 1971 Burm.
1567 1939 1610 1971 ad

878 1986 973 2017 ovid.
999 1986 1080 2016 Her.
1113 1986 1190 2016 xvii.
1219 1988 1273 2020 49.
1306 1984 1371 2015 Sed
1398 1985 1496 2016 Rosc.
1513 1984 1609 2016 Com.

884 2033 932 2061 12.
955 2030 1138 2068 societatis,
1163 2039 1230 2060 non
1254 2039 1331 2059 suas
1354 2028 1430 2059 lites
1458 2029 1608 2067 redemit,

880 2084 957 2105 cum
970 2084 988 2104 a
1006 2073 1116 2104 Flavio
1131 2073 1274 2104 fundum
1291 2073 1442 2112 accepit:
1466 2071 1610 2110 invidio-

881 2128 915 2148 se
932 2118 1057 2148 dicitur
1072 2117 1111 2148 de
1128 2128 1181 2155 eo,
1192 2117 1249 2156 qui
1265 2126 1331 2146 non
1348 2115 1504 2154 redemit,
1519 2115 1577 2146 sed
1589 2125 1609 2146 a

881 2172 946 2201 quo
977 2162 1064 2192 aiter
1094 2161 1247 2192 redemit.
1285 2159 1477 2191 Dicendum
1508 2164 1607 2190 erat:

882 2206 921 2235 de
955 2206 1136 2244 societatis,
1168 2214 1235 2235 non
1271 2204 1339 2235 suis
1369 2203 1491 2243 litibus„
1519 2203 1610 2234 deci-

883 2250 943 2280 dit.

925 2293 1177 2332 Redintegraw,
1193 2290 1394 2323 neutraliter
1407 2293 1459 2321 est
1474 2290 1516 2329 ad
1531 2290 1609 2323 Div.

881 2338 924 2368 xi.
941 2342 971 2371 9.
997 2347 1038 2367 ne
1055 2336 1182 2368 bellum
1205 2335 1429 2374 redintegrari
1452 2334 1567 2374 possit.
1584 2333 1607 2364 i.

881 2392 909 2411 e.
926 2381 1088 2411 renovari.

926 2424 1112 2455 Redivivus.
1134 2423 1228 2454 Verr.
1246 2423 1269 2453 i.
1293 2422 1345 2453 56.
1369 2421 1535 2452 redivivus
1559 2420 1610 2452 la-

880 2469 945 2508 pis,
962 2469 1018 2508 qui
1045 2478 1062 2498 e
1075 2468 1246 2498 destructo
1269 2466 1373 2496 veteri
1389 2465 1532 2495 aedificio
1557 2469 1610 2501 est

883 2512 1031 2551 reliquus
1048 2518 1083 2542 et
1104 2511 1228 2548 salvus,
1245 2515 1280 2540 et
1305 2509 1347 2539 ad
1363 2518 1484 2539 novam
1505 2508 1610 2539 aedifl-

882 2558 1050 2586 cationem
1064 2554 1238 2585 transferri
1254 2556 1374 2594 potest.
1396 2552 1476 2582 ibid.
1490 2552 1609 2584 redivi-

880 2609 924 2629 va.
939 2600 998 2630 sibi
1013 2599 1144 2631 habeto.
1176 2598 1240 2628 vid.
1253 2597 1397 2628 Gronov.
1420 2595 1463 2626 ad
1492 2596 1610 2627 Senee.

880 2643 1001 2674 Troad.
1019 2645 1093 2677 472.
1537 2642 1540 2644 ’
1602 2640 1605 2644 ’

926 2687 1093 2718 Redolere.
1109 2687 1206 2718 Brut.
1218 2688 1270 2716 82.
1294 2693 1334 2714 ex
1345 2682 1434 2718 illius
1448 2683 1610 2727 orationis

880 2730 942 2762 bus
965 2732 1107 2762 redolere
1122 2731 1202 2770 ipsae
1217 2728 1358 2759 Athenae
1375 2727 1543 2757 videntur.

927 2775 1127 2812 Redomz‘tus,
1152 2773 1309 2807 domitus.
1333 2770 1457 2801 Sull.1.
1474 2770 1613 2802 redomi-

881 2818 960 2849 tiae
975 2819 1067 2849 victi.
1088 2818 1108 2825 '¹
1174 2822 1178 2827 “
1573 2813 1575 2816 ⁴

921 2862 1099 2897 Reductus.
1122 2861 1195 2894 Fin.
1214 2870 1243 2896 v.
1269 2863 1326 2896 30.
1347 2862 1388 2891 ut
1410 2858 1477 2891 ista
1489 2856 1613 2906 produ-
