1800 3131
134 174 215 212 240

134 271 182 301 iii.
200 273 247 301 13.
259 271 300 301 iv.
313 272 373 309 223
395 270 466 308 sed,
477 275 516 302 ut
532 272 658 309 omnia,
673 282 793 313 parum
809 283 863 303 ac-

137 318 267 353 curate,
285 315 565 354 quemadmodum
589 325 629 346 ex
649 315 711 353 his,
727 326 801 355 quae
819 318 866 347 di-

140 367 227 394 cam,
243 358 425 398 apparebit.
450 358 558 389 Locus
573 358 728 390 classicus
741 361 780 390 de
795 370 867 391 con-

137 403 312 432 secratione
333 406 368 432 et
389 402 598 432 dedicatione
617 408 668 433 est
684 413 742 443 pro
759 405 868 435 Domo

139 454 159 474 a
174 456 202 475 c.
219 448 359 476 45—56.
391 455 430 475 ex
447 456 512 484 quo
527 445 599 476 haec
616 447 764 477 notanda
778 451 867 478 sunt.

140 499 170 519 c.
187 489 240 520 46.
263 489 290 519 si
307 489 560 528 quis—-domnm
577 491 647 529 ejus
661 500 719 529 per
734 492 868 530 pontifi-

139 541 193 562 ces
206 532 495 563 dedicarit—aedes
509 533 674 572 Caepionis
689 539 800 563 essent
813 534 868 564 de-

139 576 336 606 dieatae-et
359 586 450 607 aram
475 582 509 607 ct
531 577 761 613 simulacrum,
781 583 868 607 tem-

139 619 233 659 plum
251 620 413 650 dedicare.
447 630 475 649 c.
490 623 543 653 47.
566 621 592 649 si
610 620 696 649 bona
715 621 794 650 civis
811 631 869 650 cu-

133 664 281 704 juspiam
305 665 508 694 consecrarit.
539 673 568 692 c.
584 666 637 697 49.
669 673 710 693 an
734 670 773 693 tu
796 664 868 694 hoec

138 707 186 737 ita
202 708 390 747 perturbas,
407 710 445 736 ut
466 707 656 745 quicunque
673 706 765 743 velit,
781 707 869 746 quod

140 750 231 786 velit,
256 750 420 789 quomodo
450 750 544 786 velit,
571 750 675 789 possit
705 750 867 780 dedicare.

138 793 242 825 Video
258 794 348 823 enim
365 803 435 823 csse
455 792 561 831 legem
586 798 746 831 veterem,
762 795 868 824 tribu·-

139 838 271 875 nitiam,
289 847 361 876 quae
379 841 469 866 vetat
484 836 612 874 injussu
633 835 752 876 plebis,
768 838 867 874 aedes,

137 886 276 917 terram,
293 889 385 910 aram
408 889 602 910 consecrare.
647 879 760 919 Vides,
781 882 870 921 quod

139 930 218 954 ante
235 923 386 953 dedicare
403 923 587 961 dicebatur,
603 923 635 953 id
657 925 772 954 statim
795 935 869 955 con-

138 978 265 998 secrare
281 966 358 1003 dici,
372 966 412 997 de
430 967 544 997 iisdem
562 967 659 997 rebus
672 972 867 1007 utrumque,

139 1012 236 1041 aliter
251 1021 289 1040 ac
306 1011 434 1040 Graevio
450 1011 557 1040 visum
576 1014 638 1041 est.
668 1021 697 1040 e.
715 1014 766 1042 552.
791 1012 868 1042 ades

137 1055 263 1084 -dum
295 1054 411 1084 dedico
441 1054 579 1084 domum
616 1054 799 1093 Ciceronis,
829 1061 869 1086 ut

139 1098 221 1128 mihi
246 1098 412 1138 praeeatis,
436 1103 632 1138 postemque
655 1099 810 1129 teneatis.
839 1109 868 1129 c.

140 1145 192 1173 55.
225 1152 316 1171 aram
339 1151 534 1172 consecrare.
580 1141 620 1171 In
646 1141 868 1180 dedicatione,

139 1187 187 1216 ait
203 1186 365 1222 Graevius,
381 1186 486 1225 postis
507 1185 696 1216 tenebatur.
743 1186 870 1216 Etiam-

139 1239 195 1268 nc,
220 1240 297 1259 cum
329 1239 398 1265 ara,
421 1228 639 1259 simulacrum
668 1229 866 1260 dedicatur?

138 1273 217 1303 ‹Iam
243 1273 330 1303 aedes
354 1273 523 1303 Ciceronis
546 1278 736 1304 consecrate
758 1280 868 1311 erant,

140 1327 208 1347 non
223 1321 334 1357 potest
349 1319 475 1355 negari.
506 1316 629 1346 diserte
653 1318 742 1347 enim
766 1317 871 1347 tradi-

138 1365 217 1398 tur3
242 1364 277 1390 et
300 1360 354 1390 hic
377 1361 479 1400 postis
501 1360 691 1390 tenebatur.
722 1371 752 1391 ν.
769 1371 798 1390 c.
816 1363 868 1392 52.

138 1404 317 1436 Dedicatio
342 1404 443 1433 fiebat
468 1403 582 1444 populi
602 1404 722 1442 jussu3
754 1405 813 1435 sed
835 1409 871 1435 et

137 1449 342 1478 consecratio.
373 1457 401 1476 c.
417 1449 470 1481 49.
504 1446 587 1476 Plin.
603 1447 692 1478 Hist.
716 1448 795 1478 Nat.
813 1449 869 1478 vii.

138 1495 192 1523 35.
225 1491 490 1531 Sulpicia—quae
521 1491 739 1521 simulacrum
761 1491 871 1522 Vene-

138 1536 182 1566 ris
205 1535 379 1565 dedicaret.
409 1533 519 1564 Valer.
544 1534 634 1564 Max.
657 1535 725 1565 viii.
752 1538 870 1566 15.12.

140 1580 188 1610 Ut
223 1578 361 1608 Veneris
398 1578 612 1608 Verticordiae
649 1578 869 1609 simulacrum

139 1626 391 1653 consecraretur.
437 1621 502 1651 Sed
517 1631 584 1651 non
599 1631 683 1661 opus
700 1622 734 1651 in
753 1632 787 1652 re
800 1633 869 1652 ma·

139 1666 262 1697 nifesta
290 1665 440 1706 pluribus
476 1665 647 1705 exemplis.
694 1665 760 1695 Sed
789 1676 871 1705 quo-

140 1711 232 1741 niam
249 1709 416 1739 Graevium
441 1708 608 1748 decepisse
631 1708 762 1739 videtur
777 1708 869 1740 locus

139 1764 160 1784 a
183 1753 276 1783 nobis
299 1753 408 1792 primo
430 1752 502 1782 loco
526 1753 726 1792 propositus,
746 1753 781 1782 in
805 1763 871 1792 quo

139 1798 330 1827 consecratio
346 1799 380 1825 et
394 1795 559 1826 dedicatio
580 1796 740 1835 distingui
756 1796 871 1827 viden-

139 1844 208 1878 tur,
238 1850 299 1879 age
330 1849 407 1869 eum
439 1839 690 1879 explicabimus.
746 1839 870 1870 Sensus

140 1888 254 1915 autem
271 1884 342 1921 ejus
358 1883 412 1913 hic
428 1886 495 1913 est:
521 1893 564 1913 an
578 1885 770 1914 cmzsecratz'o
792 1884 870 1914 aedi-

140 1938 212 1964 um,
229 1928 405 1963 bonorum,
422 1926 554 1956 nullum
571 1925 674 1957 habet
689 1928 760 1965 jus,
775 1928 803 1957 si
820 1928 871 1957 in-

133 1973 232 2010 jussu
247 1970 362 2011 populi
377 1970 467 2000 facta
488 1974 551 2007 est,
568 1970 734 2001 dedicatio
757 1974 869 2001 autem

139 2026 165 2045 s.
178 2016 369 2045 consecratio
379 2014 548 2044 simulacri
564 2013 725 2044 libertatis
739 2018 869 2045 tautam

139 2058 335 2098 religionem
374 2057 481 2094 affert,
510 2060 672 2096 tantaque
709 2057 870 2097 religione

139 2102 266 2141 obligat
281 2102 416 2131 aream?
449 2101 585 2131 Scilicet
601 2101 717 2132 Cicero
737 2111 804 2132 non
821 2101 871 2132 di-

141 2146 286 2184 stinguit
296 2146 560 2176 consecrationem
575 2155 595 2174 a
611 2144 819 2175 dedicatione
835 2146 870 2176 in

140 2199 275 2229 genere,
299 2189 357 2219 sed
379 2188 560 2219 absurdum
585 2197 656 2218 esse
679 2188 762 2219 dicit
783 2189 870 2226 ejus-

139 2233 216 2263 dem
240 2233 300 2269 rei,
316 2233 350 2262 h.
374 2242 403 2261 e.
424 2233 667 2262 consecrationis
689 2242 715 2263 s.
739 2232 871 2263 dedica-

138 2277 240 2306 tionis
256 2276 419 2306 diversam
435 2276 502 2305 vim
525 2276 630 2306 statui
653 2285 713 2315 pro
735 2276 870 2307 diversis

139 2321 250 2358 rebus,
266 2329 342 2349 cum
366 2320 400 2349 in
424 2319 486 2349 hac
509 2319 693 2350 cerimonia
713 2328 781 2349 non
804 2329 869 2357 res,

139 2364 174 2392 in
190 2373 256 2402 qua
270 2363 480 2400 adhibeatur,
497 2362 555 2392 sed
577 2363 650 2402 ipsa
666 2364 872 2394 consecrandi

140 2406 382 2446 dedicandique
419 2407 602 2436 cerimonia
638 2409 672 2436 et
709 2407 869 2437 sanctitas

139 2454 320 2490 spectetur.
366 2451 418 2481 De
441 2451 676 2480 consecratione
691 2453 725 2479 et
739 2449 871 2481 dedica-

137 2495 230 2523 tione
248 2493 354 2523 multa
370 2493 518 2533 disputat
531 2493 726 2524 Mazochius
739 2493 778 2524 de
791 2493 871 2524 Am-

140 2537 247 2577 phith.
266 2538 382 2577 Camp.
397 2547 430 2576 p.
447 2541 497 2572 79.
514 2547 584 2576 sqq.

189 2580 379 2611 Consectari.
403 2581 528 2611 Caecin.
546 2584 594 2615 19.
613 2582 788 2611 consectari
800 2590 871 2611 ver-

138 2624 193 2659 ba,
206 2628 257 2654 est
272 2625 370 2654 nimis
385 2633 505 2663 urgere
516 2624 664 2661 literam,
677 2633 784 2664 neque
799 2634 870 2655 rem

137 2669 248 2707 potius
272 2673 307 2697 et
329 2668 492 2697 rationem
517 2672 689 2708 spectare3
714 2668 802 2707 quod
821 2672 872 2699 est

138 2711 420 2741 calumniatorum
437 2716 471 2740 et
487 2711 691 2741 rabularum.
712 2711 869 2743 *vexare

139 2755 180 2784 ad
196 2754 272 2784 Div.
289 2755 355 2784 viii.
386 2756 434 2784 12.
466 2765 525 2794 per
546 2754 634 2784 hanc
657 2755 802 2794 speciem
826 2755 870 2785 si-

138 2797 290 2828 multatis
307 2807 384 2828 eum
401 2803 607 2828 consectarer.
632 2797 674 2828 cf.
690 2797 731 2829 ad
748 2798 818 2829 Att.
835 2799 869 2829 ii.

141 2844 191 2872 18.

187 2884 436 2914 consectarium.
467 2886 666 2915 consectaria
692 2888 773 2915 sunt
796 2885 869 2915 bre—

136 2937 191 2958 ves
216 2932 250 2957 et
271 2933 379 2957 acutae
403 2927 651 2958 conclusiones:
685 2928 757 2959 Fin.
775 2928 821 2958 iii.
838 2932 869 2963 7.

135 2972 332 3003 consectaria
355 2971 543 3003 Stoicorum
568 2972 680 3003 brevia
702 2976 737 3002 ct
758 2974 868 3003 acuta.

655 183 801 213 le-Jx
833 185 1126 214 LATINITATIS.

908 274 986 304 ibid.
1002 274 1044 303 iv.
1060 277 1108 305 18.
1131 273 1232 305 Nunc
1248 275 1345 305 venio
1361 274 1402 304 ad
1418 274 1475 305 illa
1489 277 1549 306 tua
1563 274 1637 305 bre-

909 317 974 355 via,
991 327 1066 356 quae
1081 320 1278 349 consectaria
1294 327 1364 348 esse
1383 318 1525 349 dicebas.
1558 318 1637 349 ibid.

909 361 992 391 illud
1008 371 1084 391 vero
1100 362 1237 392 minime
1249 363 1496 400 consectarium,
1512 362 1570 392 sed
1585 363 1636 392 in-

909 399 1024 444 primis
1040 405 1151 435 hebes.

958 448 1111 479 (hnsectio
1127 449 1295 485 arborum,
1312 448 1355 479 N.
1371 448 1414 479 D.
1433 447 1467 478 ii.
1483 448 1536 480 60.

959 490 1147 522 Consecutio.
1177 492 1331 522 effectus:
1361 491 1449 531 quod
1471 500 1638 530 quamque

910 543 980 564 rem
1003 536 1167 573 sequitur,
1190 535 1282 566 locus
1307 536 1491 566 rhetorum.
1521 534 1640 574 Topic.

913 580 962 608 13.
992 577 1203 609 distribuitur
1221 579 1276 609 hic
1293 579 1383 609 locus
1401 580 1434 609 in
1451 578 1639 609 comet-utio-

909 631 997 657 nem,
1022 623 1285 662 antecessionem
1310 624 1369 653 &cn
1401 622 1444 652 cf.
1462 621 1532 652 InV.
1548 622 1570 652 i.
1586 623 1640 652 28.

910 664 968 694 Or.
985 664 1031 694 iii.
1051 666 1103 699 29.
1136 665 1335 705 intellig-itur
1359 670 1473 696 autem
1497 665 1641 695 necessi-

910 711 960 737 tas
984 708 1019 737 in
1043 709 1288 747 consequendo,
1308 719 1381 748 quae
1405 709 1461 739 nbi
1485 718 1552 739 non
1575 711 1640 745 est,

911 751 955 781 ibi
980 754 1114 781 tantum
1141 756 1192 782 est
1215 752 1395 790 adjunctio.
1425 763 1457 783 v.
1478 752 1564 792 Top.
1591 752 1641 782 12.

910 794 929 812 *Ψ
948 795 1064 825 partit.
1098 795 1129 826 6.
1168 797 1340 826 consecutio
1369 796 1559 834 verborum,
1590 798 1642 825 est

911 848 987 868 cum
1012 839 1119 869 oratio
1143 849 1209 869 non
1233 847 1284 869 est
1303 840 1497 879 perturbata
1511 838 1644 878 generi-

911 881 985 918 bus,
1002 882 1144 920 casibus,
1163 883 1324 919 numeris,
1335 883 1497 923 personis,
1511 886 1641 923 tempo-

911 925 1011 956 ribus.
1035 926 1054 942 ³*
1064 925 1103 955 In
1119 925 1313 956 Dialecticis
1331 930 1382 956 est
1397 927 1641 963 consectarium,

911 969 999 1007 quod
1022 974 1155 1006 vocant,
1172 969 1260 1008 qnod
1282 980 1322 999 cx
1346 969 1450 999 altero
1472 969 1642 1000 concludi-

910 1018 977 1057 tur.
1010 1012 1082 1043 Inv.
1108 1013 1129 1042 i.
1153 1015 1205 1047 99.
1238 1013 1379 1053 simplex
1409 1012 1579 1044 conclusio
1601 1021 1642 1041 ex

911 1057 1098 1086 necessaria
1112 1058 1327 1087 consecutione
1351 1057 1540 1087 conficitur.
1569 1056 1642 1087 Fin.

911 1099 945 1129 ii.
967 1102 1015 1129 14.
1039 1109 1112 1138 quae
1128 1101 1357 1130 consecutiones
1372 1101 1492 1130 videat.

961 1142 1154 1173 Consenesco.
1184 1143 1286 1173 Attio.
1311 1144 1344 1174 ii.
1371 1147 1420 1174 13.
1456 1151 1642 1183 cognomen

915 1185 1087 1225 (Magnus)
1114 1188 1311 1217 consenescit.
1342 1187 1421 1217 ibid.
1442 1189 1495 1218 23.
1524 1195 1642 1217 omnes

912 1229 1000 1260 illius
1025 1231 1127 1270 partis
1151 1233 1302 1260 auctores
1319 1234 1355 1260 et
1376 1231 1481 1261 socios
1496 1239 1640 1261 consene-

910 1283 1009 1311 scere,
1026 1273 1119 1304 nullo
1135 1273 1331 1304 adversario.

960 1317 1134 1348 Consensto.
1159 1317 1217 1347 Or.
1235 1318 1282 1348 iii.
1300 1321 1329 1348 5.
1358 1318 1473 1348 omnia
1487 1327 1557 1348 una
1571 1326 1644 1347 con-

910 1362 1049 1391 sensione
1080 1366 1209 1391 naturae
1247 1361 1429 1391 constricta
1465 1370 1546 1391 esse.
1584 1360 1643 1391 Gr.

911 1404 1096 1443 συμπάθεια.
1127 1404 1278 1435 *Coitim
1308 1404 1422 1435 Plane.
1445 1408 1494 1435 15.
1526 1409 1562 1435 et
1583 1413 1644 1444 per

911 1447 998 1478 hanc
1014 1449 1257 1486 consensionem,
1276 1457 1350 1487 quae
1373 1447 1513 1479 honeste
1537 1448 1642 1487 magis

912 1501 1012 1530 quam
1028 1502 1104 1521 vere
1120 1491 1278 1522 sodalitas
1295 1493 1537 1522 nominaretur.

960 1535 1142 1565 (hnsensus.
1164 1535 1244 1565 Nat.
1261 1535 1305 1566 D.
1318 1535 1364 1565 iii.
1380 1538 1430 1565 ll.
1450 1536 1529 1566 Div.
1542 1535 1577 1566 ii.
1593 1537 1644 1566 14.

915 1581 965 1609 15.
988 1589 1153 1609 consensus
1169 1585 1309 1609 naturae.
1334 1578 1391 1609 Gr.
1407 1579 1593 1618 συμπάθεια.

960 1622 1204 1653 Consentaneus.
1229 1621 1332 1652 Tusc.
1355 1633 1386 1653 v.
1411 1625 1451 1653 8:
1472 1623 1553 1662 quid
1574 1623 1645 1653 cui-

912 1675 975 1704 que
992 1671 1238 1696 consentaneum
1253 1666 1310 1702 sit,
1326 1668 1348 1697 i.
1364 1676 1394 1696 e.
1411 1667 1491 1706 quid
1506 1676 1547 1697 ex
1561 1676 1642 1706 quo-

911 1719 976 1748 que
1005 1714 1177 1749 sequatur,
1203 1709 1356 1740 concludi
1387 1711 1502 1750 possit.
1538 1709 1642 1740 Acad.

911 1752 953 1782 iv.
970 1756 1002 1786 9.
1030 1757 1276 1784 consentaneum
1296 1759 1347 1784 est
1362 1755 1405 1790 ei,
1421 1755 1478 1793 qui
1494 1753 1554 1784 διο.
1577 1755 1598 1785 i.
1614 1763 1644 1784 e.

911 1797 943 1827 ei
960 1797 1128 1833 convenit,
1144 1797 1170 1826 si
1187 1797 1249 1826 sibi
1266 1802 1419 1827 constare
1434 1796 1525 1827 velit.

960 1839 1141 1870 Cbnscntz're
1155 1840 1196 1870 ad
1208 1840 1345 1880 aliquid.
1360 1840 1429 1871 Att.
1442 1850 1472 1871 v.
1489 1843 1539 1872 18.
1557 1839 1641 1871 Phil.

911 1883 953 1913 iv.
971 1886 1002 1914 4.

961 1926 1164 1966 Consequens,
1194 1925 1283 1965 quod
1317 1936 1358 1957 ex
1387 1926 1499 1966 aliquo
1530 1927 1642 1968 colligi

912 1970 1134 2009 concludique
1151 1975 1274 2010 potest.
1298 1971 1356 2001 Or.
1373 1971 1409 2001 ii.
1424 1974 1476 2002 53.
1504 1971 1642 2002 demon-

911 2014 1061 2051 strando,
1079 2014 1125 2051 id,
1140 2013 1230 2053 quod
1245 2014 1444 2044 concludere
1459 2014 1508 2045 illi
1523 2014 1640 2053 velint,

912 2066 981 2087 non
1003 2058 1089 2088 effici
1111 2067 1150 2087 ex
1168 2058 1358 2097 propositis,
1374 2068 1437 2088 nec
1453 2068 1524 2089 esse
1539 2069 1642 2090 conse-

911 2110 1022 2139 quens.
1045 2101 1147 2132 Tusc.
1161 2111 1192 2130 v.
1209 2103 1241 2132 8.
1263 2100 1406 2131 alterum
1428 2101 1524 2133 alteri
1539 2112 1643 2134 conse—

911 2154 1012 2184 quens
1027 2150 1097 2182 est;
1121 2144 1161 2174 de
1177 2145 1413 2175 enunciatione
1427 2146 1655 2186 conditionali-

912 2192 946 2218 et
969 2188 1192 2225 convertibili,
1210 2192 1248 2218 ut
1265 2187 1432 2219 dialectici
1446 2189 1641 2228 loquuntur.

911 2231 1002 2272 Quid
1023 2232 1067 2261 sit
1082 2232 1212 2271 proprie
1228 2241 1429 2272 consequens,
1445 2236 1545 2272 atque
1562 2243 1643 2272 quo-

913 2275 1012 2305 modo
1044 2275 1177 2305 differat
1202 2275 1243 2305 ab
1272 2275 1430 2314 adjuncto
1455 2276 1643 2316 explicatur

911 2317 995 2358 Top.
1023 2320 1071 2349 12.
1095 2319 1114 2338 ²*
1128 2319 1243 2349 Partit.
1267 2319 1298 2349 6.
1321 2325 1361 2349 ut
1383 2320 1420 2349 in
1434 2319 1642 2360 simplicibus

911 2363 1033 2400 verbis,
1059 2362 1149 2402 quod
1179 2371 1246 2392 non
1273 2366 1324 2392 est
1349 2362 1506 2401 latinum,
1532 2363 1580 2393 sic
1606 2365 1641 2394 in

912 2406 1115 2446 conjunctis,
1131 2405 1218 2445 quod
1241 2415 1309 2436 non
1324 2412 1376 2436 cst
1391 2417 1578 2446 consequens
1594 2407 1644 2448 (in

912 2458 978 2488 quo
992 2458 1060 2480 non
1075 2454 1127 2480 est
1141 2450 1326 2480 consecutio.
1342 2459 1371 2480 v.
1384 2451 1558 2481 consecutio
1571 2460 1644 2481 ver-

911 2491 1044 2530 borum)
1063 2492 1322 2534 vituperandum
1338 2498 1401 2524 est.

961 2537 1124 2576 Consequi,
1148 2536 1378 2576 investigando
1399 2538 1539 2576 aperire.
1565 2537 1640 2567 Act.

913 2580 936 2610 i.
949 2580 983 2610 in
998 2580 1091 2611 Verr.
1109 2580 1159 2610 16.
1177 2584 1318 2610 conatus
1333 2579 1473 2620 alicujus
1484 2582 1640 2620 consequi.

912 2622 1142 2663 *exprime-re.
1168 2622 1254 2653 Phil.
1270 2633 1302 2653 v.
1322 2626 1371 2654 13.
1397 2624 1504 2654 verbis
1527 2623 1641 2655 laudes

913 2666 1054 2705 alicujus
1063 2667 1221 2706 consequi.
1234 2666 1366 2706 *sequi‚
1376 2667 1527 2706 probare.
1542 2667 1642 2699 Catil.

913 2710 960 2740 iii.
978 2711 1009 2741 6.
1035 2720 1116 2749 quas
1135 2710 1319 2741 sententias
1334 2715 1471 2740 senatus
1485 2712 1557 2742 sine
1575 2710 1644 2742 ulla.

913 2754 1072 2784 varietate
1096 2757 1148 2784 est
1162 2756 1358 2784 consecutus.
1387 2753 1407 2773 *ἓ
1417 2753 1511 2784 Verr.
1529 2755 1571 2785 iv.
1587 2756 1639 2785 ⁶26.

913 2796 1007 2828 nullo
1030 2797 1128 2828 modo
1150 2806 1286 2837 possum
1308 2798 1422 2827 omnia
1442 2797 1538 2828 istius
1552 2797 1644 2828 facta

913 2841 1075 2871 memoria
1096 2841 1241 2879 consequi
1256 2843 1316 2870 aut
1331 2841 1436 2870 verbis
1451 2840 1640 2881 complecti.

912 2883 1071 2914 *studere
1083 2884 1183 2914 alicui
1196 2883 1254 2913 rei.
1271 2883 1366 2915 Brut.
1380 2885 1432 2915 82.
1455 2883 1640 2915 exilitatem

913 2926 968 2957 ille
996 2927 1037 2958 de
1065 2926 1231 2958 industria
1256 2927 1517 2967 consequebatur.
1548 2929 1568 2948 θ
1583 2937 1642 2969 pro

913 2971 1096 3002 consectari
1114 2974 1165 3001 est
1180 2970 1215 3001 in
1231 2969 1326 3004 Brut.
1342 2974 1378 3001 et
1392 2969 1449 3002 Or.
