1804 3178
569 77 714 108 mmlx
745 77 878 108 LA'rm
884 80 1039 111 trans.

47 167 160 208 prima
174 165 330 206 =iudicum
345 165 477 198 sortitio
499 174 520 196 a
533 168 675 204 pretore
697 165 788 197 faeta

50 216 116 249 est,
132 215 272 249 utraque
287 220 362 252 pars
380 210 479 241 habet
494 212 694 248 potestatem
713 209 788 247 reji-

51 254 167 285 ciundi
183 254 314 292 judices
338 263 377 284 ex
398 263 438 283 eo
453 261 605 287 numero,
623 261 704 290 quos
728 262 789 292 pu·

50 301 103 328 tet
111 303 170 328 aut
180 299 332 329 inimicos
341 297 416 333 sibi,
425 302 484 325 aut
493 294 643 335 cupidos,
652 299 710 325 aut
722 305 788 325 non

52 342 134 372 catis
150 343 296 380 integros
310 349 392 370 esse.
416 339 508 369 Verr.
523 339 556 368 ii.
577 341 624 369 13.
649 349 725 369 curn
743 339 792 369 al·

50 390 158 415 terne
170 385 321 416 civitates
337 380 462 423 ’ήκω
476 388 553 412 sunt
567 393 573 410 ι
599 381 632 412 h.
646 391 674 412 e.
690 382 789 413 alter—

53 427 119 466 nis,
137 437 256 468 nempe
271 427 313 458 ab
328 432 469 465 utraque
495 431 599 466 parte.
644 426 698 456 Sic
714 426 790 456 Vat.

57 474 108 503 ll.
141 471 270 502 alterna
292 469 432 500 consilia
454 468 596 510 rejicere.
626 468 717 499 Verr.
742 470 789 500 iii.

53 515 108 546 60.
138 512 307 556 rejiciendi
323 516 523 553 potestatem
544 512 663 543 facere.
702 513 790 544 Hinc

53 558 108 596 fit,
121 563 158 588 ut
175 565 382 596 consequens
398 566 457 596 pro
473 556 690 586 antecedente
702 556 791 586 dica-

51 606 124 639 tur,
140 601 209 632 sive
227 611 286 641 pro
301 605 375 630 tota
389 600 520 631 actione
539 600 706 639 judicum,
721 610 790 630 sor-

51 648 89 675 te
103 650 139 674 et
154 645 334 683 rejectione
350 643 613 682 deligendorum.
636 643 728 674 Verr.
745 644 791 674 iii.

52 690 107 722 59.
137 694 300 728 preterea
315 692 498 718 conventus
521 687 680 717 honestus
696 688 791 727 Syra-

52 730 154 769 cusis,
171 730 268 762 multi
291 732 421 771 equites
442 731 537 761 Rom.
554 731 613 760 viri
630 731 791 770 primarii,

53 784 95 805 ex
110 785 178 814 qua
192 776 289 816 copia
311 780 558 815 recuperatores
581 772 672 815 rejici
693 783 789 814 opor-

52 822 155 856 teret,
181 819 236 858 qui
263 818 362 849 aliter
379 818 530 856 judicare
555 826 621 847 non
645 821 790 857 possent.

55 861 135 893 ibid.
152 864 206 897 99.
236 865 484 902 recuperatores
507 859 614 901 rejice,
631 860 719 899 quod
735 861 790 890 ad-

53 915 167 936 versus
179 905 327 936 edictum
339 905 468 935 feceris.
492 905 547 934 ubi
564 904 687 934 frustra
699 905 791 935 Gra·-

54 949 127 980 vius
142 949 350 989 suspicatur:
375 949 494 988 recipe.
526 948 601 979 Non
620 948 723 987 magis
741 958 791 978 re-

55 999 109 1022 cte
132 992 294 1023 sollicitat
318 992 428 1022 locum
453 992 545 1022 Verr.
565 992 610 1022 iii.
631 995 678 1022 ll.
710 991 791 1030 quid

52 1036 199 1076 pretor?
231 1035 332 1075 jubet
369 1042 617 1075 recuperatores
648 1033 790 1076 rejicere.

53 1079 217 1110 Decurias
238 1080 435 1116 scribamus,
451 1088 531 1118 quas
550 1079 723 1109 decurias?
750 1079 790 1109 de

54 1122 191 1154 cohorte
208 1133 284 1153 mea
298 1121 434 1165 rejicies,
450 1123 571 1161 inquit.
596 1133 626 1153 v.
645 1128 715 1152 not.

98 1165 238 1197 Relatio.
268 1166 340 1197 Inv.
364 1167 385 1196 i.
414 1169 461 1196 ll.
492 1167 607 1197 relatio
629 1166 791 1203 criminis,

53 1215 118 1247 est,
142 1220 219 1240 cum
247 1220 323 1241 reus
346 1210 382 1240 in
404 1215 631 1240 accusatorem
655 1210 793 1248 conjicit

55 1255 195 1290 crimen,
210 1254 279 1284 sive
295 1253 378 1284 illud
393 1254 516 1294 ipsum,
528 1253 595 1283 sive
607 1253 708 1283 aliud.
726 1253 790 1283 Pis.

58 1300 109 1329 13.
140 1296 294 1328 Consulis
309 1299 444 1328 relatio.-
475 1296 537 1327 int.
560 1297 602 1327 ad
624 1302 792 1327 senatum.

54 1341 98 1371 cf.
114 1340 156 1371 ad
170 1341 246 1371 Div.
263 1341 332 1371 viii.
353 1343 379 1371 1.

98 1383 243 1416 Βοιαῶν.
273 1385 329 1424 qui
347 1383 389 1415 ad
403 1388 558 1414 senatum
577 1383 690 1414 refert.
721 1383 793 1415 Att.

53 1428 123 1459 viii.
139 1431 188 1461 15.

99 1471 236 1503 Raeflctio
248 1471 330 1512 reip.
352 1472 424 1503 Att.
439 1473 504 1503 xvi.
521 1476 554 1507 7.

101 1514 239 1556 Religw.
268 1515 422 1546 definitio
445 1515 613 1555 religionis
637 1515 792 1545 adversus

54 1558 169 1591 Deum
184 1563 237 1589 est
250 1558 322 1588 Inv.
339 1559 373 1589 ii.
390 1561 422 1590 2.
445 1569 550 1597 sacra,
563 1568 668 1598 genus
683 1568 791 1589 saero-

54 1612 143 1634 rum.
183 1602 286 1634 Dom.
316 1604 371 1634 41.
407 1604 576 1643 religiones
611 1603 792 1643 suscipere,

54 1651 107 1676 est
129 1655 224 1677 sacra
246 1655 331 1676 nova
351 1647 543 1684 instituere,
565 1646 633 1677 sive
658 1655 791 1676 sacrum

54 1689 181 1729 aliquid
194 1690 336 1720 efficere.
366 1689 411 1720 ib.
427 1692 481 1724 47.
512 1689 589 1720 dare
613 1689 691 1719 huic
713 1690 791 1720 reli-

52 1734 143 1772 gioni
171 1734 231 1774 (sc.
257 1732 337 1763 huic
367 1733 465 1763 modo
489 1733 724 1764 sacrandarum
748 1742 792 1763 ae-

54 1775 149 1808 dium
163 1776 383 1817 privatarum)
403 1776 544 1807 aditum.
566 1776 609 1807 cf.
628 1776 712 1807 Phil.
727 1776 748 1806 i.
760 1777 793 1807 6.

53 1820 245 1851 ‘sanctitas
267 1819 342 1850 loci.
371 1820 471 1851 Dom.
490 1823 542 1855 39.
572 1820 695 1850 inferre
717 1821 794 1850 reli-

53 1864 354 1904 gionem-eripere
368 1865 571 1902 religionem.
601 1863 620 1882 ⁴
633 1873 684 1894 res
702 1873 792 1902 quae-

56 1917 202 1947 cunque,
233 1916 308 1947 qua!
345 1907 388 1938 ad
416 1909 605 1947 religionem
634 1908 792 1947 pertinet.

56 1951 105 1982 sic
122 1950 215 1982 Verr.
231 1951 266 1981 ii.
282 1952 334 1982 51.
365 1949 418 1980 lex
440 1950 481 1981 de
504 1952 669 1990 religione,
684 1955 737 1980 est
752 1950 792 1980 de

55 1994 253 2025 sacerdotio.
283 1994 365 2024 item
387 1995 558 2033 relig-iones
579 1995 738 2025 dicuntur
753 1994 793 2024 de

57 2038 226 2079 auspiciis,
246 2036 404 2078 prodigiis
427 2038 486 2067 Sic.
515 2047 590 2077 quae
613 2037 794 2068 dubitatio-

55 2091 134 2113 nem
150 2081 271 2121 agendi
287 2081 443 2118 afferunt,
455 2086 515 2111 aut
529 2081 719 2121 impediunt
733 2080 794 2111 ali·

54 2124 147 2164 quid.
173 2125 273 2156 Dom.
291 2127 343 2156 54.
369 2134 445 2155 eum
463 2125 534 2164 ejus
548 2124 793 2155 dedicationem

55 2169 144 2199 fletis
173 2169 380 2208 relig-ionibus
401 2168 612 2208 impedirent.
651 2168 693 2198 ad
714 2168 793 2200 Div.

57 2222 90 2243 x.
112 2214 161 2244 12.
178 2211 294 2242 oblata
309 2212 457 2242 Cornuto
472 2213 586 2250 religio
600 2216 664 2249 est,
680 2211 796 2242 admo-

57 2250 134 2287 nitu
146 2255 374 2296 pullariorum.
398 2255 440 2285 ef.
454 2255 569 2295 Agrar.
584 2255 644 2287 iffi.
668 2255 795 2295 *culpa

56 2309 132 2339 que
148 2299 369 2336 contrahitur,
382 2299 409 2328 si
425 2298 600 2337 religiones
615 2297 794 2330 violantur.

56 2343 138 2374 Nat.
153 2343 197 2375 D.
213 2343 248 2374 ii.
258 2345 291 2374 4.
313 2343 430 2381 religio
445 2341 549 2372 haeret
562 2342 597 2372 in
613 2342 794 2382 republica.

58 2387 184 2418 Caeein.
199 2389 252 2418 34.
281 2387 436 2425 relig-ione
450 2386 544 2416 solvi.
565 2385 796 2426 *supet-stitia

56 2429 135 2462 Div.
151 2431 186 2461 ii.
199 2432 252 2462 54.
281 2431 448 2469 religiones
462 2429 639 2469 suscipere.
656 2429 733 2460 ibid.
745 2438 796 2459 re-

56 2475 191 2513 ligiones
211 2473 390 2514 deponere.
420 2473 522 2504 Dom.
538 2475 591 2507 49.
622 2472 722 2503 homo
743 2482 795 2503 re-

57 2518 229 2556 lig-ionibus
250 2517 395 2548 deditus.
425 2515 614 2555 *obligatio
637 2525 796 2555 quaecun-

58 2571 123 2600 que
136 2561 179 2592 ad
189 2560 315 2600 aliquid
325 2559 565 2596 omittendum,
577 2559 672 2598 cujus
684 2568 794 2599 respe-

58 2608 116 2635 ctu
130 2604 229 2636 rebus
243 2603 397 2643 quaedam
420 2603 580 2633 sanctitas
603 2602 704 2640 inest,
721 2611 796 2643 pro-

58 2651 135 2688 pter
150 2657 249 2687 quam
265 2657 320 2677 eas
343 2647 465 2677 violare
489 2645 582 2676 nefas
604 2651 673 2676 est:
704 2645 794 2676 unde

58 2696 95 2721 et
117 2700 177 2731 pro
199 2690 421 2728 dubitatione,
440 2689 676 2729 scrupulo—in
699 2689 796 2719 rebus

59 2734 208 2773 agendis.
235 2733 330 2766 Vei-r.
346 2734 367 2765 i.
388 2737 436 2765 15.
465 2734 493 2764 si
517 2732 644 2763 nullam
667 2733 795 2771 relig-io-

58 2787 134 2808 nem
158 2786 228 2809 sors
253 2775 366 2809 habet.
400 2779 435 2808 in
463 2776 576 2808 caecil.
604 2779 652 2807 14.
682 2777 796 2814 religio

58 2821 168 2852 sortis.
197 2819 327 2852 Verrin.
343 2821 390 2852 iii.
407 2824 459 2852 58.
487 2821 600 2859 religio
614 2819 794 2850 societatis.

59 2863 156 2900 Rosc.
170 2863 212 2896 A.
226 2865 280 2897 24.
311 2871 469 2905 magnam
485 2864 674 2904 religionem
694 2862 798 2904 possi·

1479 82 1564 122 409

831 166 888 197 «let
909 172 1067 207 paternus
1089 174 1243 211 sanguis:
1275 174 1346 207 Inv.
1370 177 1404 208 ii.
1425 181 1477 210 30.
1505 179 1566 211 lo-

831 209 891 240 dus
907 220 1048 242 summe
1062 216 1234 253 relig-ionis.
1265 219 1337 250 Λα.
1354 220 1410 250 xii.
1427 223 1479 253 36.
1505 231 1565 263 po·

830 254 963 284 meritas
987 254 1086 285 habet
1109 260 1303 295 religionem.
1339 263 1439 294 Catil.
1463 266 1508 295 iii.
1531 267 1564 297 6.

831 301 882 333 ut,
899 306 972 335 qnae
988 299 1103 336 religio
1118 301 1155 330 ζ’.
1174 303 1280 334 Mario
1303 314 1368 336 non
1388 307 1510 346 fueret,
1525 318 1566 340 ea

833 349 891 389 nos
908 342 1061 390 religione
1082 342 1114 372 in
1139 345 1264 383 privato
1288 348 1322 378 P.
1341 348 1482 380 Lentulo
1505 361 1567 392 pu·

833 383 955 414 mendo
972 384 1198 416 liberaremur.
1225 390 1266 418 el.
1283 399 1315 419 n.
1332 395 1360 420 3.
1379 392 1454 423 Nat.
1471 394 1512 424 D.
1530 395 1566 426 ii.

830 429 861 456 4.
894 437 962 457 rem
991 429 1024 458 in
1051 430 1237 466 relig-ionem
1268 434 1393 464 venisse
1424 437 1564 476 populo:

831 469 888 500 das
905 471 1011 501 Volck
1027 471 1110 502 habe
1126 473 1196 503 sicli
1213 475 1266 504 ein
1287 476 1451 509 Gewissen
1467 480 1564 511 daru-

832 513 889 544 ber
914 514 1082 553 gemacht.
1111 526 1140 547 v.
1165 517 1267 547 Gron.
1295 518 1335 548 ad
1361 519 1431 551 Liv.
1456 532 1486 552 x.
1511 527 1565 558 ³7-

831 562 916 587 extr.
941 562 1102 589 ‘summa
1118 560 1151 590 in
1169 570 1365 600 quacunque
1379 572 1412 592 re
1425 564 1566 603 diligen-

831 601 891 637 tia,
909 611 950 631 ne
973 601 1052 641 quid
1076 603 1187 633 minus
1211 612 1300 634 reete
1324 605 1394 634 fiat.
1424 607 1466 637 ad
1489 609 1564 640 Dim

832 645 940 678 xi.‘l9.
969 647 1082 683 religio
1096 647 1128 676 in
1146 647 1283 678 consilio
1300 647 1420 679 dando.
1444 650 1566 682 Caecin.

831 690 862 717 2.
901 688 1074 727 judicandi
1103 699 1195 720 mora
1220 697 1255 721 et
1285 692 1409 730 religio.
1450 695 1508 724 Or.
1535 700 1566 726 8.

830 740 944 761 eorum
959 733 1106 771 religioni
1126 734 1195 772 (qui
1213 743 1259 764 sc.
1276 734 1358 764 nibil
1375 736 1436 766 nisi
1453 739 1568 768 rectis·

831 775 915 804 sima
945 776 1141 814 probabant)
1176 787 1252 808 eum
1281 778 1419 809 serviret
1445 784 1567 813 orator.

831 818 927 848 Brut.
952 821 1003 849 8⁴2.
1038 821 1152 858 religio
1174 821 1324 851 oratoris.
1353 822 1431 852 ibid.
1452 826 1567 864 relig-io

833 861 946 891 nimia.
986 862 1204 900 *diluculo-is,
1238 865 1388 901 objectio.
1425 866 1482 898 Or.
1515 871 1566 900 ll.

831 903 893 934 hac
908 915 970 944 ego
987 907 1138 946 religione
1154 916 1220 937 non
1236 917 1310 938 sum
1327 908 1368 938 ab
1384 908 1445 940 hoc
1466 920 1565 942 cona·

829 954 868 978 tu
885 948 1046 988 repulsus.

875 991 1065 1031 Religiosus.
1102 993 1202 1024 Dom.
1231 997 1285 1025 ⁴13.
1321 994 1485 1026 dedicatio
1513 1000 1567 1028 est

829 1037 997 1073 religiosm
1016 1036 1047 1066 h.
1064 1046 1093 1066 e.
1111 1039 1294 1076 religionem
1311 1039 1418 1075 ail‘ert,
1432 1049 1565 1071 sacrum

830 1078 954 1117 aliquid
970 1080 1080 1109 eflicit.
1104 1080 1174 1110 Ait.
1187 1082 1230 1111 ix.
1244 1084 1273 1111 5.
1298 1083 1468 1121 religiosus
1484 1083 1565 1114 dies.

831 1122 872 1152 ad
887 1122 964 1152 Div.
980 1123 1000 1152 i.
1015 1127 1046 1156 7.
1063 1123 1213 1154 homines
1229 1126 1387 1163 religiosi:
1412 1126 1443 1156 h.
1459 1136 1488 1156 e.
1505 1132 1568 1158 aut.

831 1167 1066 1205 superstitiosi,
1079 1173 1139 1197 aut
1156 1168 1290 1197 nomine
1304 1168 1471 1208 relig-ionis
1484 1170 1564 1200 abu-

831 1213 952 1239 tentes.
983 1210 1039 1240 Or.
1062 1214 1094 1243 9.
1121 1220 1216 1240 aures
1238 1215 1359 1242 teretes
1381 1217 1415 1242 et
1437 1214 1567 1251 religio-

830 1261 890 1282 soe:
914 1252 947 1283 h.
963 1263 993 1283 e.
1016 1252 1101 1283 nihil
1121 1254 1182 1284 nisi
1207 1254 1355 1294 perfecta
1378 1255 1565 1294 probantes.

832 1296 928 1326 Brut.
948 1300 997 1327 ll.
1028 1302 1144 1327 auctor
1159 1307 1270 1328 rerum
1287 1308 1499 1330 romanarum
1515 1309 1567 1331 re·

832 1341 1062 1378 ligius-issimus.

876 1383 1082 1424 Relinquere.
1104 1383 1197 1415 Verr.
1211 1385 1232 1415 i.
1244 1388 1296 1417 33.
1319 1387 1500 1427 relinquere
1515 1388 1566 1418 in-

825 1427 933 1466 jurias
948 1437 1023 1458 suas
1036 1441 1042 1458 :
1067 1428 1088 1458 i.
1101 1438 1129 1458 e.
1142 1437 1208 1458 non
1224 1431 1388 1469 persequi,
1401 1439 1468 1460 non
1484 1429 1569 1460 ulci-

833 1470 891 1500 sci.
914 1471 956 1501 cf.
973 1471 1096 1502 Caecin.
1112 1474 1143 1503 3.
1157 1472 1250 1503 Verr.
1266 1473 1288 1502 i.
1304 1476 1358 1505 33.
1384 1472 1569 1514 ‘relinqui-

832 1519 890 1544 tur
905 1519 957 1544 est
979 1525 1037 1555 pro
1059 1514 1223 1554 reliquum
1247 1520 1312 1554 est,
1328 1520 1368 1547 ut
1389 1515 1495 1547 Flacc.
1511 1519 1565 1548 34.

832 1559 913 1588 item
929 1558 970 1588 de
988 1558 1200 1589 conclusione
1212 1559 1404 1599 syllogismi.
1427 1560 1474 1590 sic
1484 1560 1567 1592 Her.

832 1602 866 1631 ii.
886 1604 939 1636 99.
970 1601 1167 1642 complexio,
1190 1612 1264 1642 quae
1287 1612 1355 1633 non
1378 1608 1509 1634 certum
1530 1609 1568 1636 et

832 1650 988 1675 constans
1006 1645 1131 1684 aliquid
1145 1647 1309 1686 relinquit.

875 1688 1040 1729 Reliquioe.
1073 1688 1152 1719 Nat.
1174 1689 1218 1720 D.
1243 1690 1276 1720 ii.
1292 1694 1323 1724 9.
1342 1692 1394 1721 55.
1422 1691 1567 1731 reliquioe

833 1732 912 1770 cibi,
935 1733 975 1762 de
998 1732 1138 1770 fecibus,
1161 1733 1394 1763 excrementis.
1429 1733 1510 1774 Leg-
1533 1735 1568 1766 ii.

833 1777 886 1806 22.
909 1777 1054 1816 reliquiae
1069 1775 1181 1813 Marii,
1195 1784 1275 1806 sunt
1290 1786 1364 1807 ossa
1379 1781 1414 1807 et
1429 1777 1567 1809 cineres.

833 1819 916 1849 Cato
947 1820 977 1850 6.
1015 1823 1055 1849 ut
1084 1820 1134 1849 avi
1164 1820 1322 1859 reliquias
1350 1829 1567 1860 persequare:

833 1862 957 1894 dicitur
979 1873 997 1893 e
1022 1872 1162 1903 persona
1188 1863 1336 1900 Catonis,
1359 1864 1415 1901 qui
1441 1864 1569 1904 Scipio-

834 1916 910 1936 nem
937 1907 1107 1945 juniorem
1139 1905 1303 1943 hortatur,
1326 1911 1366 1936 ut
1393 1906 1568 1947 Cartbagi-

834 1959 910 1980 nem
927 1950 1049 1988 deleat,
1065 1954 1099 1980 et
1113 1949 1270 1988 quicquid
1285 1949 1569 1989 Carthaginiensi·

834 1993 894 2024 bus
909 2003 988 2024 avus
1005 1993 1181 2024 Africanus
1198 1994 1301 2032 major
1314 1994 1502 2033 reliquisset.
1525 1994 1569 2026 ad

834 2037 910 2068 Div.
927 2037 968 2066 vi.
987 2041 1017 2068 8.
1041 2037 1183 2077 reliquiae
1199 2036 1353 2066 Asiaticae
1369 2037 1570 2076 negotiatio-

833 2080 902 2110 nis:
927 2080 1040 2111 debita
1061 2079 1210 2110 nondum
1230 2084 1359 2117 exacta,
1375 2089 1448 2119 quae
1465 2085 1501 2112 et
1515 2090 1568 2112 re-

833 2125 922 2164 liqua
937 2124 1107 2154 dicuntur.

878 2167 1045 2208 Reliquus.
1061 2168 1133 2198 Att.
1149 2177 1200 2196 xv.
1218 2169 1266 2197 15.
1281 2176 1321 2197 ex
1336 2167 1480 2208 reliquie,
1492 2177 1567 2207 quie

834 2212 930 2241 nonis
955 2210 1059 2252 April.
1089 2210 1179 2240 fecit.
1202 2212 1329 2250 reliqua
1352 2210 1405 2241 hic
1427 2214 1507 2242 sunt
1527 2221 1569 2242 ea

834 2255 988 2294 pecunia,
1026 2264 1099 2293 qnae
1134 2264 1173 2283 eo
1205 2259 1370 2293 tempore,
1407 2253 1568 2285 confectis

833 2298 988 2328 omnibus
1011 2298 1209 2334 rationibuS‚
1226 2296 1357 2327 residua
1381 2296 1456 2328 fuit.
1501 2297 1568 2329 Sed

835 2342 900 2372 xvi.
917 2345 948 2372 3.
979 2341 1123 2371 maxime
1141 2350 1193 2370 ine
1211 2340 1305 2379 angit
1325 2341 1410 2371 ratio
1432 2342 1568 2381 rela'quo·

833 2394 912 2416 rum
935 2394 1108 2422 meorunv,
1139 2393 1210 2422 quae
1235 2393 1437 2422 quamquam
1463 2384 1569 2426 expli-

835 2435 911 2459 cata
925 2433 1016 2458 sunt.
1048 2428 1090 2457 cf.
1106 2437 1157 2466 ep.
1181 2430 1229 2457 15.
1259 2434 1293 2456 et
1315 2427 1358 2457 ad
1373 2427 1448 2458 Div.
1464 2428 1499 2458 ii.
1518 2431 1568 2460 13.

834 2471 1020 2510 publicanis
1046 2471 1148 2500 etiam
1172 2470 1350 2510 superioris
1373 2469 1471 2501 lustri
1494 2473 1570 2502 reli-

834 2525 899 2556 qua
914 2523 1163 2545 conservaram:
1191 2518 1270 2543 sunt
1291 2512 1403 2544 debita
1417 2514 1568 2546 nondum

834 2563 961 2588 exacta.
978 2557 1112 2588 Resten.
1158 2557 1211 2587 Sic
1226 2560 1260 2587 et
1275 2558 1438 2598 reliquum
1454 2562 1506 2589 est
1527 2558 1569 2590 ad

836 2602 908 2633 Att.
922 2602 965 2632 vi.
978 2605 1009 2632 3.

879 2644 1083 2676 Remedium.
1106 2642 1242 2674 Cluent.
1262 2646 1310 2678 19.
1333 2644 1477 2675 remedia
1492 2654 1571 2675 cau-

835 2698 946 2719 sarum
963 2687 1134 2722 dicuntur,
1150 2687 1270 2726 quibus
1294 2687 1382 2718 mala
1400 2697 1499 2718 causa
1513 2687 1570 2718 de-

834 2731 924 2762 fendi
935 2736 1055 2771 potest.
1072 2730 1212 2761 ibid.35.
1228 2730 1299 2760 sine
1305 2730 1508 2769 judiciorum
1517 2740 1570 2761 re-

836 2775 947 2806 mediis
955 2773 1034 2805 salvi
1043 2782 1114 2804 esse
1121 2782 1187 2805 non
1196 2783 1376 2813 possemus.
1384 2774 1426 2804 ib.
1435 2776 1487 2804 44.
1497 2783 1570 2804 mu-

835 2827 970 2849 cronem
983 2816 1098 2848 multis
1114 2817 1265 2849 remediis
1279 2816 1468 2848 retundere.
1491 2826 1569 2848 cum

835 2871 937 2903 [περ.
953 2861 1004 2895 ad.
1027 2860 1121 2893 Verr.
1132 2870 1162 2893 v.
1178 2863 1227 2894 10.
1243 2860 1422 2892 remedium
1437 2859 1480 2892 ad
1490 2860 1568 2891 vim.
