1790 3219
638 84 786 115 rumix
815 83 1126 122 Larium-aris..

102 183 168 216 que
183 173 266 205 adeo
285 183 545 215 praenumerare,
561 177 639 204 ante
662 172 752 204 diem
775 171 840 203 sol-

102 227 189 249 vere.
204 216 276 249 Λα.
294 219 348 249 xii.
364 220 417 249 25.
439 217 519 248 (lum
535 228 555 247 a
570 216 705 247 Faberio
723 224 839 255 repre-

101 262 309 293 aentabimus.
331 261 374 292 ib.
393 263 446 296 99.
468 261 495 291 si
513 270 580 300 qua
591 260 693 290 etiam
703 259 842 297 jactura

101 304 256 336 facienda
271 307 315 336 sit
330 307 363 337 in
381 304 648 346 representatum.
672 303 716 332 ib.
732 305 785 333 31.
811 312 840 333 v.

101 346 205 380 Gron.
222 351 307 380 Sest.
324 359 356 390 p.
370 352 423 380 30.
446 347 554 377 ‘hinc
571 346 695 376 dicitur
710 355 768 386 pro
791 346 841 377 sa-

102 402 176 423 cere
201 393 327 432 aliquid
350 396 428 422 ante
451 397 598 430 tempus,
616 390 714 420 citius
739 400 840 429 quam

102 435 234 474 debeas,
259 441 318 467 aut
344 435 566 465 coustitutum
592 434 648 464 sit.
678 434 750 464 Att.
775 434 841 464 xvi.

101 481 132 510 2.
164 480 246 511 mihi
270 479 426 510 videntur
448 479 550 508 etiam
570 477 710 508 istorum
735 479 840 508 animi

101 522 234 554 incendi
257 523 300 554 ad
322 521 617 563 reproescntandum
645 522 840 562 improbita-

99 570 171 598 tem
187 575 301 598 suam:
327 565 360 596 h.
372 576 402 596 e.
419 566 519 595 citius
531 565 839 602 demonstrandam,

100 613 202 651 quam
217 613 296 640 ante
312 610 568 640 constituerant.
593 609 635 639 ad
652 609 727 639 Div.
744 618 774 640 v.
791 610 839 639 16.

99 662 208 694 neque
233 658 410 694 expectare
437 653 596 693 temporis
623 652 839 690 medicinam,

120 706 200 728 uam
229 701 464 737 representare
492 697 619 727 ratione
650 705 838 737 possumus.

117 749 140 770 n
155 739 217 770 hoc
232 739 306 771 loco
321 741 408 771 male
424 747 568 780 negatur
583 741 617 771 in
635 740 756 770 Lexico
783 739 839 770 Fa-

97 783 147 814 bri
171 784 220 816 vis
244 784 452 825 anticipandi
477 785 596 820 inesse,
620 793 697 813 cum
722 793 839 823 reprae-

96 832 227 859 :entare
242 828 328 859 idem
345 828 403 866 sit,
414 827 502 867 quod
517 831 594 858 ante
609 826 755 857 dixerat:
780 836 839 857 an-

95 871 219 902 teferre
242 871 392 902 consilio.
429 871 471 901 ad
492 871 570 902 Div.
593 871 659 901 xvi.
687 873 733 901 14.
769 870 838 901 dies

97 915 338 955 promissorum
354 914 448 946 adest
467 913 514 953 gh.
530 924 559 944 e.
577 923 642 944 non
666 913 764 954 longe
781 914 838 944 ab·

97 960 163 998 est)
181 969 282 998 quem
301 959 405 989 etiam
428 958 673 998 reproeoentcfflo,
690 959 717 988 si
741 957 838 988 adve-

98 1002 205 1034 neris:
230 1002 262 1032 h.
278 1012 307 1032 e.
324 1002 428 1032 etiam
443 1007 522 1032 ante
539 1001 674 1032 libertas
690 1001 837 1039 dabitur,

97 1055 208 1086 quam.
228 1045 458 1086 promiseram.
489 1045 575 1076 Phil.
601 1046 636 1076 ii.
666 1045 731 1076 ult.
755 1046 837 1084 quin

95 1089 199 1120 etiam
223 1099 343 1130 corpus
358 1089 504 1120 libenter
526 1088 718 1126 obtulerim,
735 1090 761 1119 si
786 1099 837 1120 re-

90 1134 287 1173 presentari
303 1137 411 1164 morte
435 1143 510 1164 mea
533 1133 667 1164 libertas
691 1134 836 1164 civitatis

94 1181 225 1218 potest:
249 1176 283 1207 h.
301 1187 331 1207 e.
346 1178 374 1207 si
398 1186 487 1208 mors
511 1186 586 1207 mea
608 1178 737 1207 efficere
762 1182 836 1217 pot-

92 1226 158 1258 est,
174 1224 215 1252 ut
238 1230 278 1251 eo
297 1221 396 1251 citius
412 1220 546 1252 libertas
568 1221 767 1251 restituatur
789 1221 837 1251 ci—

93 1264 201 1295 vitati.
223 1263 342 1295 *Sext
363 1267 411 1295 ll.
438 1264 527 1304 quod
541 1265 652 1304 ipsum
667 1264 834 1304 templum

93 1309 347 1348 repraesentabat
396 1309 593 1339 memoriam
640 1307 835 1339 consulatus

94 1352 179 1382 mei:
204 1351 238 1382 h.
263 1361 293 1383 e.
317 1359 518 1392 praesentem
541 1352 662 1382 animis
677 1351 834 1391 faciebat,

91 1395 312 1426 instaurabat.
335 1396 406 1426 *ad
419 1396 496 1427 Div.
508 1396 575 1426 viii.
590 1398 622 1426 9.
647 1405 700 1426 me
717 1405 835 1436 ηψπ-ιε-

91 1442 241 1470 scrutante
264 1443 317 1470 est
341 1439 527 1470 absolutus.
573 1438 612 1470 Id
639 1449 738 1479 quam
766 1440 832 1470 vim

91 1482 228 1522 habeat,
251 1492 364 1521 nemo,
388 1483 476 1523 quod
501 1483 618 1520 sciam,
643 1483 832 1523 explicavit,

91 1536 199 1566 neque
221 1536 284 1566 ego
307 1526 554 1567 explicaverim.
601 1526 645 1557 Et
674 1531 725 1558 est
748 1527 832 1558 forte

88 1569 190 1602 lectio
204 1577 373 1610 corrupta.

132 1613 399 1655 Reproesentatio,
422 1614 463 1644 de
492 1624 527 1644 re
558 1614 761 1655 pecuniaria.
789 1615 835 1646 ad

87 1657 165 1689 Div.
181 1657 244 1688 xvi.
260 1659 314 1689 24.
338 1658 406 1689 Att.
422 1659 480 1689 xii.
497 1661 549 1689 31.
572 1659 640 1690 xiii.
657 1661 711 1693 29.
735 1669 764 1688 v.
781 1669 832 1689 re-

88 1707 306 1743 presentare.

133 1745 335 1785 Reprimere.
350 1745 540 1785 angustius,
549 1744 694 1783 brevius,
702 1746 831 1777 tardius

88 1788 211 1820 facere.
247 1789 319 1819 Att.
343 1800 374 1820 x.
406 1793 438 1824 9.
474 1789 650 1820 dubitabat
677 1795 830 1821 nostrum

90 1842 203 1870 nem0,
241 1832 323 1872 quin
361 1832 472 1864 Caesar
508 1833 629 1863 itinera
665 1835 831 1874 repressis-

88 1881 146 1907 set.
161 1877 259 1908 Brut.
272 1880 326 1911 91.
342 1876 434 1907 dedit
446 1886 595 1917 operam,
605 1881 644 1906 ut
655 1887 714 1908 nos
731 1877 831 1908 nimis

89 1919 315 1951 redundantes
343 1927 378 1950 et
407 1921 652 1961 superfluentes
683 1922 831 1961 juvenili

89 1963 233 2003 quadam
249 1963 379 1994 dicendi
398 1964 600 2004 impunitate
624 1971 659 1995 et
681 1964 830 2003 licentia,

89 2008 292 2047 rqniment.
325 2007 538 2038 *abstinet-e.
569 2008 659 2039 Sext.
685 2012 738 2040 55.
775 2009 830 2040 vix

89 2051 205 2082 odium
241 2061 342 2082 suum
379 2061 400 2081 a
429 2060 565 2091 corpore
594 2057 828 2092 represserunt.

87 2094 182 2126 Verr.
199 2104 230 2125 v.
245 2096 298 2130 29.
325 2104 345 2125 a
363 2095 520 2135 praesenti
539 2095 703 2136 supplicio
718 2103 779 2128 tuo
794 2106 829 2128 se

87 2139 239 2179 repressit
255 2138 399 2179 populus
414 2139 456 2170 R.
618 2140 623 2143 “

68 2210 72 2215 .
131 2182 358 2222 Repromisu'o.
387 2183 485 2214 Rosc.
504 2182 597 2214 Com.
623 2185 672 2214 13.
705 2188 758 2215 est
780 2193 831 2214 re-

89 2225 278 2267 stipulatio,
293 2226 334 2257 de
348 2236 416 2266 qua
430 2235 520 2257 mox.

131 2269 379 2310 Rem-omittere.
408 2269 502 2301 Brut.
520 2273 551 2301 5.
580 2279 648 2301 non
660 2273 831 2311 repromit-

88 2318 157 2345 tere
172 2313 263 2345 istud
277 2323 378 2345 ausus
394 2315 470 2345 sim.
494 2313 536 2344 cf.
549 2314 647 2345 Rosc.
664 2314 759 2345 Com.
781 2318 831 2347 13.

87 2357 129 2389 de
145 2356 400 2398 restipulatione
417 2357 550 2388 dicitnr.
573 2368 603 2388 v.
617 2358 818 2399 restipulari.

130 2400 334 2442 Repudium,
361 2401 493 2432 tollere.
522 2402 579 2432 Or.
604 2402 650 2432 iii.
678 2405 705 2433 1.
733 2412 831 2442 repu-

86 2445 180 2476 diere
191 2454 212 2476 a
221 2444 349 2485 republ.
357 2445 534 2476 consilium
547 2451 694 2476 senatus.
709 2446 728 2464 ¹*
737 2445 830 2477 Verr.

86 2489 135 2519 iii.
150 2491 204 2523 74.
227 2489 399 2529 repudiari
414 2489 585 2527 dicuntur,
602 2499 744 2529 quorum
760 2490 831 2521 fru-

88 2537 242 2564 mentum
258 2533 476 2573 improbatur.

130 2575 322 2617 Requirere,
355 2576 609 2618 reprehendere.
654 2576 744 2608 Mur.
776 2579 829 2612 29.

85 2628 162 2658 quae
184 2629 428 2660 nonnunquam
450 2621 663 2660 requirimus,
685 2630 726 2651 ea
750 2624 832 2652 sunt

88 2663 204 2694 omnia
230 2672 298 2694 non
325 2674 346 2696 a
371 2674 506 2702 natura,
529 2664 588 2694 sed
613 2673 633 2694 a
657 2664 829 2704 magistro.

88 2705 307 2738 ‘desiderare
337 2718 408 2739 rem
438 2708 608 2739 amissam.
650 2707 688 2738 L.
712 2707 830 2740 Manil.

88 2751 121 2782 2.
150 2750 271 2790 quibus
296 2752 424 2783 amissis
453 2758 488 2783 et
514 2752 604 2791 pacis
631 2756 833 2783 ornamenta

87 2797 125 2824 et
141 2793 291 2825 subsidia
303 2793 383 2826 belli
405 2796 588 2836 requiretis.
618 2795 706 2826 hane
723 2797 833 2826 notio·

87 2846 168 2872 nem
188 2836 338 2871 illustrat
358 2837 544 2875 Burmann.
559 2838 603 2873 ad
617 2838 736 2880 virgil.
752 2840 832 2874 ΔΕΒ.

86 2880 112 2912 i.
125 2882 206 2918 217.
724 2904 728 2906 ν

1539 81 1622 122 411

928 172 1007 211 Res,
1023 173 1064 203 de
1082 184 1115 204 re.
1138 174 1308 215 familiari,
1324 178 1531 219 pecuniaria.
1560 179 1629 212 Off.

884 215 918 245 ii.
941 219 990 246 11.
1022 217 1062 247 iis
1077 218 1194 255 etiam,
1209 221 1266 257 qui
1283 226 1416 260 emunt,
1431 221 1628 253 vendunt-

877 259 1014 298 justitia
1043 259 1084 290 ad
1120 271 1189 291 rem
1222 265 1401 302 gerendam
1440 267 1627 298 necessaria

884 311 946 333 est.
977 302 1060 333 Cato
1077 307 1108 338 7.
1140 315 1207 334 rem
1228 306 1312 337 male
1329 312 1481 348 gerentes
1498 314 1626 349 patres·

884 345 963 376 sam.
994 347 1105 378 Rsbir.
1136 347 1223 389 Post„
1249 352 1279 379 ⁴2.
1309 351 1341 380 in
1371 353 1518 391 pluribus
1549 364 1626 394 pro-

884 390 1000 421 vinciis
1024 391 1095 430 ejus
1119 399 1250 422 versata
1272 403 1322 423 res
1345 403 1404 425 est.
1435 396 1553 435 Quint.
1572 400 1624 429 ll.

883 444 959 463 cuni
992 444 1043 464 res
1074 434 1114 465 ab
1145 445 1197 471 eo,
1224 437 1360 474 quicum
1391 441 1624 479 contraxisset,

884 479 1082 509 recffisisset.
1117 482 1259 516 ¹waima,
1281 481 1506 513 commodum.
1538 484 1626 516 Phil.

883 521 917 551 ii.
931 523 962 552 2.
986 530 1104 553 contra
1116 520 1183 552 rim
1202 522 1342 563 alicujus
1359 525 1489 555 venire:
1514 526 1554 557 de
1571 538 1624 567 eo,

883 565 939 603 qui
964 566 997 595 in
1017 566 1145 605 judicio
1170 565 1314 606 aliquem
1339 577 1548 608 quacumque
1573 581 1625 603 ra-

883 610 974 639 tione
1001 616 1187 650 oppugnat.
1224 610 1333 642 ‘Sem
1363 622 1394 651 p.
1421 611 1461 642 R.
1490 615 1538 643 11.
1574 624 1626 646 ree

883 652 989 682 redire
1001 653 1175 692 dicuutur,
1185 663 1262 685 cum
1275 664 1383 685 causae
1400 655 1434 686 in
1450 655 1534 694 foro,
1544 656 1624 688 alia·

882 706 945 734 que
963 696 1095 736 publica
1107 698 1454 737 negotiaintermissa‚
1469 700 1558 739 quod
1574 711 1626 733 res

881 739 1040 779 prolatas,
1048 740 1229 783 dicunt,(v.
1240 741 1402 783 prolatus)
1414 748 1626 783 repetuntur.

881 793 910 812 v.
926 783 1082 814 Lambin.
1106 784 1148 814 ad
1164 785 1195 815 h.
1214 785 1234 816 l.
1259 786 1300 816 cf.
1317 786 1408 817 Sext.
1421 787 1475 818 62.
1489 787 1577 819 *Ora
1588 789 1626 820 ii.

885 829 933 857 11.
963 828 1070 858 inesse
1087 828 1121 858 in
1154 829 1280 859 ratione
1303 840 1428 861 rerum.
1457 830 1516 863 Or.
1533 832 1554 862 i.
1571 834 1625 864 21.

881 871 1026 910 positum
1044 881 1115 902 esse
1131 873 1166 902 in
1182 882 1219 903 re
1233 878 1334 913 atque
1362 880 1501 905 natura:
1525 875 1566 906 de
1583 877 1623 908 iis

881 914 992 953 rebus,
1009 925 1083 954 quae
1107 921 1200 953 sunt,
1222 926 1289 947 non
1313 917 1412 948 modo
1435 918 1625 958 finguntur.

879 957 1002 989 *Vei-r.
1024 959 1046 989 i.
1075 962 1123 990 14.
1155 970 1206 990 res
1231 961 1421 992 rationum:
1455 972 1514 1002 per
1537 964 1626 1004 peri-

880 1001 1014 1042 phrasin
1030 1012 1089 1042 pro
1105 1004 1262 1035 rationes.
1291 1005 1310 1023 *²
1322 1004 1414 1035 Verr.
1430 1006 1478 1036 iii.
1494 1009 1548 1038 35.
1570 1018 1625 1040 ree

879 1051 995 1085 gesur,
1018 1051 1099 1076 sunt
1122 1046 1212 1087 leges
1234 1048 1346 1079 Sunae.
1378 1049 1420 1080 ad
1442 1050 1519 1081 Div.
1543 1051 1566 1081 i.
1589 1055 1622 1084 5.

879 1099 930 1120 res
956 1096 1059 1129 gestae
1089 1090 1240 1129 Lentuli,
1267 1092 1419 1132 inprimis
1448 1094 1620 1134 capienda

879 1132 919 1163 de
945 1134 1156 1164 revocatione
1189 1135 1357 1166 Ciceronis
1384 1137 1424 1167 ab
1447 1137 1560 1176 exilio,
1587 1147 1622 1170 et

878 1176 952 1216 lege
983 1178 1186 1215 centuriata,
1209 1178 1281 1217 ejus
1310 1180 1356 1210 rei
1386 1190 1487 1211 causa
1515 1182 1556 1212 ab
1580 1191 1621 1213 eo

878 1220 948 1250 lata
963 1221 1004 1250 ad
1021 1221 1196 1262 populum.
1223 1222 1303 1254 *res
1312 1224 1459 1263 publica.
1489 1234 1519 1255 v.
1533 1225 1623 1258 infra

879 1265 913 1294 in
931 1263 992 1294 hac
1007 1275 1098 1295 voce.

921 1308 1115 1339 Resez‘ndere
1130 1309 1255 1348 locum,
1270 1310 1349 1350 Agr.
1367 1311 1402 1341 ii.
1421 1315 1448 1343 1.
1475 1315 1526 1343 est
1541 1323 1622 1355 ape-

877 1351 955 1389 rire,
970 1362 1049 1382 cum
1065 1353 1259 1385 obstructus
1274 1361 1362 1385 esset
1377 1364 1489 1386 antea.

921 1396 1120 1427 Rem-ibere.
1162 1398 1197 1428 in
1235 1408 1270 1428 re
1308 1400 1512 1438 pecuniaria.
1547 1399 1623 1434 Att.

876 1440 940 1470 xvi.
969 1442 1000 1471 2.
1040 1441 1170 1480 reliqua
1199 1443 1434 1474 rescrc‘bamus:
1469 1443 1492 1474 i.
1521 1453 1551 1474 e.
1579 1449 1622 1477 ut

876 1484 1006 1523 opinor,
1023 1494 1137 1515 rursus
1160 1485 1195 1515 in
1218 1486 1345 1524 literas,
1369 1486 1514 1526 tabulas,
1533 1487 1620 1519 refe-

877 1537 1001 1565 ramus,
1018 1527 1081 1564 vel,
1097 1529 1320 1569 syngrapham
1345 1530 1476 1568 demus,
1491 1535 1531 1562 ut
1553 1531 1620 1564 alio

875 1575 1028 1611 tempore
1043 1570 1223 1604 solvamus.
1253 1573 1390 1612 quidam
1410 1573 1486 1605 libri
1501 1583 1619 1607 autem

875 1614 1001 1645 habent
1021 1616 1280 1656 perscribamus,
1303 1617 1422 1649 eodem
1448 1617 1518 1650 fere
1540 1628 1621 1652 sen-

875 1668 926 1689 su.

921 1702 1119 1743 Resemptus.
1141 1703 1172 1734 T
1174 1704 1280 1735 uscul.
1292 1705 1335 1735 iv.
1348 1706 1380 1736 2.
1403 1709 1523 1737 cantus
1536 1705 1619 1738 fuis·

874 1756 909 1776 se
932 1748 1100 1787 roser-eptas
1121 1757 1240 1778 vocum
1263 1749 1365 1779 sonis.
1411 1749 1445 1780 Si
1467 1759 1550 1781 sana
1571 1749 1620 1782 le·

875 1790 943 1820 ctio
966 1797 1031 1828 est,
1048 1791 1088 1821 de
1112 1801 1179 1830 quo
1202 1791 1360 1823 dubitant.
1380 1793 1442 1824 viri
1464 1793 1568 1832 docti,
1585 1805 1616 1826 v.

873 1833 997 1865 Buher.
1013 1834 1055 1865 ad
1070 1834 1104 1866 h.
1116 1834 1138 1865 l.
1155 1844 1271 1866 sensus
1286 1835 1340 1866 hic
1356 1840 1427 1867 est:
1451 1840 1617 1873 cantuum

874 1877 1008 1908 illorum
1026 1883 1136 1909 certos
1153 1879 1268 1910 modos
1282 1879 1389 1910 factos
1401 1889 1486 1919 esse,
1497 1882 1618 1921 signis-

874 1931 938 1961 que
955 1932 1140 1962 expressos,
1156 1923 1245 1962 quod
1268 1933 1328 1954 nos
1351 1933 1508 1956 vocamus
1525 1935 1617 1957 com-

873 1966 1025 2005 poniren.
1053 1965 1086 1997 J.
1104 1966 1157 1997 Fr.
1181 1966 1367 1997 Gronovius
1390 1977 1474 1999 corr.
1493 1968 1617 2001 descri-

870 2016 968 2050 ptos:
993 2009 1078 2040 alius
1095 2011 1183 2040 notis
1200 2021 1260 2050 pro
1273 2011 1376 2041 sonis.

918 2053 1086 2084 Resecare.
1098 2053 1199 2084 Tuse.
1210 2054 1251 2084 iv.
1265 2056 1318 2086 21.
1342 2055 1519 2088 resecanda
1529 2065 1618 2096 esse,

873 2096 970 2127 evelli
987 2097 1122 2137 penitus
1138 2107 1206 2128 non
1223 2108 1330 2138 posse.
1518 2121 1522 2126 ·

916 2140 1110 2179 Reservare,
1126 2151 1270 2180 servare,
1291 2142 1447 2173 retinere.
1480 2142 1617 2176 Cluent.

873 2188 926 2218 70.
957 2184 1041 2215 nihil
1055 2185 1098 2215 ad
1120 2185 1378 2216 similitudinem
1401 2186 1547 2218 hominis
1563 2198 1617 2220 re*

871 2229 1023 2259 servarit.
1053 2228 1095 2259 ad
1120 2229 1198 2260 Div.
1224 2239 1254 2260 v.
1278 2233 1310 2260 4.
1348 2224 1505 2268 ηε,”ουιη
1534 2230 1617 2264 velis

873 2282 1026 2303 revocare
1052 2277 1188 2312 tempus
1217 2274 1371 2304 omnium
1408 2275 1617 2306 reservando-

872 2326 963 2353 rum,
984 2325 1074 2353 cum,
1091 2317 1149 2355 qui
1172 2322 1336 2355 servetur,
1354 2327 1421 2348 non
1444 2318 1521 2356 erit,
1545 2328 1616 2352 non

872 2361 1027 2400 possis.v.
1041 2367 1111 2390 not.
1128 2361 1147 2378 ’ἓ
1158 2360 1199 2400 Ω.
1210 2360 1262 2391 Fr.
1275 2361 1321 2391 iii.
1339 2364 1365 2391 1.
1376 2371 1405 2392 c.
1417 2361 1448 2393 6.
1464 2361 1617 2394 Minucio

873 2405 1200 2434 me—-resffl'vabam:
1239 2404 1273 2435 h.
1311 2414 1341 2435 e.
1378 2406 1614 2445 exspectabam

873 2447 1148 2478 Minucium—ut
1162 2457 1222 2488 per
1236 2457 1316 2478 eum
1330 2449 1525 2488 scriberem,
1536 2459 1614 2490 quae

873 2491 957 2521 seire
974 2496 1008 2521 te
1025 2490 1156 2521 vellem.

917 2534 1088 2565 Residuus.
1114 2535 1244 2565 verrin.
1260 2535 1307 2566 iii.
1322 2539 1375 2570 97.
1405 2535 1484 2576 quid
1502 2540 1617 2578 potest

872 2588 943 2608 esse
959 2579 993 2608 in
1010 2579 1203 2608 calamitate
1218 2579 1341 2609 residui
1351 2592 1360 2609 .·
1381 2579 1414 2610 h.
1427 2590 1457 2610 e.
1469 2590 1544 2620 quae
1560 2591 1618 2614 ea-

874 2622 1007 2652 laniitas
1021 2626 1070 2651 est
1095 2621 1233 2661 reliqua.
1265 2623 1401 2654 Cluent.
1417 2625 1471 2655 34.
1499 2624 1540 2656 de
1556 2625 1615 2666 pe-

873 2666 980 2696 cuniis
996 2666 1133 2696 resisluis
1152 2675 1240 2696 reus.
1287 2666 1438 2698 Residuae
1459 2669 1613 2708 pecunie

872 2714 953 2739 sunt
976 2718 1037 2746 eae,
1061 2719 1135 2748 quae
1158 2710 1408 2749 magistratibus
1431 2720 1471 2743 ex
1496 2712 1613 2744 aerario

872 2753 960 2783 datae
983 2758 1077 2790 sunt,
1101 2758 1141 2784 ut
1165 2753 1200 2784 in
1223 2763 1258 2784 re
1282 2753 1416 2794 publica
1437 2763 1615 2788 consume·

873 2801 1004 2835 rentur,
1033 2796 1074 2827 ab
1101 2797 1141 2827 iis
1166 2800 1278 2828 autem
1306 2807 1487 2840 oppressae,
1512 2804 1550 2830 et
1577 2800 1613 2832 in

873 2850 945 2872 rem
959 2849 1055 2870 suam
1072 2850 1238 2872 converse
1253 2846 1345 2874 sunt.

917 2884 1112 2926 Resigmre.
1134 2884 1235 2919 Arch.
1248 2887 1280 2918 5.
1303 2885 1404 2920 fidem
1418 2885 1613 2920 tabulam:
