1800 3131
150 123 234 160 302

199 218 328 258 Fatebr,
344 221 482 260 passive.
507 220 585 261 Agr.
602 222 635 252 ii.
652 224 704 253 21.
730 222 885 263 publicus

154 272 226 294 esse
243 263 405 303 fateatur
429 274 475 294 sc.
503 274 598 305 ager:
629 267 657 296 si
679 266 779 297 lectio
806 277 888 297 sana

155 311 220 345 est,
237 308 326 347 quod
342 309 394 338 vix
411 308 509 338 eredo
523 320 530 338 ι
556 309 617 339 etsi
629 310 798 341 confessus
814 321 887 350 pas-

155 350 223 380 sive
245 351 310 381 dici
326 352 431 382 tradit
447 352 643 384 Priscianus.
668 354 686 372 *⁵
702 354 744 384 ad
762 354 837 384 Div.
856 365 886 384 x.

154 395 208 425 23.
233 394 333 425 fidem
354 396 423 435 ejus
441 405 571 436 semper
585 397 726 435 fatebor,
744 408 803 437 pro
816 397 888 427 lau-

154 437 251 468 dabo.

200 482 336 520 Fatum,
350 481 450 512 homo
466 483 614 522 pestifer,
624 484 787 524 pernicies
803 483 886 523 ipsa,

155 524 321 556 interitus.
346 527 435 557 Sext.
461 529 514 557 45³.
538 527 578 556 dc
606 528 747 557 Gabinio
775 530 808 556 ct
836 527 887 556 Pi-

155 578 257 598 sone:
283 569 349 600 duo
372 570 429 600 illa
444 571 524 610 reip.
537 570 632 609 sitta.
657 571 758 601 Dom.
783 573 835 603 57.
859 570 886 600 si

156 612 191 642 in
208 613 264 642 illo
280 613 460 653 paenesato
478 614 617 653 reipubl.
636 616 653 635 ²⁷⁵
666 613 885 643 Vaticinium.

157 656 256 686 Catil.
274 657 320 686 iii.
335 659 366 687 4.
379 656 465 696 fata
478 656 647 696 Sibyllina.

204 700 335 738 Favere,
352 701 490 730 verbum
514 699 679 730 theatrale
695 699 735 730 dc
753 699 885 740 plausu,

155 744 245 774 unde
269 744 310 773 ad
334 743 399 773 alia
422 743 622 774 traducitur.
644 744 756 783 Ligar.
780 747 810 774 3.
824 743 886 783 sa-

155 797 230 817 vere
254 787 427 817 industriae
452 790 486 816 et
509 786 623 826 gloriae
640 787 792 826 alicujus.
816 787 887 818 Att.

155 831 212 861 xii.
239 834 292 864 49.
331 840 383 859 me
415 833 530 860 tamen
557 832 585 860 ei
606 830 794 870 *s'cwta'rum
826 832 886 861 ἃς.

156 874 264 904 *ΒΝ
290 874 322 903 ii.
349 874 401 904 26.
426 884 464 903 ex
494 874 623 904 Ennio:
650 874 729 914 galli
753 875 887 905 silentio

156 914 393 956 noctisfavent
410 917 561 948 faucibus
578 920 678 948 russis
695 922 807 948 cantu.

200 961 318 998 lavor,
335 960 374 990 de
391 962 644 1000 spectatoribus.
669 962 766 992 Rosc.
791 962 886 992 Com.

158 1007 207 1035 10.
233 1003 492 1044 queinfatvorem
509 1015 624 1035 secum
640 1006 674 1035 in
690 1016 825 1036 scenam
838 1009 888 1035 at-

154 1048 237 1078 tulit
251 1049 446 1087 Panurgus?
473 1048 582 1088 *Leg
594 1050 629 1079 ii.
642 1052 671 1080 5.
684 1049 888 1088 favet-ema·

156 1093 204 1131 gis
221 1101 322 1130 quam
340 1102 373 1121 re
392 1092 503 1131 legum
519 1102 641 1123 nomen
657 1099 787 1123 tenent.

202 1136 336 1166 Iautor.
353 1135 449 1166 Rosc.
468 1136 542 1167 Am.
560 1137 590 1167 6.
610 1137 736 1167 nobilit
731 1136 889 1177 itisfau-

156 1184 224 1211 tom
254 1180 402 1220 partium
430 1180 593 1210 nobilium
621 1181 802 1219 studiosus,
826 1181 888 1211 etsi

155 1233 224 1253 non
242 1226 350 1253 castra
364 1233 480 1253 eorum
498 1225 710 1263 sequebatur.

201 1267 310 1306 Faue,
327 1271 487 1306 angustus
499 1267 620 1299 aditus.
635 1269 753 1308 Quint.
766 1267 889 1307 G.fau-

156 1321 206 1341 ces
229 1311 373 1341 macelli.
398 1311 491 1341 Verr.
514 1312 560 1341 iii.
584 1313 636 1345 76.
660 1312 889 1342 Timarchides

161 1355 286 1395 premit
290 1354 412 1394 fauces
428 1355 642 1394 defensionis,
659 1356 692 1386 h.
709 1366 738 1385 e.
754 1355 836 1385 facit
849 1361 890 1385 ut

158 1398 292 1428 defendi
309 1408 376 1428 non
392 1399 507 1438 possis.

205 1443 287 1472 Fax.
311 1443 411 1472 Tusc.
437 1442 470 1472 ii.
498 1445 550 1474 25.
583 1452 661 1472 cum
685 1441 891 1482 quasisaees

158 1486 279 1516 doloris
296 1486 563 1516 admoverentur.
586 1486 686 1517 Tuse.
702 1497 731 1516 V.
755 1488 808 1520 ⁶27.
833 1486 891 1516 do-

157 1529 207 1560 lor
220 1528 320 1569 faces
345 1529 498 1559 ardentes
523 1531 682 1560 intentat.
713 1529 844 1560 *Tusa
869 1531 890 1560 i·.

160 1577 213 1608 19.
231 1583 374 1612 cumque
388 1573 673 1613 corporissacibus
690 1574 891 1603 inflammari

155 1617 324 1647 soleamus
342 1616 384 1646 ad
399 1626 515 1647 omnes
533 1617 744 1656 cupiditates.
772 1616 791 1635 *²
804 1617 891 1647 Rhe-

157 1665 270 1691 torum
286 1659 385 1700 sac-es
407 1664 486 1690 sunt
512 1660 553 1690 τὰ
578 1661 684 1694 πάθη.
707 1661 763 1691 Or.
791 1661 837 1690 iii.
864 1664 890 1691 l.

158 1705 334 1734 verborum
348 1703 447 1743 faces
463 1704 652 1742 admovere,
669 1705 702 1734 h.
722 1714 750 1733 e.
771 1705 891 1743 quibus

158 1748 209 1779 ira
225 1748 426 1778 commoveri
443 1752 565 1787 potest.
590 1749 646 1778 Or.
664 1748 698 1778 ii.
716 1751 768 1778 51.
786 1758 891 1787 neque

160 1793 269 1832 parvis
297 1792 331 1821 in
358 1792 456 1821 rebus
484 1791 699 1822 admovendae
731 1795 810 1821 sunt
841 1791 893 1821 1]ae

160 1835 403 1874 dicendifaees.
429 1835 448 1853 ⁵*
460 1835 559 1865 homo
575 1836 656 1875 reip.
672 1836 892 1875 perniciosus,

160 1883 258 1909 autor
272 1879 487 1909 seditionum.
513 1879 593 1909 Har.
610 1879 650 1909 R.
668 1881 698 1909 ΞΖ.
731 1879 770 1909 de
795 1879 894 1909 Gabi-

161 1923 218 1952 nio
235 1927 269 1953 et
295 1923 431 1953 Pisone:
459 1933 536 1952 cuni
559 1922 610 1953 his
634 1922 729 1952 furiis
754 1922 894 1962 etfaci-

161 1966 388 1997 bas—bellum
411 1966 492 1996 mihi
517 1966 716 2007 inexpiabile
734 1967 807 1996 (lico
824 1976 894 1996 esse

161 2016 366 2051 susceptum.
390 2010 500 2040 *ibim
529 2012 581 2041 ⁶21.
607 2011 731 2048 injecta
757 2014 808 2040 est
822 2009 896 2050 faa·

161 2054 249 2085 foeda
271 2059 305 2084 et
328 2054 484 2084 luctuosa
505 2055 700 2094 reip.·-qua
722 2063 783 2093 ego
806 2054 894 2084 solus

161 2099 279 2128 exarsi.
302 2098 412 2128 *Div-
436 2098 459 2128 i.
486 2097 619 2137 ll.fa.z·
636 2098 760 2127 Phoebi.
784 2097 895 2127 *Nan

161 2142 205 2172 D.
222 2143 255 2172 ii.
275 2145 303 2173 5.
316 2141 414 2181 faces
429 2142 591 2172 coelestes.
616 2140 721 2180 genus
744 2142 894 2171 meteori.

163 2185 205 2215 cf.
224 2185 324 2216 Catil.
342 2186 389 2215 iii.
408 2188 437 2216 8.

207 2229 353 2260 fecialis.
377 2229 458 2269 Leg.
482 2228 516 2258 ii.
539 2232 569 2262 9.
594 2228 769 2266 foederum,
791 2229 895 2268 pacis,

163 2273 255 2310 belli,
273 2273 486 2303 induciarum
511 2276 671 2309 oratores,
682 2271 823 2312 feciales
840 2272 896 2311 ju-

162 2316 250 2347 dices
278 2317 344 2346 duo
368 2320 480 2346 sunto.
505 2316 569 2346 Off.
593 2315 615 2345 i.
646 2319 695 2346 ll.
719 2315 796 2346 belli
824 2316 896 2354 qui-

163 2360 238 2390 dem
263 2361 401 2399 a³quitas
418 2360 627 2390 sanctissime
637 2358 759 2399 feriali
781 2359 895 2400 populi

161 2403 344 2441 Rom.jure
360 2404 545 2444 perscripta
560 2408 621 2433 est.
635 2403 677 2432 cf.
694 2403 785 2433 Verr.
798 2414 828 2432 v,
847 2406 895 2437 19.

207 2448 378 2478 Felicatus.
403 2449 475 2477 Att.
491 2447 534 2477 vi.
554 2450 581 2476 l.
606 2445 800 2486 infelicatis
826 2447 895 2476 lan-

163 2491 268 2527 cibus,
285 2496 319 2521 et
334 2490 610 2531 splendidissimis
627 2491 793 2527 canistris,
810 2490 898 2520 olus-

162 2534 246 2564 culis
264 2545 321 2565 nos
337 2535 420 2565 soles
436 2544 583 2575 pascere.
622 2535 784 2571 Felicatoe,
801 2535 897 2572 item,

151 2578 308 2618 silicata),
337 2579 496 2608 dicuntur
524 2577 655 2618 afilice
685 2578 799 2616 herba,
824 2588 898 2616 quae

164 2621 281 2652 caelata
296 2623 330 2651 in
348 2622 499 2652 lancibus
515 2627 598 2652 erat.
626 2622 668 2652 cf.
686 2622 802 2652 Pax-ad.
823 2625 850 2652 l.
867 2623 897 2652 2.

163 2675 365 2704 quamquam
394 2666 439 2695 ibi
467 2666 602 2705 quidam
629 2665 754 2695 habent
778 2665 899 2695 delica-

162 2715 249 2739 tum.
273 2719 303 2739 v.
323 2709 495 2740 delicatus.
514 2720 544 2738 v.
561 2709 669 2739 Graev.
686 2709 727 2739 ad
743 2709 765 2739 l.
783 2719 811 2739 c.
828 2708 899 2739 Sal-

164 2762 247 2783 mas.
265 2753 306 2782 ad
323 2753 426 2782 Solin.
445 2763 477 2793 p.
495 2756 569 2787 737.

208 2795 353 2827 Feralia.
391 2796 462 2826 Att.
495 2797 563 2826 viii.
597 2799 645 2826 14.
682 2795 788 2826 festus
817 2795 899 2833 dies,

164 2850 229 2879 quo
253 2840 411 2869 Manibus
435 2849 528 2870 sacra
552 2840 653 2877 fiunt,
671 2846 748 2870 ante
773 2840 805 2869 d.
830 2841 898 2870 viii.

164 2883 241 2914 Kal.
267 2883 348 2921 Mai.
371 2888 411 2913 ut
427 2883 495 2923 ipse
514 2883 630 2913 Cicero
646 2884 744 2914 docet
761 2884 803 2913 ix.
824 2887 850 2914 1.
869 2894 899 2914 v.

163 2927 258 2959 Ovid.
290 2927 377 2958 Fast.
407 2927 442 2957 ii.
472 2927 546 2961 569.
582 2928 639 2966 qui
666 2932 783 2958 tamen
811 2927 898 2958 diem

664 135 810 163 INDEX
841 135 1139 164 LA'rlNI'rA'rls.

930 224 1135 255 Feraliorum
1151 223 1232 254 facit
1248 223 1291 254 xi.
1308 222 1384 254 Kal.
1400 223 1500 254 Mart.

975 270 1094 299 Ferire.
1128 268 1199 298 Fat.
1231 271 1279 301 17.
1311 267 1458 298 medium
1470 266 1582 308 sevire
1603 276 1661 298 vo-

930 311 1004 349 luit,
1023 312 1054 342 h.
1073 322 1102 342 e.
1120 315 1270 342 extrema
1284 311 1400 341 vitare.

973 356 1089 393 Ferat,
1117 356 1275 393 insolens,
1302 354 1343 384 ad
1370 355 1446 384 Div.
1475 355 1517 384 iv.
1541 359 1573 389 9.
1599 354 1659 386 ubi

929 399 1107 438 impotenti
1125 399 1293 438 jungitur.
1339 398 1393 428 Sic
1417 397 1529 428 dixere
1551 398 1662 429 Tacit.

928 442 967 472 A.
985 443 1006 471 i.
1022 445 1052 472 3.
1077 443 1168 472 Suet.
1184 443 1269 482 Aug.
1287 442 1340 473 63.

975 485 1085 516 Ferre.
1110 486 1151 516 ad
1167 486 1242 516 Div.
1261 497 1289 515 v.
1314 488 1367 516 20.
1379 483 1480 524 ferre
1502 485 1662 523 rationes,

930 539 988 568 pro
1012 528 1144 559 referre.
1168 529 1291 560 ²¹'⁵Ve1·r.
1318 530 1351 559 ii.
1379 532 1432 559 31.
1456 528 1662 558 sententiam

917 571 1030 611 serre,
1058 571 1091 601 h.
1123 571 1145 602 l.
1176 573 1299 603 dicitur
1323 573 1363 603 de
1391 575 1558 609 senatore,
1582 581 1661 602 cum

929 616 1060 655 proprie
1074 615 1205 646 dicatur
1220 617 1260 646 de
1270 616 1454 656 judicibus,
1468 619 1542 656 post
1555 615 1664 655 legem

929 658 1151 696 tabellariam,
1174 659 1261 698 quod
1287 663 1398 697 antea,
1424 659 1662 699 pronunciare,

929 702 1112 732 dicebatur.
1158 702 1370 733 Defendebat
1391 713 1464 733 earu
1481 703 1663 733 lectionem

930 746 1092 782 Graevius,
1113 750 1231 775 contra
1256 756 1325 784 eos,
1350 747 1404 785 qui
1429 747 1599 786 negabant
1621 746 1662 776 de

929 790 1137 820 senatoribus
1153 789 1218 819 dici
1234 789 1552 830 sententiamferre.
1583 789 1662 820 Non

928 834 1119 863 observarat
1155 834 1204 863 vir
1241 832 1358 863 doctus
1396 831 1499 863 alium
1536 833 1663 871 locum,

930 887 1051 917 nempe
1075 877 1116 907 ad
1139 877 1216 908 Div.
1233 877 1278 907 xi.
1295 878 1349 908 21.
1372 885 1451 906 cum
1466 885 1528 915 ego
1543 877 1665 907 sensis-

929 930 1013 958 sem,
1044 920 1084 950 de
1118 921 1171 959 iis,
1204 921 1261 960 qui
1291 920 1457 950 exercitus
1487 919 1664 958 haberent,

929 965 1134 1002 sententiam
1151 963 1248 1005 ferri
1273 966 1438 1004 oportere,
1469 963 1571 993 iidem
1601 962 1664 1001 illi,

931 1008 986 1046 qui
1018 1006 1140 1046 solent,
1171 1007 1409 1038 reclamarunt.
1449 1008 1533 1037 item
1570 1006 1665 1037 Balb.

935 1054 983 1081 15.
1007 1051 1131 1081 dicitur
1146 1051 1186 1082 de
1205 1051 1330 1092 populo
1352 1050 1511 1090 suffragia
1520 1048 1666 1090 serente.

930 1094 1074 1124 *Plane
1102 1098 1150 1130 19.
1172 1093 1272 1135 ferre
1299 1095 1440 1132 tribum,
1464 1094 1586 1124 dicitur
1607 1094 1662 1134 qui

929 1139 1036 1168 tribus
1053 1138 1218 1177 suffragiis
1239 1143 1380 1168 creatur.
1405 1137 1509 1168 *Ate
1533 1148 1586 1168 xv.
1610 1140 1664 1172 29.

931 1182 980 1212 ait
998 1182 1066 1219 hic,
1083 1182 1143 1212 sibi
1159 1182 1285 1212 duliam
1296 1181 1409 1222 serre,
1425 1182 1486 1212 int.
1501 1181 1666 1211 conditio-

932 1235 1022 1263 nem,
1035 1225 1120 1255 velle
1135 1225 1155 1255 J
1159 1225 1262 1256 uliam
1275 1225 1338 1256 sibi
1350 1225 1486 1256 nubere.
1502 1224 1522 1243 ²*
1531 1225 1664 1255 Cluent.

932 1268 1096 1309 64Jierre
1122 1269 1156 1298 in
1181 1269 1403 1308 quaestionem
1429 1278 1574 1306 servum,
1599 1273 1663 1306 est,

931 1313 1127 1352 permittere
1154 1320 1194 1343 ut
1220 1317 1433 1352 torqueatur,
1455 1312 1507 1342 vel
1534 1312 1664 1343 offerre.

932 1356 1047 1395 *serii
1074 1357 1234 1387 dicuntur
1259 1357 1467 1396 naviga.ntes
1489 1355 1584 1387 Orat
1611 1358 1667 1387 23

926 1400 998 1439 jam
1017 1400 1167 1439 quidem,
1184 1409 1397 1450 quocumque
1405 1398 1575 1440 feremur,
1592 1399 1668 1430 vela.

934 1444 1045 1474 danda
1080 1448 1170 1474 sunt.
1218 1444 1282 1474 Sed
1313 1443 1478 1484 inprimis,
1510 1443 1565 1482 qui
1596 1453 1665 1483 prae

933 1488 1039 1517 nimia
1055 1488 1159 1517 animi
1176 1488 1402 1518 commotione
1421 1490 1456 1517 et
1480 1487 1666 1527 cupiditate

934 1532 1103 1567 nesciunt,
1117 1531 1197 1570 quid
1213 1535 1328 1570 agant,
1344 1531 1450 1570 (leque
1465 1530 1667 1561 furentibus.

932 1575 1052 1613 Quint.
1088 1578 1136 1604 ll.
1172 1574 1280 1604 fervet
1303 1573 1488 1614 ferturque
1517 1574 1669 1605 avaritia.

934 1617 1069 1648 Cluent.
1085 1622 1137 1652 70.
1170 1628 1292 1650 caecam
1310 1617 1508 1647 crudelitate
1524 1622 1559 1648 et
1574 1619 1669 1648 saevi·

933 1663 982 1691 tia
993 1661 1090 1701 ferri
1111 1662 1241 1691 videtis.
1272 1661 1314 1690 cf.
1335 1662 1466 1691 Verrin.
1487 1671 1516 1691 v.
1533 1662 1587 1692 46.
1608 1661 1668 1691 ἃς.

934 1705 1009 1735 add.
1043 1705 1158 1735 Burin.
1187 1705 1229 1735 ad
1260 1704 1355 1734 Ovid.
1394 1705 1475 1734 Her.
1507 1707 1557 1736 15.
1594 1707 1667 1736 140.

934 1748 1021 1779 *Οικ
1047 1751 1100 1779 40.
1124 1759 1194 1779 rem
1219 1759 1321 1788 supra
1334 1747 1446 1787 serre,
1468 1758 1571 1786 quam
1595 1749 1668 1779 fieri

934 1796 1058 1833 potest,
1077 1793 1115 1822 de
1132 1793 1324 1832 hyperbole.
1350 1794 1368 1813 *ἓ
1382 1792 1504 1821 referre
1519 1792 1554 1821 in
1569 1792 1668 1822 tabu-

934 1836 993 1866 las.
1019 1836 1061 1866 ad
1084 1836 1160 1866 Div.
1184 1836 1251 1866 viii.
1272 1838 1303 1866 4.
1334 1836 1364 1865 ei
1388 1844 1569 1876 expensam
1591 1837 1670 1866 tulit

935 1880 1115 1918 legionem.
1149 1879 1268 1910 *PhiL
1296 1880 1340 1909 ix.
1365 1882 1398 1909 4.
1432 1888 1527 1909 aures
1542 1877 1670 1919 serunt

936 1924 1217 1960 cohortationem,
1235 1923 1256 1953 i.
1282 1933 1311 1953 e.
1333 1932 1401 1952 non
1417 1922 1582 1960 sentiunt,
1600 1932 1669 1953 non

935 1971 1116 1997 moventur
1132 1977 1182 2004 ea,
1200 1976 1267 1996 non
1282 1976 1438 2006 paremus
1465 1966 1669 1996 cohortatio-

936 2011 981 2040 ni.
1017 2010 1036 2029 ⁷¹²
1050 2011 1092 2040 ad
1108 2011 1184 2041 Div.
1202 2011 1268 2040 viii.
1286 2013 1316 2041 8.
1339 2009 1544 2040 calumniam
1555 2009 1670 2050 ferre,

937 2055 1071 2091 dicitur,
1088 2054 1128 2084 de
1153 2064 1204 2091 eo,
1223 2054 1279 2093 qui
1305 2053 1475 2084 calumnia
1497 2063 1669 2084 accusasse

937 2098 1159 2128 convincitur.
1198 2098 1263 2128 Alii
1289 2097 1415 2127 frustra
1441 2096 1540 2127 aliter
1565 2098 1671 2127 inter-

937 2146 1124 2182 pretantur.
1140 2141 1205 2172 vid.
1223 2141 1323 2171 Gron.
1342 2141 1383 2171 ad
1399 2141 1433 2171 h.
1449 2140 1470 2170 l.
1495 2140 1594 2171 *Ate
1610 2142 1668 2171 vii.

937 2185 1000 2215 ult.
1016 2185 1103 2224 quod
1121 2185 1228 2215 multo
1243 2185 1366 2215 rectius
1382 2184 1524 2221 videtur,
1538 2184 1573 2214 id
1586 2185 1668 2216 mihi

936 2229 1086 2259 fraudem
1112 2230 1200 2266 tulit,
1216 2238 1275 2268 pro
1291 2228 1416 2258 attulit.
1438 2227 1503 2258 vid.
1527 2228 1676 2269 Interpr.

937 2273 979 2303 ad
1002 2273 1074 2303 Lixr.
1099 2273 1184 2302 xxiv.
1205 2275 1257 2303 38.
1280 2271 1470 2302 *Notanda
1491 2277 1542 2302 est
1565 2272 1668 2302 etiam

938 2316 1009 2346 haee
1031 2316 1248 2354 constructio,
1268 2316 1362 2346 Verr.
1385 2316 1427 2346 iv.
1451 2318 1503 2346 30.
1527 2316 1672 2355 graviter

926 2359 1023 2399 seire
1050 2361 1232 2390 interverso
1262 2360 1349 2389 dono
1380 2359 1495 2399 regali.
1531 2359 1673 2390 Videtur

938 2414 1008 2434 esse
1024 2404 1170 2433 imitatio
1187 2413 1302 2442 graec-‘e
1322 2402 1458 2433 formae:
1489 2401 1597 2446 βαρέως
1621 2401 1672 2443 φί-

938 2459 990 2490 μιν
1009 2445 1058 2477 ἐπί
1073 2460 1134 2477 τινι.
1166 2447 1207 2477 ad
1222 2447 1292 2477 Att.
1310 2448 1374 2477 xiv.
1394 2449 1444 2477 13.
1462 2447 1670 2486 apertissime

926 2500 1027 2531 Jeme
1043 2491 1209 2521 laetitiam.

984 2535 1168 2565 Ferventer.
1188 2533 1322 2564 adDiv.
1337 2534 1404 2563 viii.
1422 2536 1452 2564 8.
1479 2533 1519 2563 (le
1536 2533 1674 2564 damna-

939 2579 1030 2608 tione
1042 2577 1217 2618 ferventer
1237 2577 1327 2616 loqui
1348 2581 1496 2616 coeptum
1513 2581 1574 2608 est.
1591 2577 1674 2608 ibid.

941 2626 972 2657 7.
984 2621 1232 2662 ferventissime
1249 2621 1470 2660 eoncerpitur.

985 2665 1133 2696 Fert-ere.
1159 2665 1200 2694 ad
1216 2665 1292 2695 Div.
1313 2675 1343 2694 x.
1358 2666 1412 2695 23.
1436 2663 1511 2694 dedi
1522 2673 1674 2704 operam,

942 2712 1094 2739 ut—non
1119 2709 1212 2739 miles
1228 2707 1329 2743 ullus,
1347 2717 1413 2737 non
1431 2708 1618 2747 eques—ab
1634 2707 1674 2738 il-

942 2753 981 2783 lis
985 2752 1194 2792 ferventibus
1206 2751 1388 2782 latronibus
1402 2752 1672 2792 interciperetur.

941 2796 975 2827 h.
992 2807 1021 2827 e.
1037 2796 1181 2827 furiosis.

981 2841 1118 2871 -Fervon
1133 2839 1163 2869 T
1166 2849 1234 2869 use.
1248 2839 1289 2868 iv.
1306 2841 1356 2869 lO.
1371 2837 1491 2878 ferror
1503 2839 1618 2869 animi.
1631 2838 1674 2869 de

943 2883 1206 2924 perturbatione.
1227 2882 1245 2900 ‘⁷‘
1259 2882 1355 2912 Prov.
1374 2883 1473 2912 Cons.
1492 2884 1541 2913 12.
1552 2880 1674 2922 fervor

944 2928 1043 2959 maris
1058 2932 1109 2958 est
1125 2927 1165 2958 de
1182 2927 1266 2958 mari
1283 2925 1403 2957 infesto
1419 2936 1438 2957 a
1453 2926 1578 2966 piratis.
