1790 3219
580 82 726 112 11*an
757 81 890 110 LATIN
898 82 1051 111 1‘1'A'r18.

70 170 134 202 Sed
149 180 215 203 non
239 174 345 213 magis
361 172 464 202 scitus
485 170 526 202 ad
553 170 633 209 legis
659 174 790 209 rogato-

71 224 142 245 rem
158 216 312 254 refertur,
328 225 427 256 quam
453 215 591 245 sortitus.
637 212 713 243 Non
736 221 793 242 ne·

70 267 126 296 go,
143 260 230 290 scitu
254 259 442 300 posse'dici,
470 267 528 298 pro
551 256 721 296 rogatione
739 266 792 286 ac-

71 308 182 341 cepta,
199 305 307 343 posito
330 306 552 340 consequente
576 309 634 340 pro
659 305 792 329 antece-

72 345 184 376 deute.
209 346 330 377 Verum
349 346 394 375 ita
409 345 510 374 etiam
525 344 655 373 smwe'lus
670 343 710 372 de
721 351 793 372 om-

73 390 107 418 ni
135 390 318 428 rogatione,
335 397 410 418 cum
432 392 581 426 accepta.
607 392 680 416 tum
706 387 793 416 anti-

70 439 185 470 quata,
200 432 265 462 dici
283 435 402 472 potest.
447 430 533 460 Nam
552 430 725 469 rogatione
742 430 794 459 sa-

70 480 138 511 eta,
151 483 185 505 et
205 475 335 509 tabellis
358 473 588 513 suffragiorum
607 473 790 503 distributis

72 519 110 548 fit
137 519 267 549 sortitio
292 518 455 553 tribuum,
479 526 544 556 qua
574 518 792 556 praerogatixa

70 562 240 592 definitur.
265 561 386 591 Sensus
403 561 507 600 igitur
522 564 592 589 est:
618 561 703 590 (juin
718 560 789 600 plu-

70 614 121 634 res
139 604 226 644 leges
252 605 382 641 tuleris,
398 605 438 634 ‹lc
466 605 503 633 iis
529 606 661 634 tautum
688 604 789 634 semel

67 655 102 677 et
117 648 217 678 simul
242 649 400 685 suffragia
417 648 492 677 ferri
506 648 650 685 jussisti,
673 653 790 677 contra

68 690 176 730 legem
208 691 388 722 Caeciliam.
418 692 471 721 Sic
499 691 592 720 video
625 693 789 730 accepisse

66 734 171 765 etiam
188 734 371 766 Ferratium
396 734 534 775 Epistol.
559 734 593 764 in
609 734 666 764 Or.
685 734 789 764 Cicer.

68 787 101 818 p.
120 779 194 809 356.

112 821 216 852 Soter.
238 821 331 853 Verr.
357 822 390 852 ii.
406 822 458 853 63.
482 821 594 860 itaque
620 830 698 850 eum
722 830 788 851 non

67 864 176 895 solum
200 871 377 906 patronum
402 865 498 895 istius
519 864 649 901 insulae,
665 863 722 894 sed
739 869 789 894 et-

70 907 138 938 iam
153 913 257 940 sotera
287 909 486 948 inscriptum
515 907 579 937 vidi
607 907 786 948 Syracusis.

69 951 143 982 Hoc
174 956 337 992 quantum
368 952 441 982 est?
475 952 523 981 ita
547 961 720 990 magnum,
749 956 789 982 ut

68 994 174 1026 latino
189 1005 257 1026 uno
271 995 370 1026 verbo
385 995 526 1035 exprimi
545 1004 610 1025 non
627 995 739 1035 possit.
756 994 787 1025 ls

66 1045 119 1068 est
134 1039 294 1069 nimirum
316 1038 420 1076 Soter,
438 1039 494 1078 qui
517 1038 661 1069 salutem
684 1038 787 1069 dedit.

64 1080 119 1113 De
135 1081 197 1112 hoc
213 1083 424 1122 cognomine,
441 1082 528 1121 quod
544 1082 658 1112 crebro
674 1083 708 1112 in
726 1091 788 1112 nu-

68 1125 132 1155 mis
155 1125 243 1164 «Iovi,
259 1126 432 1166 Neptune,
461 1125 663 1166 AEsculapio,
692 1126 789 1157 Dios-

67 1169 170 1206 curis,
201 1169 353 1207 Herculi,
386 1169 540 1207 Medicis,
576 1169 722 1208 Regibus
753 1174 788 1199 et

67 1211 254 1244 Caesaribus
269 1213 443 1250 tribuitur,
461 1217 495 1242 et
509 1223 595 1253 saepe
613 1213 787 1253 Euergetae

61 1255 231 1295 jungitur.
268 1256 331 1286 vid.
366 1256 543 1296 Spauhem.
580 1256 620 1287 de
660 1266 723 1287 usu
754 1261 789 1286 et

70 1299 184 1330 Praest.
215 1301 375 1330 numism.
401 1300 488 1331 Diss.
520 1300 575 1330 vii.
605 1310 637 1340 p.
661 1300 736 1331 416.
760 1310 787 1330 s.

65 1342 155 1373 Diss.
174 1344 230 1374 xii.
243 1354 275 1384 p.
292 1347 365 1375 500.
387 1343 532 1374 Verbum
546 1343 706 1382 Salvator,
723 1354 788 1383 quo

66 1386 221 1417 Graeeum
243 1387 414 1418 commode
441 1388 718 1427 interpretantur,
734 1387 788 1417 Ci-

67 1431 196 1461 ceronis
209 1435 310 1461 aetate
323 1430 470 1461 nardum
485 1431 646 1461 usitatum
659 1430 735 1461 suit.
748 1431 788 1461 de

65 1483 105 1503 eo
131 1473 196 1504 vid.
223 1478 346 1515 praeter
368 1474 487 1505 Cellar.
511 1475 546 1504 in
573 1473 653 1504 Lex.
680 1474 788 1512 Fabri,

66 1516 138 1548 Cel.
175 1516 417 1548 Heumannum
454 1518 496 1548 ad
539 1517 788 1548 sammarthani

67 1559 189 1600 Elegia
209 1571 242 1601 p.
258 1563 332 1597 239.
375 1561 502 1592 Verum
532 1562 635 1601 quaeri
665 1565 788 1602 potest,

64 1613 127 1635 cur
141 1604 259 1640 Cicero
273 1609 387 1645 neg-et,
403 1605 510 1636 latino
524 1614 592 1635 uno
606 1605 705 1635 verbo
717 1605 790 1636 red-

65 1647 99 1677 di
124 1657 235 1688 posse,
251 1658 328 1679 cum
347 1647 503 1680 Seri-ator
525 1648 628 1679 latine
644 1648 788 1687 dicatur,

65 1690 164 1730 idque
195 1692 333 1722 verbum
359 1693 430 1722 sine
462 1692 561 1723 dubio
591 1692 790 1732 respondeat

65 1735 199 1774 graeco?
235 1735 322 1766 Nam
349 1736 386 1766 in
409 1737 535 1773 numis,
549 1739 585 1766 et
612 1735 789 1776 lapidibus,

65 1779 124 1818 qui
154 1777 278 1810 Graecis
310 1778 436 1810 soteres
473 1779 646 1816 dicuntur,
674 1779 788 1810 latinis

65 1825 147 1853 sunt
163 1821 361 1854 Servum-es.
405 1823 540 1863 Jupiter
560 1823 693 1862 quidem
711 1823 790 1854 Ser-

65 1870 160 1896 eatm·
184 1875 237 1906 ap.
261 1865 346 1897 Plin.
375 1867 482 1897 xxxiv.
515 1870 545 1898 8.
578 1871 630 1897 est
656 1866 791 1907 Jupiter

63 1908 172 1952 ’ωσι-ἧς.
216 1909 363 1948 Scilicet,
406 1909 561 1941 Servatur
593 1914 645 1942 est
682 1910 789 1953 σωτὴρ,

66 1957 234 1991 quatenus
257 1963 277 1983 a
300 1953 396 1984 malis
413 1958 448 1984 et
473 1954 629 1994 periculis
647 1953 787 1984 liberat:

64 2003 105 2026 ut
135 1995 263 2027 Plinius
292 1997 353 2028 loc.
385 1998 444 2028 cit.
480 1998 663 2028 Peucesten
694 2002 791 2028 vocat

65 2039 244 2072 Alexandri
270 2039 490 2079 servatorem,
506 2042 585 2081 quia
600 2041 699 2072 morti
727 2041 789 2071 eri-

65 2083 164 2123 puit;
203 2093 269 2113 non
315 2089 442 2123 autem,
485 2089 650 2124 quatenus
695 2084 790 2127 σωτὴρ

64 2126 156 2157 idem
183 2132 234 2157 est
256 2127 418 2170 thamim,
435 2129 492 2167 qui
519 2138 577 2158 nos
608 2129 789 2159 commodis

65 2174 169 2209 auget
194 2178 230 2201 et
251 2176 358 2201 ornat.
391 2171 479 2202 Nam
503 2171 596 2202 Soter
621 2177 671 2202 est
688 2171 789 2209 idem,

66 2210 124 2252 'qui
140 2213 321 2253 Euergeta,
334 2218 393 2245 aut
407 2214 520 2255 paullo
534 2215 623 2256 plus,
638 2220 673 2245 et
687 2215 790 2246 inter-

66 2256 146 2287 dum
160 2257 303 2288 alterum
324 2268 383 2299 pro
399 2258 504 2289 altero
518 2259 666 2299 ponitur.
689 2258 742 2288 Sic
758 2268 789 2290 v.

65 2310 95 2330 c.
130 2300 243 2341 Polyb.
266 2301 288 2331 l.
314 2312 344 2332 v.
372 2312 405 2342 p.
430 2304 503 2333 500.
536 2306 790 2340 commemorat,

65 2343 274 2384 Antigonum
289 2344 453 2376 Tutorem
471 2355 538 2376 non
554 2345 661 2376 solum
678 2345 790 2376 vivum

64 2396 136 2418 esse
152 2387 360 2427 Euergetum
377 2389 596 2429 appellatum,
613 2389 671 2420 sed
686 2389 790 2420 etiam

66 2429 183 2462 Sotera
197 2436 274 2472 post
290 2437 446 2463 mortem.
470 2432 554 2463 adde
581 2433 681 2464 Dion.
699 2432 790 2464 Cass.

65 2472 87 2504 l.
108 2473 156 2505 lii.
179 2484 256 2515 pag.
282 2478 356 2510 493.
391 2476 448 2506 ubi
465 2477 632 2507 Moecenas
656 2476 704 2507 ait
730 2476 792 2507 Pa-

63 2517 124 2547 tris
139 2521 174 2548 et
190 2517 311 2550 Soteris
335 2529 457 2550 nomen
484 2523 699 2560 accepturum
722 2521 791 2551 Au-

64 2565 201 2600 gustum
213 2572 253 2593 ex
270 2563 527 2603 imperiojusm,
545 2572 652 2603 aequo,
668 2563 747 2594 leni.

110 2604 287 2645 Spargere.
313 2606 413 2637 Catil.
430 2607 464 2638 ii.
494 2610 542 2638 10.
565 2608 621 2646 qui
638 2607 721 2637 sicas
743 2607 792 2638 vi-

64 2646 175 2685 brare,
187 2650 242 2688 qui
254 2660 410 2690 spargere
422 2659 553 2680 venena
568 2650 770 2682 didicerunt.

109 2689 246 2731 Sparus.
270 2693 342 2724 Mil.
359 2696 412 2726 24.
438 2703 542 2734 genus
565 2693 639 2733 teli,
656 2694 696 2724 de
725 2704 791 2735 quo

63 2733 226 2766 videndus
241 2736 418 2768 Abramius
435 2737 476 2768 ad
492 2737 525 2768 h'.
542 2737 563 2768 l.

109 2776 278 2817 Spatium,
293 2780 385 2811 locus
411 2781 467 2812 ubi
497 2779 674 2818 currend0‚
691 2784 727 2811 et
741 2780 792 2811 bi-

66 2821 130 2860 gis,
152 2821 320 2862 quadrigis
348 2824 408 2855 διο.
438 2824 574 2865 agendis
593 2829 792 2855 exercentur

66 2863 246 2898 homines:
270 2866 489 2902 curriculum.
516 2868 577 2902 Or.
606 2870 639 2900 3.
661 2865 734 2900 Fin.
760 2877 792 2899 v.

1476 72 1560 112 ⁴33

839 171 865 199 1.
890 167 1005 208 Spatia
1033 169 1232 202 Academioe.
1262 169 1374 202 Rabir.
1401 168 1496 201 Perd.
1529 172 1562 203 2.

837 212 892 250 qui
910 222 963 242 me
980 223 1019 242 ex
1036 214 1221 244 constituto
1235 215 1338 253 spatio
1357 213 1560 246 defensionis

835 254 869 284 in
893 254 1068 285 scniiliorae
1091 257 1294 287 curriculum
1324 257 1473 295 coegisti.
1496 257 1556 288 Or.

834 298 880 328 iii.
898 300 928 328 ⁶2,
959 299 989 329 O
1012 298 1162 335 fragilem
1181 299 1364 337 fortunam,
1383 306 1418 330 et
1439 300 1555 330 inanes

834 351 920 382 saepe
937 342 1187 371 contentiones!
1207 353 1278 381 qum
1302 345 1333 372 in
1354 343 1462 373 medio
1477 353 1552 384 spa-

834 387 876 415 tio
892 395 978 425 saepe
990 384 1193 424 franguntur
1209 392 1241 414 et
1259 392 1431 422 corruunt,
1446 394 1479 417 et
1495 396 1556 417 an-

833 432 866 458 te
882 429 915 458 in
930 429 999 469 ipso
1007 438 1105 459 cursu
1116 428 1371 458 obruuntur.&c
1395 430 1553 465 Brut.90.

835 471 1052 502 Hortensium
1070 472 1103 502 in
1119 474 1220 511 spatio
1235 472 1403 501 conse-euti
1420 482 1549 503 sumus.

877 515 1012 556 Species.
1033 515 1118 555 Top.
1149 519 1180 549 7.
1204 515 1236 545 in
1263 513 1421 544 divisione
1437 516 1553 546 sorinae

832 566 924 595 sunt,
943 569 1023 598 quas
1046 558 1152 589 Gricci
1179 556 1253 591 ἰδίας
1279 565 1410 593 vocant,
1436 560 1556 596 nostri,

832 605 988 642 —species
1013 602 1210 642 appellant:
1252 611 1317 631 non
1348 601 1489 641 pessime
1522 602 1556 632 id

833 647 979 685 quidem,
995 646 1052 676 sed
1069 646 1231 676 inutiliter
1247 645 1288 675 ad
1311 654 1406 675 casus
1423 649 1557 674 mutan-

832 690 901 720 dos.
924 689 1036 719 Nolim
1063 691 1167 727 enim,
1184 699 1225 719 ne
1246 689 1272 718 si
1290 688 1393 718 latine
1418 687 1552 726 quidem

832 733 895 763 dici
913 735 1029 772 possit,
1044 735 1218 772 specierum
1237 740 1271 762 et
1293 732 1449 772 speciebus
1465 731 1556 761 dice-

832 787 877 807 re.
900 777 918 795 ⁸*
934 778 991 806 Or.
1022 780 1048 806 l.
1074 786 1146 815 qua¹
1163 777 1206 806 sit
1230 776 1358 816 optima
1382 775 1495 814 species
1519 778 1557 805 et

831 820 924 859 quasi
941 820 1048 859 figura
1064 820 1205 850 dicendi.
1231 820 1325 850 Hanc
1341 828 1471 858 quoque
1482 827 1553 858 spe-

831 865 911 894 ciem
927 874 944 893 e
961 864 1151 894 Graecoruui
1178 861 1238 903 ἰδίᾳ
1259 862 1443 893 transtulit.
1471 860 1552 892 ibid.

831 910 862 938 3.
895 907 1200 948 species—effigies.
1223 907 1244 936 i.
1275 917 1303 936 e.
1328 905 1551 946 exemplar—

831 951 941 990 imago
958 951 999 981 ad
1015 950 1186 991 exemplar
1196 959 1360 990 expressa.
1376 949 1394 968 ¹¹²
1410 949 1512 979 Acad.
1530 949 1555 980 i.

831 997 861 1025 8.
885 999 1034 1024 mentem
1051 993 1155 1024 solam
1179 993 1360 1023 censebant
1384 992 1554 1031 idoneam,

830 1038 884 1068 cui
908 1037 1112 1075 crederetur,
1138 1037 1217 1077 quia
1239 1036 1309 1067 sola
1330 1041 1482 1067 cerneret
1507 1035 1555 1074 id,

830 1081 917 1121 quod
932 1091 1064 1121 semper
1085 1086 1184 1118 esset,
1200 1080 1353 1120 simplex,
1376 1084 1411 1110 et
1435 1080 1555 1110 unius·

829 1125 933 1162 modi,
950 1130 984 1155 et
998 1125 1078 1162 tale,
1095 1123 1192 1164 quale
1207 1128 1304 1154 esset.
1320 1123 1407 1154 hanc
1421 1122 1470 1153 illi
1485 1122 1556 1153 ide-

830 1178 884 1198 am
900 1168 1126 1208 appellabant,
1137 1169 1208 1206 jam
1232 1177 1250 1197 a
1266 1167 1404 1197 Platone
1431 1167 1480 1197 ita
1495 1175 1556 1197 no-

830 1213 992 1242 minatam
1008 1225 1014 1242 :
1039 1221 1098 1241 nos
1116 1216 1205 1241 recte
1221 1212 1354 1251 speciem
1378 1219 1554 1250 possumus

831 1255 952 1287 dicere.
970 1255 1009 1286 de
1025 1255 1088 1285 hac
1103 1256 1203 1295 specie
1231 1265 1261 1284 v.
1275 1255 1333 1285 Or.
1350 1256 1380 1285 2.
1407 1257 1438 1285 3.
1461 1254 1481 1272 ³*
1497 1263 1555 1283 ex-

829 1302 944 1329 ternus
984 1303 1174 1339 apparatuS,
1211 1302 1362 1335 ornatus,
1396 1297 1555 1337 dignitas,

830 1352 904 1382 quae
922 1343 956 1372 in
973 1342 1085 1373 oculos
1112 1342 1201 1372 cadit
1225 1341 1389 1382 inprimis.
1411 1341 1490 1380 Agr.
1520 1340 1556 1370 ii.

835 1389 883 1417 13.
905 1388 1021 1427 speeies
1040 1390 1270 1426 tyrannorum.
1286 1383 1424 1421 ubi,vid.
1448 1383 1557 1415 Graev.

830 1431 887 1461 Or.
906 1430 927 1460 i.
945 1432 996 1464 29.
1019 1429 1104 1467 haec,
1129 1439 1202 1468 quae
1229 1436 1309 1459 sunt
1332 1428 1367 1458 in
1382 1428 1484 1468 specie
1498 1437 1558 1467 po-

831 1473 908 1511 sita,
926 1474 960 1504 in
976 1476 1009 1503 te
1025 1473 1138 1503 divina
1157 1476 1254 1502 sunt:
1280 1472 1319 1502 de
1335 1471 1468 1502 dotibus
1483 1480 1558 1501 ora-

829 1518 912 1547 toris
931 1518 1076 1547 externis
1105 1515 1260 1556 corporis.
1283 1516 1341 1546 Or.
1357 1516 1391 1545 ii.
1417 1516 1471 1548 72.
1496 1513 1555 1545 ad-

831 1560 944 1591 bibere
961 1560 1127 1600 quandam
1144 1560 1178 1590 in
1195 1558 1336 1589 dicendo
1357 1560 1492 1598 speciem
1507 1564 1560 1589 at-

830 1614 894 1643 que
907 1613 1076 1644 pompam.
1102 1603 1165 1634 Pis.
1186 1605 1234 1633 ll.
1258 1602 1323 1632 fuit
1339 1611 1474 1642 pompa,
1490 1600 1558 1632 fuit

829 1649 958 1688 species,
975 1648 1120 1678 incessus
1133 1646 1249 1677 saltem
1261 1646 1408 1686 Seplasia
1422 1645 1557 1685 dignus.

830 1691 908 1722 ibid.
924 1701 1084 1730 magnum
1109 1699 1232 1720 nomen
1255 1694 1319 1728 est,
1343 1698 1468 1729 magna
1488 1698 1560 1729 spe-

831 1737 904 1772 cies,
922 1744 1045 1774 magna
1067 1734 1226 1773 dignitas,
1253 1742 1377 1773 magna
1399 1732 1557 1772 majestas

832 1778 987 1809 consulis.
1011 1778 1106 1809 Brut.
1123 1779 1175 1808 62.
1199 1777 1305 1816 magis
1320 1777 1420 1818 speeie
1434 1781 1470 1806 et
1485 1785 1560 1806 mo-

829 1827 869 1853 tu
882 1827 982 1862 atque
994 1822 1065 1862 ipso
1080 1821 1207 1851 amictu
1222 1821 1376 1861 capiebat
1390 1819 1558 1858 homiues,

831 1876 931 1905 quam
960 1864 1092 1896 dicendi
1115 1865 1222 1904 copia.
1245 1864 1264 1883 ²*
1279 1864 1391 1904 opinio
1416 1866 1492 1893 orta
1516 1873 1557 1893 ex

831 1919 882 1947 e0‚
898 1909 988 1949 quod
1013 1918 1084 1939 esse
1107 1908 1241 1938 videtur
1263 1908 1346 1945 tale,
1369 1906 1465 1946 quale
1488 1915 1558 1936 non

830 1958 892 1984 est.
930 1952 1036 1983 Mare.
1075 1952 1106 1983 6.
1146 1953 1246 1992 specie
1282 1950 1424 1991 reipubl.
1462 1950 1559 1990 lapsi.

829 1997 930 2028 Tusc.
954 1997 988 2027 ii.
1005 1997 1057 2027 2⁷3.
1081 1995 1202 2026 doloris
1227 1996 1362 2036 speeiem
1377 1994 1463 2024 ferre
1488 2001 1558 2023 non

831 2043 980 2081 possunt.
1002 2040 1022 2058 ²*
1037 2039 1101 2070 Sed
1121 2039 1244 2070 dicitur
1256 2039 1356 2068 etiam
1373 2037 1556 2077 saepissime

831 2084 871 2114 de
887 2093 926 2114 eo
942 2084 1025 2124 ipso,
1043 2082 1130 2122 quod
1145 2082 1278 2112 videtur
1292 2091 1362 2112 esse
1376 2080 1458 2119 tale,
1475 2090 1559 2120 qua-

830 2127 860 2158 le
888 2137 953 2157 non
971 2132 1034 2157 est.
1056 2127 1137 2158 Nat.
1162 2127 1205 2157 D.
1233 2125 1255 2155 i.
1287 2127 1317 2156 2.
1339 2125 1454 2164 species
1467 2124 1558 2155 fictae

830 2171 1066 2202 simulationis.
1090 2170 1203 2200 Plane.
1225 2170 1275 2199 12.
1300 2169 1397 2208 signa
1410 2168 1559 2208 probita-

830 2216 874 2245 tis
902 2224 970 2245 non
1000 2214 1115 2244 fucata
1138 2213 1260 2244 forensi
1286 2213 1396 2252 specie.
1419 2212 1439 2230 Ψ
1454 2210 1557 2241 Tusc.

831 2259 874 2289 iv.
894 2261 943 2288 14.
967 2257 1024 2288 Or.
1051 2257 1097 2287 iii.
1121 2259 1175 2288 525.
1200 2257 1309 2297 prima
1329 2256 1442 2295 specie,
1467 2254 1556 2294 quod

830 2301 931 2342 vulgo
943 2301 1098 2338 dicimus,
1114 2300 1222 2341 primo
1231 2299 1402 2340 adspectu.
1416 2299 1437 2317 ²*
1452 2298 1557 2328 simu-

831 2345 972 2376 lacrum.
997 2345 1074 2376 Div.
1092 2344 1114 2374 i.
1144 2345 1195 2374 12.
1218 2345 1335 2384 species
1351 2353 1390 2373 ex
1408 2351 1472 2372 aere
1499 2351 1560 2371 ve-

831 2394 899 2419 tus.
921 2387 1002 2419 ibid.
1026 2388 1078 2418 36.
1101 2387 1190 2417 hanc
1215 2387 1351 2428 speciem
1378 2383 1559 2417 Praxiteles

832 2432 963 2464 caelavit
979 2435 1129 2471 argento.

876 2472 1065 2517 Specillum.
1088 2474 1170 2505 Nat.
1193 2473 1237 2505 D.
1261 2473 1308 2503 iii.
1333 2474 1386 2505 22.
1409 2471 1560 2503 AEscula-

832 2520 962 2560 piorum
981 2518 1210 2559 primus—qui
1231 2517 1399 2558 specillum
1413 2516 1562 2546 invenis-

832 2573 880 2601 se,
895 2567 930 2593 et
954 2563 1082 2603 primus
1098 2561 1220 2591 vulnus
1235 2560 1399 2600 obligasse
1424 2559 1561 2590 dicitur.

832 2606 894 2637 Est
924 2607 1188 2636 instrumentum
1220 2604 1461 2644 chirurgicum,
1497 2602 1557 2634 Gr.

831 2649 926 2690 μήλη.
942 2649 1008 2679 vid.
1025 2647 1099 2679 Ind.
1113 2647 1171 2678 Gr.
1191 2647 1338 2686 μηλῦσαι.

877 2692 1057 2733 Specimen,
1086 2690 1291 2731 exemplum.
1323 2690 1404 2731 Leg.
1442 2689 1490 2720 iii.
1528 2691 1560 2720 3.

833 2737 953 2767 ceteris
968 2736 1127 2776 specimen
1142 2738 1223 2765 esto.
1249 2734 1315 2765 Pis.
1326 2738 1379 2770 39.
1401 2734 1561 2775 specimen

833 2780 1047 2812 innocentiae.
1071 2778 1171 2809 Tusc.
1188 2779 1210 2808 i.
1234 2780 1286 2809 14.
1310 2788 1391 2809 num
1414 2777 1561 2813 dubitas,

834 2824 914 2864 quin
940 2824 1097 2864 spec-lmen
1123 2822 1256 2853 virtutis
1278 2823 1353 2863 capi
1376 2821 1497 2852 debeat
1522 2828 1561 2849 ex

834 2867 963 2942 opml‘m
973 2875 1105 2909 quaque
1120 2866 1265 2898 natura?

879 2919 898 2941 r
