1804 3178
606 92 751 123 mnnx
782 94 1074 126 LATffll'rArrs.

141 175 274 221 quaae,
290 180 324 212 in
340 180 461 212 bonam
485 184 614 222 partem
639 186 691 212 est
717 191 817 222 appe-

95 225 186 262 tens,
203 223 362 255 alliciens.
387 224 467 256 Lael.
490 227 536 255 14.
562 223 646 255 nihil
670 227 822 267 rapacius

96 266 258 298 similium
274 269 339 306 sui,
355 278 454 308 quam
471 273 604 298 natura.

139 309 280 351 Rapere.
304 311 408 342 Attio.
424 321 454 341 v.
470 313 523 341 91.
540 311 630 350 rapit
646 309 818 341 hominem

95 352 287 385 Postumius
311 354 473 385 Romam:
503 354 566 384 int.
598 354 631 384 in
655 355 724 394 jus.
750 355 817 385 Pin.

91 397 140 428 iii.
153 401 183 429 5.
199 399 279 438 ipse
290 407 342 428 res
353 397 452 428 verba
466 398 600 436 rapiunt
611 410 620 427 .-
633 396 665 428 h.
678 408 706 427 e.
719 399 818 429 verba

95 446 216 480 sponte
245 445 426 471 occurrunt
457 450 534 470 cum
565 441 672 471 rebus.
705 441 816 471 Plane.

99 486 148 515 1¹2.
171 488 304 524 raptam
316 494 386 514 esse
403 484 575 514 mimulam
589 497 595 514 z
621 486 682 515 int.
697 484 736 515 de
747 495 817 515 sce-

92 536 146 558 na.

138 570 298 612 Rapiat-e.
323 571 417 601 Sext.
442 572 494 606 69.
520 576 654 611 raptata
681 572 815 611 conjux,

94 622 141 644 nc.
156 623 234 644 cum
251 614 443 653 ignominiae
459 625 559 645 causa
574 615 753 645 duceretur
775 615 817 645 ml

90 656 242 688 tabulam
268 656 449 697 Valeriam,
477 665 516 689 ut
539 658 653 689 scribit
679 658 720 689 ad
737 659 812 689 Div.

90 700 157 731 xiv.
170 701 201 731 2.

134 743 255 782 Raeus,
271 749 392 775 certus,
415 744 498 784 Top.
518 747 567 775 1-1.
590 749 666 774 rata
681 744 815 775 conclu-

89 786 151 818 sio.
186 787 256 818 Pin.
291 789 324 818 ii.
361 792 392 823 7.
427 786 508 826 δέξας
539 789 682 818 maxime
712 793 815 818 ratas.

84 829 222 862 ⁰Tusc.
238 831 259 861 i.
275 834 328 865 39.
353 842 412 872 pro
436 836 512 861 ruta
535 837 643 873 parte,
666 841 725 872 pro
749 842 814 871 quo

85 879 123 905 et
137 874 262 905 dicitur
276 884 335 915 pro
351 875 513 915 portione.

133 917 242 949 Ratio.
266 917 337 948 lnv.
355 919 376 948 i.
397 920 446 948 19.
470 918 694 948 controversia
709 918 741 948 in
758 928 814 948 ra-

87 962 186 998 tione,
201 962 384 1002 opponitur
398 962 441 998 ei,
457 971 531 1001 quae
548 967 597 991 est
624 962 656 991 in
678 962 812 1001 scripto.

85 1004 107 1024 ⁸
123 1014 188 1042 ars,
213 1005 364 1035 seientia.
389 1004 458 1035 Inv.
489 1006 509 1035 i.
534 1008 564 1035 5.
588 1004 690 1035 civilis
717 1007 811 1035 ratio.

85 1047 186 1079 Arch.
206 1050 234 1079 l.
269 1048 296 1078 si
323 1048 357 1078 in
374 1058 427 1078 me
444 1054 493 1078 est
510 1048 647 1086 hujusce
664 1049 710 1078 rei
727 1050 812 1079 ratio

86 1090 209 1131 aliqua.
232 1091 328 1122 Brut.
344 1095 396 1126 74.
421 1101 486 1122 non
511 1091 576 1122 fuit
601 1093 736 1122 rationis
752 1098 811 1122 aut

86 1135 248 1166 scientiae.
276 1136 309 1165 in
334 1135 445 1165 Caecil.
479 1138 525 1166 11.
549 1134 660 1174 aliqua
676 1135 709 1165 in
725 1135 809 1173 foro,

78 1178 232 1218 judiciis,
248 1179 388 1217 legibus,
406 1183 465 1209 aut
486 1180 583 1216 ratio,
613 1184 671 1209 aut
687 1180 812 1209 exerei-

83 1222 180 1253 tatio.
203 1222 246 1252 ef.
265 1222 335 1252 Fin.
350 1223 391 1252 iv.
416 1229 500 1252 extr.
523 1222 542 1240 ὗ
555 1221 744 1259 methodus,
761 1231 811 1253 re-

86 1265 186 1305 gulae.
210 1265 280 1296 fin.
303 1275 334 1296 v.
358 1269 389 1296 4.
414 1266 598 1296 necessaria
623 1265 809 1296 mathema-

82 1310 227 1340 ticon-um
257 1311 383 1340 ratione
398 1309 609 1340 concludere.
637 1309 702 1340 Off.
725 1310 746 1339 i.
775 1311 806 1340 2.

83 1362 158 1392 quae
173 1363 194 1384 a
205 1355 333 1384 ratione
342 1353 523 1394 suscipitur
535 1353 716 1383 institutio.
734 1352 806 1383 Pin.

81 1396 105 1427 i.
123 1400 155 1432 9.
179 1398 306 1428 ratione
321 1401 356 1426 et
371 1396 434 1426 via.
458 1396 536 1426 Nat.
555 1397 597 1427 D.
613 1396 647 1426 ii.
667 1396 716 1427 16.
750 1406 809 1426 ra-

81 1441 215 1471 tioneet
240 1450 381 1470 numero
407 1439 543 1470 moveri.
565 1439 661 1470 Brut.
685 1443 739 1473 37.
764 1439 807 1470 ad

81 1484 243 1515 rationem
259 1483 402 1523 dirigere
417 1484 540 1513 omnia.
558 1483 637 1514 ibid.
654 1485 707 1518 74.
723 1484 806 1513 rati·

81 1535 175 1558 onem
204 1525 371 1557 adhibere.
408 1527 428 1545 θ
442 1527 624 1557 artificium
661 1525 805 1565 aliquod.

81 1570 160 1610 Agr.
180 1570 215 1610 ii.
238 1573 270 1605 7.
302 1570 391 1610 quod
417 1579 476 1611 per
499 1570 704 1600 caerimonias
729 1579 807 1611 pop.

79 1614 153 1645 fieri
167 1623 235 1645 non
262 1615 387 1654 potuit,
410 1615 536 1652 ratione
557 1617 728 1644 assecutus
745 1619 807 1644 est.

79 1657 100 1675 ¹*
113 1658 304 1689 sententie.
328 1656 446 1688 Manil.
467 1660 516 1691 17.
547 1657 588 1687 ab
604 1656 666 1687 hae
682 1659 808 1688 ratiaeme

80 1701 297 1732 dissentiunt.
328 1700 400 1731 Fin.
415 1710 445 1730 v.
463 1702 492 1732 5.
525 1702 610 1731 ratio
635 1700 808 1731 delicatior

79 1754 119 1775 ae
134 1744 276 1775 mollior.
292 1743 495 1784 ‘disciplina
505 1743 691 1784 philosophi
703 1743 806 1775 alieu-

72 1788 142 1828 jus.
160 1787 264 1819 Fin.i.
277 1792 308 1830 9.
327 1787 464 1828 Epicuri
476 1789 570 1818 ratio.
589 1787 804 1818 *consilium

78 1831 155 1863 Act.
180 1832 201 1862 i.
225 1832 260 1862 in
283 1831 376 1862 Verr.
405 1834 454 1862 11.
481 1835 541 1862 tua
563 1832 648 1862 ratio
670 1834 730 1862 est.
761 1831 804 1862 ad

78 1875 153 1906 Div.
167 1875 215 1909 iii.
227 1877 259 1906 5.
281 1878 343 1906 tua
357 1876 442 1906 ratio
457 1879 573 1915 postea
587 1879 638 1905 est
654 1884 804 1905 commu-

78 1923 163 1950 tata.
178 1918 198 1937 ⁸
213 1918 439 1950 commodum.
455 1918 550 1959 Quir.
566 1918 648 1959 p.R.
666 1921 692 1948 l.
705 1918 731 1948 si
747 1929 802 1949 ra-

78 1964 177 1993 tiones
187 1971 278 1993 meas
291 1965 406 1992 vestrm
417 1961 517 1992 saluti
528 1962 802 2002 anteposuissem.

78 2006 153 2036 Act.
168 2006 190 2036 i.
214 2004 308 2036 Verr.
320 2010 350 2040 9.
374 2007 460 2036 ratio
472 2015 537 2035 non
553 2011 637 2042 erat,
650 2015 721 2045 pro,
734 2014 802 2036 non

79 2054 153 2080 erat
166 2058 186 2083 e
203 2058 238 2079 re
254 2059 339 2080 mea.
354 2050 373 2068 *
390 2049 528 2089 ponitur
543 2053 577 2078 et
593 2058 653 2089 pro
669 2058 703 2078 re
719 2049 801 2089 ipsa.

77 2090 150 2125 lnv.
172 2093 194 2123 i.
225 2095 251 2123 1.
273 2094 357 2123 ratio
378 2093 461 2133 ipsa.
486 2092 609 2123 Caecin.
626 2094 657 2122 3.
680 2102 740 2132 per
764 2093 803 2122 fi-

52 2136 55 2141 '
77 2135 185 2167 duciae
197 2137 357 2167 rationem
379 2135 543 2166 fraudare.
555 2135 647 2166 Verr.
665 2135 687 2166 i.
699 2137 730 2166 2.
746 2145 801 2165 ve-

76 2179 186 2215 ritatis
215 2181 310 2211 ratio.
334 2180 354 2198 ²
369 2180 506 2220 species.
539 2179 633 2209 Verr.
665 2179 712 2209 iii.
748 2182 800 2210 85.

75 2232 177 2262 quam
193 2225 353 2254 rationem
370 2223 482 2260 habet,
495 2232 560 2253 non
574 2231 687 2261 quaero
698 2223 801 2262 aequi-

75 2267 170 2305 tatis,
196 2267 255 2297 sed
280 2267 515 2307 improbitatis.
538 2266 557 2284 *
573 2266 652 2297 Nat.
678 2265 722 2297 D.
754 2266 801 2297 iii.

75 2311 130 2344 27.
152 2312 238 2341 ratio
265 2311 372 2341 bona:
414 2310 436 2340 i.
451 2320 480 2340 e.
498 2319 589 2340 sana.
612 2308 739 2340 ‘Ver-r.
765 2310 800 2340 ii.

74 2356 129 2388 70.
152 2363 187 2384 re
203 2363 242 2384 ac
262 2355 388 2388 ratione
410 2354 624 2393 conjunctus,
640 2351 680 2383 de
703 2353 802 2384 sociis

74 2397 111 2428 in
137 2398 364 2438 negotiatione
388 2396 511 2436 aliqua,
529 2395 579 2426 vel
593 2396 634 2426 de
659 2396 802 2427 credito-

76 2449 111 2471 re
137 2450 176 2472 ae
193 2442 356 2479 debitore,
367 2446 406 2471 ut
426 2439 509 2471 Sull.
527 2441 580 2471 20.
603 2448 727 2478 magna
741 2450 796 2470 ra-

73 2484 158 2515 tione
172 2495 250 2515 cum
275 2484 489 2516 Mauritaniae
513 2491 589 2523 rege
616 2487 799 2514 eontracta.

72 2526 93 2545 ⁰
108 2527 269 2559 addamus
289 2526 450 2567 formulas
472 2526 645 2566 quasdam.
668 2525 752 2556 Suu.
767 2530 799 2557 3.

73 2571 126 2601 sin
143 2576 195 2603 est
209 2572 244 2602 in
261 2580 314 2602 me
337 2572 424 2602 ratio
446 2569 655 2610 reipublicae:
681 2569 703 2600 i.
724 2579 753 2600 e.
769 2570 796 2600 si

74 2613 182 2645 habeo
209 2615 282 2655 ejus
307 2616 477 2646 rationem.
504 2613 547 2644 ad
572 2613 650 2643 Div.
674 2613 718 2643 xi.
749 2615 797 2643 14.

73 2658 226 2697 pecuniae
250 2660 335 2689 racio
350 2658 526 2688 habebitur
542 2669 548 2687 ε
573 2655 606 2686 h.
623 2665 652 2686 e.
669 2656 798 2686 curabi-

72 2704 142 2738 tur,
158 2707 198 2732 ut
213 2701 324 2733 detur.
347 2702 388 2732 ad
403 2702 474 2732 Au.
491 2701 546 2730 vii.
559 2704 590 2734 9.
613 2699 726 2730 haberi
742 2708 798 2729 eo-

72 2743 171 2775 mitia
184 2744 257 2774 sine
272 2744 361 2776 illius
376 2746 511 2781 ratione,
527 2744 548 2774 i.
564 2753 594 2772 e.
610 2747 647 2772 ut
659 2743 730 2781 ejus
747 2751 798 2772 ra-

71 2786 122 2817 tio
138 2795 205 2818 non
223 2787 394 2819 habeatur.
421 2788 501 2819 Nat.
516 2787 559 2818 D.
580 2786 625 2816 iii.
641 2787 694 2819 29.
718 2785 798 2816 levi-

71 2832 160 2869 tates
179 2831 315 2862 comicoe
336 2841 500 2872 parumne
523 2831 557 2860 in
580 2831 705 2860 ratione
726 2837 799 2859 ver-

71 2875 190 2904 santur
205 2885 214 2904 ς
239 2874 272 2907 h.
288 2884 317 2905 e.
333 2874 492 2906 adhibent
506 2874 674 2905 rationem.
703 2871 797 2904 Vcrr.

1503 96 1586 134 ⁴05

860 182 882 212 i·
898 183 950 231 21}-
973 188 1024 214 ett
1049 184 1158 225 aliqua
1189 188 1235 219 rei
1259 191 1353 221 meio.
1375 191 1451 223 ibid.
1477 194 1510 224 ii.
1531 196 1582 226 11.

862 229 1020 256 raemnem
1036 228 1170 260 reddere
1181 230 1223 271 de,
1236 233 1356 272 aliquo.
1379 234 1472 266 Vcrr.
1485 246 1514 267 v.
1525 238 1580 268 2⁴.

862 271 1020 319 rationem
1051 271 1170 302 referre
1201 274 1310 306 alicui.
1340 277 1396 309 ubi
1431 279 1578 311 Gravius

861 319 997 350 corrigit
1015 315 1162 345 rationes.

905 355 1171 389 leaeiocinaeivus.
1197 359 1323 392 invent.
1342 364 1361 393 i.
1376 367 1425 395 13.

904 398 1165 432 Ησαιὶιιεσιιιωη.
1188 402 1258 433 Ait.
1284 405 1324 434 iv.
1342 409 1370 436 8.
1394 408 1435 437 vi.
1461 410 1491 438 8.
1522 409 1579 439 vii.

860 443 890 472 2.
930 443 994 472 xiv.
1030 447 1078 474 14.
1115 449 1166 475 est
1196 446 1381 485 paullulum
1416 453 1578 489 pecuniae.

861 485 994 525 Proprie
1019 494 1069 517 est
1087 488 1249 527 particula
1272 492 1358 528 uri-is,
1380 493 1522 531 pondere
1539 494 1578 525 li-

859 528 953 558 bellae
985 540 1011 560 s.
1043 532 1135 568 assis,
1166 532 1254 562 unde.
1291 533 1330 563 iis
1360 537 1578 575 temporibus,

859 582 924 611 qno
947 583 1012 604 oere
1038 575 1111 604 rudi
1139 575 1332 614 utebantur,
1363 579 1441 607 assis
1467 578 1575 610 locum

860 616 1018 647 obtinuit.
1041 618 1179 649 Salmas.
1211 619 1298 649 mod.
1326 620 1424 650 usur.
1459 631 1490 661 p.
1521 624 1576 653 26.

856 658 929 689 val.
947 659 994 690 M.
1006 670 1036 690 v.
1053 662 1084 692 6.
1102 663 1132 692 3.
1155 661 1235 692 olim
1250 672 1316 693 aera
1334 663 1473 694 raudera
1492 664 1580 694 dice-

859 701 991 733 bantur.
1008 704 1061 734 ubi
1075 715 1102 734 v.
1122 705 1215 743 Pigh.
1231 711 1265 735 et
1282 707 1425 746 reliquos
1443 707 1525 738 Intt.

903 746 1070 777 Recedere.
1100 748 1217 788 Quint.
1248 752 1296 779 11.
1329 750 1445 781 recedit
1462 761 1512 781 res
1538 752 1579 782 ab

857 797 917 819 eo:
943 789 976 820 h.
994 800 1022 820 e.
1039 790 1141 821 alium
1170 802 1388 832 possessorem
1416 795 1580 825 nancisci-

857 836 923 864 tur.
941 833 983 864 ad
998 834 1074 864 Div.
1093 835 1159 865 viii.
1179 838 1226 866 14.
1245 836 1437 873 conjunctio
1453 847 1519 868 non
1536 837 1578 869 ad

855 876 1022 906 occultam
1054 878 1171 909 recedit
1200 879 1491 918 obtrectationem,
1521 880 1581 913 sed

859 919 899 949 ad
917 919 1039 950 brliuin
1056 931 1090 951 se
1106 923 1262 962 erumpit.

899 962 1032 993 Recens.
1071 964 1112 994 ad
1135 965 1211 995 Div.
1235 966 1279 996 xi.
1301 967 1354 997 91.
1393 976 1443 997 res
1467 976 1577 998 recens

856 1014 950 1036 nova.
967 1017 995 1036 v.
1021 1007 1153 1038 Manut.
1176 1008 1195 1026 ‘
1213 1007 1292 1039 Her.
1311 1009 1344 1040 ii.
1360 1013 1390 1044 7.
1422 1012 1579 1042 recentior

854 1050 888 1078 in
907 1049 1028 1080 dolore.

897 1091 1058 1131 Recensio,
1075 1099 1126 1124 est
1140 1104 1326 1130 censorum.
1341 1096 1413 1127 Mil.
1429 1099 1481 1131 27.

897 1135 1062 1176 Receptus.
1086 1138 1144 1168 Or.
1160 1139 1194 1168 ii.
1211 1140 1264 1170 24.
1294 1140 1459 1178 quomodo
1484 1139 1576 1172 diffe-

853 1182 905 1209 rat
921 1189 940 1209 a
955 1185 1143 1219 susceptus,
1161 1191 1190 1211 v.
1208 1182 1242 1211 in
1254 1182 1411 1222 recipere.

895 1222 1087 1263 Recepeaeor
1102 1223 1203 1255 locus.
1228 1224 1345 1255 Milon.
1365 1227 1413 1261 19.

898 1266 1060 1297 necessus.
1082 1266 1183 1297 Tusc.
1201 1269 1242 1298 iv.
1269 1272 1300 1302 7.
1323 1279 1479 1300 recessum
1506 1270 1578 1301 ani-

853 1310 897 1339 mi
914 1314 948 1340 et
971 1311 1084 1350 fugam
1109 1311 1210 1341 efficit
1227 1318 1348 1341 metuS.
1372 1312 1411 1343 ad
1436 1313 1513 1343 Div.
1530 1314 1575 1344 ix.

857 1356 904 1384 14.
928 1357 1003 1384 tuin
1029 1364 1178 1385 accessus
1199 1354 1241 1385 ad
1265 1365 1413 1394 causam,
1429 1361 1504 1387 tum
1526 1367 1578 1388 re·

852 1406 965 1428 cess-us.

894 1440 1059 1478 Recidere,
1072 1441 1256 1472 concidere.
1280 1440 1438 1477 Brut.9l.
1463 1443 1577 1475 recidit

850 1483 956 1514 nimia
971 1484 1059 1514 voeis
1075 1485 1258 1516 contentio.

895 1526 1101 1567 Reciperare.
1121 1528 1162 1558 ad
1174 1528 1250 1559 Div.
1267 1529 1307 1560 vi.
1323 1531 1372 1560 lo.
1387 1529 1443 1560 xii.
1460 1532 1491 1562 2.
1515 1539 1577 1560 an-

848 1570 941 1610 tique
958 1581 1016 1611 pro
1030 1580 1233 1612 recuperare.

897 1613 1058 1654 Recipere.
1081 1615 1116 1644 in
1143 1615 1254 1645 Caeeil.
1281 1618 1311 1646 8.
1335 1617 1474 1657 recipere
1497 1626 1575 1647 eau-

850 1667 934 1695 sam,
950 1658 1072 1688 dicitur
1088 1658 1127 1687 de
1144 1668 1196 1696 eo,
1213 1658 1266 1688 eui
1289 1658 1400 1690 oblata
1415 1663 1474 1690 est.
1497 1661 1575 1691 Sus-

850 1701 943 1742 cipit,
960 1701 1015 1740 qui
1041 1709 1159 1741 sponte
1187 1711 1260 1732 eam
1288 1712 1386 1742 agere
1410 1703 1572 1734 instituit.

849 1743 943 1775 Balb.
965 1747 1011 1775 14.
1035 1746 1174 1785 recipere
1190 1745 1224 1775 in
1237 1746 1385 1775 civitate.
1408 1746 1428 1765 ³
1444 1747 1573 1786 accipe-

848 1797 894 1818 re.
918 1787 1015 1818 Rosc.
1032 1787 1068 1818 C.
1087 1790 1118 1819 8.
1144 1788 1171 1818 si
1194 1789 1337 1829 recipere
1350 1789 1409 1819 hos
1426 1793 1572 1829 quaestu·

847 1840 970 1872 posses.
993 1831 1105 1862 Rabir.
1122 1831 1209 1862 Post.
1225 1834 1256 1863 4.
1285 1842 1346 1862 nec
1369 1843 1409 1863 ex
1426 1834 1497 1872 ejus
1513 1833 1571 1863 bo-

848 1875 911 1912 ni5‚
928 1877 1053 1914 quanta
1070 1884 1203 1905 summa
1217 1874 1328 1905 litium
1345 1875 1474 1913 fuisset,
1489 1877 1572 1906 reci-

840 1919 879 1958 pi
902 1928 922 1948 a
937 1918 1070 1959 populo.
1097 1918 1171 1949 add.
1192 1918 1294 1948 Gron.
1316 1918 1356 1949 ad
1382 1919 1450 1950 Liv.
1473 1919 1495 1949 i.
1514 1921 1567 1950 53.

846 1962 864 1980 ¹*
880 1961 940 1992 Est
955 1968 990 1992 et
1005 1962 1140 1992 verbum
1156 1961 1297 1992 forense.
1343 1962 1429 1992 Nam
1446 1966 1569 2003 praetor

845 2006 986 2046 recipere
1010 2014 1134 2035 nomen
1161 2005 1296 2043 dicitur,
1313 2015 1389 2035 cum
1416 2005 1565 2037 delatum

843 2048 885 2078 ab
901 2048 1011 2088 aliquo
1035 2049 1069 2079 in
1095 2058 1272 2079 numerum
1299 2058 1431 2079 reorum
1455 2048 1568 2080 refert.

843 2092 884 2122 ad
907 2092 983 2123 Div.
1000 2092 1066 2122 viii.
1093 2095 1123 2123 Β.
1146 2091 1165 2111 ¹*
1180 2091 1214 2121 in
1231 2091 1421 2122 venditione
1444 2092 1568 2124 dieitur

843 2145 903 2176 pro
918 2140 1074 2176 praestare
1090 2134 1225 2175 aliquid.
1241 2136 1298 2164 Or.
1316 2135 1336 2164 i.
1353 2138 1406 2168 39.
1421 2133 1563 2174 lumina,

842 2179 892 2209 uti
914 2184 986 2209 tum
1010 2183 1133 2214 essent,
1157 2179 1205 2208 ita
1225 2179 1352 2218 recepit.
1377 2179 1396 2196 ‘⁶
1412 2180 1563 2219 excipere

841 2223 876 2252 in
903 2222 1105 2253 venditione.
1129 2221 1214 2261 Top.
1243 2221 1303 2251 ult.
1333 2221 1564 2252 venditores—

842 2266 926 2296 rntis
941 2266 1033 2296 eoesis
1059 2266 1203 2305 receptis,
1229 2264 1418 2295 concedunt
1445 2270 1562 2299 tamen

841 2308 966 2348 aliquid
992 2309 1110 2339 emtori
1134 2309 1193 2338 &e.
1219 2318 1318 2346 quam
1345 2309 1563 2347 significatio-

843 2362 918 2382 nem
932 2352 1062 2392 egregie
1080 2351 1255 2382 illustravit
1268 2351 1369 2381 Gron.
1387 2351 1427 2382 ad
1442 2351 1560 2386 Senee.

843 2395 943 2426 cons.
959 2396 1000 2425 ad
1017 2396 1119 2425 Mare.
1136 2405 1165 2424 c.
1186 2397 1234 2425 10.
1258 2394 1300 2424 cf.
1322 2394 1466 2425 Gellium
1485 2396 1562 2427 xvii.

847 2442 894 2470 11.
910 2439 928 2457 ⁸
945 2438 1143 2478 gladiatores
1158 2439 1296 2478 recipere
1306 2437 1428 2470 ferrum
1445 2438 1563 2470 dieun-

841 2487 910 2520 tur,
927 2491 1003 2512 eum
1020 2491 1054 2512 se
1073 2481 1222 2520 jugulari
1248 2481 1288 2511 ab
1304 2481 1488 2514 adversario
1502 2492 1560 2524 pa-

841 2527 984 2557 tiuntur.
1008 2526 1097 2555 Sext.
1110 2528 1162 2558 37.
1184 2524 1283 2555 Tusc.
1298 2525 1332 2554 ii.
1351 2528 1399 2559 17.

886 2568 1108 2608 Reciprocare,
1134 2568 1169 2597 in
1195 2567 1376 2598 dialecticis
1396 2571 1459 2606 est,
1482 2577 1560 2598 eon-

839 2618 967 2643 vertere
997 2611 1281 2642 enunciationem.
1318 2611 1393 2642 Div.
1423 2612 1446 2642 i.
1477 2611 1508 2643 6.
1532 2612 1559 2643 si

841 2654 974 2695 quidem
992 2655 1056 2685 ista
1070 2655 1116 2684 sie
1132 2655 1386 2694 reciprocantur.

886 2698 1084 2737 Recogieare.
1106 2698 1148 2739 Ω.
1175 2697 1226 2728 Pr.
1256 2697 1291 2728 ii.
1318 2699 1349 2728 9.
1380 2698 1560 2737 recogitare

840 2741 879 2772 de
896 2751 930 2771 re
946 2741 1067 2780 aliqua.

885 2784 1078 2824 Rea-agnitio,
1101 2783 1298 2821 recordatio,
1325 2793 1398 2823 quoe
1427 2784 1467 2814 fit
1496 2782 1560 2813 alio

842 2835 1012 2864 narrante,
1030 2831 1248 2858 monstrante.
1272 2827 1364 2858 Verr.
1391 2828 1432 2857 iv.
1449 2829 1500 2859 50.
1523 2826 1560 2859 iu

838 2871 1052 2910 recognitione
1065 2871 1230 2904 scelerum
1243 2879 1391 2902 tuorum.

895 2923 916 2945 o
933 2914 953 2946 d
969 2917 988 2946 3
