1790 3219
134 64 222 104 450

186 160 462 201 Tabernaculnm,
488 162 617 196 itineris
639 175 741 197 causa
763 166 874 197 taber-

146 205 269 237 nacula
284 209 533 247 comparantur,
549 211 602 246 ut,
623 209 678 239 ubi
705 210 884 240 deversori-

145 259 206 280 um
218 259 285 280 non
303 253 365 288 est,
375 256 434 280 aut
449 251 527 282 urbs
543 253 666 292 attingi
678 263 745 283 non
762 259 885 294 potest,

151 293 213 323 &c.
232 294 265 323 in
291 295 344 324 via
359 299 461 325 noctu
478 295 511 324 in
534 295 572 325 iis
591 306 724 326 manere
742 299 883 337 possint,

148 337 205 376 qui
225 347 296 367 mos
313 342 363 367 est
379 339 649 377 antiquissimus:
675 340 763 370 unde
780 342 884 371 taber-

145 382 268 411 nacula
284 381 416 421 publice
435 382 549 413 Romae
564 383 729 413 dabantur
753 383 882 423 legatis,

145 424 400 463 magistratibus
423 426 457 455 in
481 427 665 466 provincias
693 427 799 457 ituris.
820 428 882 457 vid.

145 467 254 497 Periz.
271 468 312 498 ad
338 468 461 500 AElian.
484 470 524 499 iv.
558 473 585 500 1.
614 475 644 504 9.
670 470 740 500 Att.
767 481 797 500 v.
833 472 881 500 16.

145 510 263 541 multis
278 511 358 542 locis
375 522 416 542 ne
432 517 559 543 tectum
582 513 716 553 quidem
740 514 880 553 accipio,

145 559 181 583 et
219 555 253 584 in
284 556 491 586 tabernaculo
521 566 639 586 manco
672 556 880 596 plerumque.

144 597 262 636 Agrar.
279 599 316 631 ii.
334 603 382 630 13.
407 600 524 629 deinde
541 605 638 630 ornat
665 600 879 630 Decemviros

145 642 376 680 tabernaculis,
393 643 566 679 centuriis,
583 643 795 683 supellectili.
813 644 831 661 *ι
845 644 879 674 in

146 686 264 715 castris
280 687 380 716 etiarn
397 686 519 723 solent,
536 691 573 715 ut
600 692 718 716 notum
735 691 799 725 est,
817 688 878 718 mi-

141 727 219 758 lites
235 730 268 758 in
292 729 514 759 tabernaculis
530 740 613 767 esse,
638 730 727 760 unde
743 730 877 770 elegans

143 771 227 802 illud
241 772 274 802 in
292 772 385 803 Brut.
401 777 432 807 9.
452 773 491 802 de
509 773 683 804 Demetrio
699 774 875 805 Phalereo:

141 816 302 855 processit
319 816 408 847 enim
432 826 498 846 nou
523 821 559 846 ut
576 827 595 847 a
619 818 755 848 militari
772 819 876 848 taber·

138 861 268 896 nac-nlo,
285 859 342 889 sed
368 864 404 889 ut
421 870 438 889 e
455 860 483 890 T
486 860 675 901 heophrasti
699 862 876 892 umbracu-

138 901 178 932 lis
194 915 200 932 ε
226 902 258 932 h.
272 912 300 933 e.
319 913 382 933 non
401 904 433 933 in
451 905 557 933 causis
568 905 754 935 forensibus
767 915 875 935 versa-

137 949 193 975 tus
211 949 273 983 est,
287 946 326 976 de
340 947 458 985 quibus
475 948 578 977 etiam
595 948 702 988 pulvis
715 954 749 978 et
760 948 808 978 sol
826 949 874 979 di-

137 989 238 1026 citur,
254 990 310 1020 sed
328 991 362 1020 in
376 990 646 1031 philosophorum
664 992 780 1022 subtili
795 993 874 1022 rati-

135 1041 199 1062 one
213 1038 247 1062 et
263 1033 341 1063 leni.
367 1034 408 1064 cf.
424 1036 553 1064 umbra.
572 1035 690 1075 pulvis.
725 1036 743 1054 *ἓ
768 1037 871 1066 taber·

135 1079 293 1107 naculum
318 1087 414 1117 porro
434 1082 485 1108 est
503 1079 606 1108 etiam
623 1080 870 1120 auspicantium

134 1126 213 1150 ante
230 1121 345 1150 urbem
365 1129 467 1151 noctu
480 1122 515 1151 in
526 1123 664 1162 templo.
683 1134 712 1153 v.
725 1133 870 1163 surgere.

127 1162 209 1199 DiV.
235 1164 256 1193 i.
281 1167 330 1198 17.
354 1175 430 1194 cum
459 1167 706 1197 tabernac-ulum
723 1167 802 1197 vitio
818 1177 871 1197 ce-

133 1207 237 1246 pisset
265 1208 469 1248 imprudens.
492 1210 571 1240 ibid.
591 1210 625 1240 ii.
642 1213 694 1241 35.
719 1212 870 1242 taberna-

132 1252 246 1280 culum
285 1255 374 1284 recte
412 1260 561 1292 captum.
588 1253 650 1283 hoc
687 1254 783 1293 quale
812 1256 868 1292 sit,

131 1294 323 1325 ostenditur
339 1296 417 1326 ibid.
443 1297 519 1326 Div.
536 1297 556 1326 i.
587 1300 635 1331 17.
652 1297 740 1336 quod
755 1299 869 1329 inaus—

130 1338 242 1377 picato
279 1341 478 1378 pomoerium
516 1345 741 1380 transgressus
780 1348 869 1373 esset

130 1381 267 1412 Consul.
283 1382 540 1423 *Metaphorice
557 1383 729 1423 eleganter
743 1390 792 1415 est
809 1387 866 1416 Or.

128 1424 176 1454 iii.
209 1428 261 1457 520.
301 1426 461 1457 collocare
499 1428 750 1459 tabernaculum
788 1430 867 1460 vitae

128 1477 199 1498 suae
215 1469 250 1499 in
267 1469 485 1511 philosophia.

173 1511 407 1544 Tabernarz'us.
427 1525 549 1545 nomen
571 1516 730 1555 opificum
754 1520 787 1547 et
810 1528 864 1548 eo-

128 1565 217 1594 rum,
254 1558 310 1596 qui
345 1558 379 1588 in
415 1559 562 1589 tabernis
592 1570 730 1597 merces,
761 1561 863 1599 cibos,

126 1599 257 1638 vinum,
281 1601 341 1631 ἃς.
371 1602 502 1632 venales
528 1602 666 1641 habent,
696 1605 753 1643 qui
783 1611 864 1635 suut

126 1642 167 1672 de
203 1644 321 1674 infima
357 1644 453 1685 plebe
491 1646 653 1677 homines.
697 1647 738 1677 ad
784 1649 861 1680 Div.

125 1686 192 1716 viii.
216 1687 247 1717 6.
274 1688 335 1718 nisi
364 1699 441 1719 cum
472 1691 669 1720 tabernariis
695 1696 730 1722 et
762 1702 863 1731 aqua-

123 1730 180 1759 riis
214 1740 410 1770 pugnarem.
449 1734 505 1763 ubi
539 1735 713 1765 Manutius
747 1735 788 1765 de
823 1737 861 1766 iis

123 1777 259 1804 tantum
295 1777 367 1815 capi
402 1776 486 1814 vult,
518 1778 552 1807 in
576 1789 715 1817 quorum
752 1779 861 1809 taber-

125 1826 184 1847 nas
202 1817 353 1848 homines
371 1820 434 1850 cibi
450 1822 557 1859 gratia
574 1823 735 1861 veniunt,
760 1833 860 1861 quem

122 1861 197 1890 vide
227 1862 338 1892 Domo
368 1866 398 1894 5.
427 1864 560 1903 Sergius
592 1867 779 1896 concitator
809 1872 859 1897 m-

123 1905 358 1936 bernariorum.
386 1917 416 1937 v.
442 1908 592 1938 taberna.
611 1909 718 1940 Flac-c.
743 1913 772 1941 8.
789 1911 858 1951 opi-

121 1947 199 1979 fices
229 1954 264 1979 et
293 1951 504 1989 tabernarios,
533 1956 632 1991 atque
664 1953 757 1984 illam
788 1965 858 1984 om-

121 2000 198 2021 nem
221 1992 328 2023 fccem
357 1995 544 2033 civitatum,
563 1996 642 2035 quid
666 2002 717 2028 est
733 1999 858 2038 negotii

123 2036 302 2067 concitare.

166 2079 348 2111 Tabescere.
373 2082 472 2114 Catil.
489 2083 523 2113 ii.
540 2086 571 2114 4.
597 2084 756 2114 tabescere
772 2085 856 2116 desi-

118 2121 220 2152 derio.
244 2123 314 2155 Att.
330 2125 378 2155 iii.
394 2127 447 2156 ⁶25.
471 2127 506 2156 in
524 2127 584 2156 hac
601 2127 856 2160 calamitatem-

119 2166 304 2198 bescendum
328 2173 390 2199 est.
423 2170 502 2201 Nat.
529 2170 572 2201 D.
597 2171 631 2200 ii.
662 2175 711 2202 10.
735 2172 856 2203 humor

115 2209 261 2241 tabescit
273 2211 392 2242 calore.
410 2213 432 2242 i.
449 2223 476 2243 e.
493 2214 636 2252 liquefit.
659 2215 730 2246 Att.
751 2216 785 2246 ii.
805 2220 853 2248 14.

119 2253 239 2291 otium,
256 2265 322 2293 quo
339 2265 429 2286 nunc
446 2258 646 2288 tabescimus.

168 2296 342 2337 Tabg‘ficus.
379 2300 517 2330 Tuscul.
549 2302 592 2331 iv.
626 2303 677 2333 16.
716 2303 853 2343 tabg'fi'coe

116 2341 238 2370 mentis
256 2343 534 2380 perturbationes.

159 2382 299 2422 Tabula,
316 2396 414 2416 omne
432 2397 537 2426 genus
561 2389 792 2427 instrumenti,
809 2391 852 2421 si-

112 2435 151 2454 ve
167 2436 207 2456 ex
231 2437 295 2458 aere
311 2429 405 2468 facti,
422 2431 489 2460 sive
507 2432 622 2469 cerati,
640 2433 674 2462 in
698 2443 763 2472 quo
792 2434 851 2465 ali-

113 2470 194 2508 quid
213 2472 392 2512 scrihitur3
421 2475 639 2515 (quamquam
667 2475 740 2506 Liv.
757 2478 778 2507 i.
796 2480 848 2509 ⁶24.

113 2513 262 2543 tabulam
275 2519 309 2545 et
326 2526 433 2547 ceram
451 2518 644 2558 distinguit,
656 2525 689 2550 et
705 2520 745 2550 de
762 2531 851 2552 aene—

110 2556 138 2585 is
154 2560 288 2587 tantum
313 2559 418 2597 dicit.)
438 2566 472 2591 et
498 2563 566 2601 ipse
587 2563 702 2593 Cicero
718 2565 752 2593 in
770 2564 850 2595 Ver-

108 2600 191 2629 riuis
214 2609 301 2640 saepe
319 2610 558 2635 commemorat
575 2608 705 2637 tabulas
727 2611 761 2637 et
774 2608 849 2638 lite-

109 2651 184 2681 ras;
224 2644 283 2674 sed
313 2645 384 2676 aliis
411 2647 491 2679 locis
521 2650 621 2679 ctiam
654 2650 767 2682 literas
797 2656 848 2682 ta-

109 2685 266 2717 bularum
300 2692 434 2720 nomine
473 2692 738 2732 comprehendit.
780 2696 846 2726 vid.

110 2728 223 2768 Sigon.
239 2730 279 2760 de
294 2731 405 2763 Judic.
428 2734 461 2763 ii.
490 2736 539 2766 16.
563 2738 846 2774 quemadmodum

108 2773 279 2804 interdum
319 2774 490 2807 literarum
530 2781 665 2810 nomine
703 2783 845 2820 tabulas,

107 2820 148 2846 ut
178 2817 212 2846 in
245 2817 356 2848 Caecil.
384 2825 415 2854 9.
453 2820 594 2853 Tabulas
622 2833 703 2863 ergo
729 2826 845 2856 Cicero

107 2858 188 2897 dicit
228 2864 256 2893 1.
295 2862 422 2894 codices
461 2874 676 2907 acceptorum
721 2875 756 2900 et
789 2880 846 2901 ex,

655 76 801 105 INDEX
831 49 1131 106 LATINITAfis.
1152 81 1156 85 '

919 176 1112 207 pensorum.
1142 166 1239 197 Rosc.
1267 165 1305 196 C.
1339 168 1365 196 1.
1390 166 1445 205 qui
1473 166 1508 196 in
1531 164 1666 206 judicio

928 220 988 240 suo
1011 211 1079 241 suis
1105 211 1237 247 tabulis,
1258 210 1415 247 testibus,
1435 209 1487 240 uti
1513 213 1666 240 conatur.

927 253 1021 284 Verr.
1041 255 1073 284 ii.
1086 258 1117 288 7.
1135 254 1315 284 multorum
1334 254 1453 283 tabulis
1465 252 1555 283 vobis
1567 253 1664 284 satis-

927 297 1054 327 factum
1070 302 1132 328 est.
1149 298 1228 328 ibid.
1251 299 1304 330 74.
1329 298 1382 331 76.
1406 302 1442 326 et
1457 296 1504 326 sic
1520 301 1571 326 est
1587 295 1664 336 plu-

927 340 1016 370 ribus
1033 340 1123 371 locis.
1147 342 1200 370 Sic
1227 350 1308 381 cape
1331 342 1365 370 in
1391 339 1553 377 Verrinis,
1569 340 1626 370 ubi
1641 349 1663 370 a

926 383 1030 413 literis
1056 384 1325 424 distinguuntur,
1341 395 1369 413 v.
1393 394 1422 414 c.
1447 383 1481 413 ii.
1507 385 1561 417 74.
1584 381 1662 413 coll.

926 427 978 459 76.
1003 427 1161 458 dicuntur
1187 429 1304 458 tabulae
1328 428 1496 458 societatis
1521 425 1662 456 honeste

926 471 1086 500 removeri
1100 480 1166 500 non
1181 473 1340 511 potuisse,
1353 472 1464 501 literas
1480 473 1608 507 autem,
1624 468 1661 500 h.

924 523 953 542 e.
971 523 1086 553 parvos
1103 515 1271 544 rationum
1289 514 1429 552 libellos,
1446 513 1608 554 potuisse,
1624 516 1662 544 et

924 561 1067 586 remotas
1084 566 1166 587 esse.
1206 558 1318 589 Etiam
1332 558 1470 588 Codices
1487 557 1660 587 rationum

921 599 1132 639 publicarum
1164 600 1324 631 dicuntur
1353 603 1472 632 tabula·
1503 600 1658 640 publicae.

922 643 1015 673 Verr.
1034 644 1055 674 i.
1074 646 1126 674 91.
1149 643 1246 674 Rosc.
1263 644 1337 674 Am.
1354 647 1407 676 44.
1452 645 1542 675 Hinc
1559 645 1590 676 2.
1606 647 1659 674 ta-

921 687 1003 717 bulce
1019 697 1111 717 novae
1124 687 1297 725 dicuntur,
1309 698 1386 718 cum
1403 689 1541 718 nomina
1556 689 1592 718 in
1608 693 1661 717 ta-

921 730 1008 760 bulis
1038 741 1259 771 expensorum
1287 736 1478 769 mutantur,
1501 731 1533 761 h.
1554 741 1583 761 e.
1600 733 1663 761 aut

920 773 1017 814 plane
1034 775 1202 812 delentur,
1228 780 1265 804 ut
1290 775 1470 805 creditores
1500 774 1658 805 debitori-

921 820 979 847 bus
1018 828 1117 849 omnc
1155 819 1306 849 debitum
1353 818 1560 855 condonent,
1603 819 1657 859 (ut

920 861 1072 892 Pearcius
1090 863 1211 903 accipit
1226 863 1291 893 Off.
1307 863 1342 892 ii.
1359 864 1412 892 23.
1436 862 1525 901 quod
1538 866 1658 892 tamen

918 914 984 934 non
1014 907 1139 945 patitur
1155 907 1247 936 locus
1272 906 1441 936 Ciceronis
1462 915 1490 935 e.
1508 907 1561 936 24.
1595 904 1656 935 ubi

917 958 937 977 a
949 948 1078 979 Caesare
1093 951 1216 980 victore
1227 959 1326 980 novas
1337 949 1468 979 tabulas
1476 949 1583 979 factas
1597 947 1657 978 do-

916 991 983 1029 cet)
1004 998 1062 1022 aut
1079 1003 1153 1033 pars
1169 994 1209 1024 de
1226 1003 1359 1024 summa
1374 993 1540 1031 demitur;
1564 991 1655 1031 quod

912 1036 1050 1076 publica
1080 1038 1280 1068 auctoritate
1314 1037 1483 1067 interdum
1523 1036 1654 1067 factum

915 1086 984 1109 est:
1015 1085 1051 1110 ut
1067 1090 1158 1118 cum,
1175 1086 1213 1110 ut
1238 1085 1289 1110 est
1312 1080 1402 1120 apud
1426 1079 1563 1110 Sallust.
1588 1079 1653 1110 Ca·-

914 1122 964 1152 til.
981 1126 1033 1154 33.
1068 1129 1246 1163 argentum
1271 1134 1335 1154 aere
1361 1123 1442 1154 solvi
1460 1124 1654 1163 juberetur,

914 1165 947 1196 h.
963 1177 990 1196 e.
1008 1169 1154 1198 sestertii
1172 1178 1229 1207 pro
1246 1168 1402 1205 denariis,
1426 1171 1546 1206 quarta
1571 1176 1650 1207 pars

915 1209 1032 1249 debiti,
1050 1212 1197 1250 quinque
1214 1217 1247 1241 et
1264 1212 1382 1250 viginti
1400 1221 1458 1251 pro
1476 1211 1626 1241 centenis
1641 1222 1669 1243 z.

912 1254 1000 1293 quod
1017 1265 1093 1285 cum
1110 1256 1482 1294 essetjussum,omnes
1497 1254 1652 1285 omnium

911 1299 1030 1328 tabecloe
1061 1299 1231 1329 mutandae
1270 1305 1305 1329 et
1335 1299 1432 1329 aliter
1464 1298 1652 1330 scribendae.

911 1346 1017 1372 erant.
1045 1342 1121 1372 hinc
1137 1342 1259 1373 Graecis
1283 1352 1371 1373 novoe
1385 1343 1506 1373 tabuloe
1530 1342 1651 1374 dicun-

909 1389 965 1414 tur
980 1385 1074 1427 χξεὸν
1091 1385 1254 1417 ἀποκοπαί.
1273 1387 1392 1417 tabulae
1415 1395 1504 1416 novoe
1519 1395 1572 1426 ap.
1591 1384 1650 1415 Ci-

909 1440 1064 1460 ceronem
1091 1439 1179 1469 saepe
1205 1433 1523 1461 commemorantur.
1553 1439 1584 1458 v.
1615 1438 1649 1461 c..

909 1472 1008 1502 Catil.
1024 1474 1058 1503 ii.
1076 1477 1106 1504 8.
1143 1473 1227 1503 Phil.
1244 1475 1287 1504 vi.
1304 1477 1335 1505 4.
1359 1474 1430 1504 Att.
1447 1483 1477 1504 v.
1495 1475 1547 1504 21.
1565 1472 1649 1505 ibid.

907 1517 970 1546 xiv.
989 1518 1041 1547 21.
1066 1518 1210 1547 maxime
1247 1523 1361 1547 autem
1389 1522 1560 1557 exspecto,
1590 1526 1647 1547 ec·

906 1560 985 1598 quid
1002 1560 1177 1591 Dolabella
1199 1561 1325 1591 tinniat
1344 1561 1390 1602 (h.
1407 1571 1437 1590 e.
1451 1559 1570 1599 solvat)
1601 1569 1645 1590 an

906 1605 940 1633 in
958 1614 1032 1633 meo
1045 1605 1180 1634 nomine
1196 1605 1325 1636 tabulas
1341 1614 1438 1635 novas
1452 1604 1569 1634 fecerit
1583 1616 1590 1634 ε
1607 1603 1647 1636 h.

905 1658 934 1677 e.
952 1647 1077 1677 solvere
1105 1647 1201 1685 nolit,
1218 1649 1306 1687 quod
1334 1649 1441 1679 debet.
1469 1651 1500 1679 3.
1524 1648 1644 1678 tabuloe

903 1692 1007 1721 etiam
1024 1695 1104 1721 sunt
1121 1691 1183 1721 Pis.
1206 1695 1255 1723 15.
1267 1702 1293 1722 s.
1317 1693 1349 1722 in
1368 1691 1527 1729 comitiis,
1543 1690 1648 1721 intel-

903 1735 1122 1774 figunturque
1138 1745 1199 1772 eae,
1217 1736 1251 1765 iu
1276 1736 1408 1775 quibus,
1433 1741 1508 1776 post
1525 1735 1645 1766 suffra-

903 1779 1032 1817 giorum
1051 1779 1300 1816 diremtionem,
1323 1779 1481 1818 suffragia
1506 1778 1643 1819 punctis

903 1828 1077 1859 notantur,
1093 1828 1132 1853 ut
1148 1826 1237 1852 recte
1255 1822 1400 1863 explicat
1416 1822 1582 1853 Gesnerus
1598 1821 1641 1852 ad

902 1865 995 1896 Varr.
1023 1867 1061 1897 R.
1079 1866 1119 1896 R.
1140 1867 1185 1896 iii.
1212 1869 1241 1897 5.
1267 1872 1351 1897 extr.
1390 1869 1422 1898 4.
1438 1865 1589 1904 Codices,
1605 1865 1642 1896 in

901 1910 1019 1946 quibus
1053 1911 1214 1940 memoria
1239 1921 1349 1941 rerum
1377 1909 1524 1950 publice,
1561 1914 1641 1940 tau-

901 1962 1000 1990 quam
1014 1955 1048 1983 in
1059 1954 1329 1993 censmjudiciis,
1339 1958 1488 1984 actarum
1500 1952 1643 1993 perscri-

898 1995 1003 2034 bitur,
1033 2002 1067 2027 et
1098 2008 1197 2028 omne
1238 2007 1345 2038 genus
1376 1997 1497 2028 codicis
1520 1997 1639 2031 cerati,

898 2040 990 2070 Verr.
1008 2041 1042 2071 ii.
1058 2043 1110 2073 4⁶2.
1127 2048 1163 2072 ut
1180 2043 1308 2072 tabulas
1323 2041 1472 2082 publicas
1489 2050 1640 2071 corrum-

897 2093 975 2123 pere
992 2085 1142 2116 auderes.
1187 2086 1302 2116 Sermo
1317 2093 1368 2115 est
1391 2085 1432 2115 (le
1459 2084 1585 2121 codiee,
1601 2084 1638 2114 in

898 2137 962 2166 quo
986 2129 1110 2169 scripta
1137 2135 1233 2160 erant
1261 2129 1398 2161 nomina
1430 2128 1470 2159 de
1495 2128 1636 2158 crimine

897 2171 1097 2210 delatorum,
1110 2174 1165 2212 qui
1183 2178 1217 2204 et
1233 2172 1494 2203 commentarius
1510 2171 1638 2202 Praeto-

896 2215 940 2245 ris
958 2215 1099 2246 dicitur:
1139 2216 1326 2256 cujusmodi
1350 2216 1474 2246 codicis
1496 2215 1634 2250 'mentio

896 2263 946 2288 est
965 2260 1100 2290 Cluent.
1127 2264 1180 2291 33.
1221 2264 1251 2291 5.
1269 2260 1371 2297 scta,
1393 2260 1483 2299 leges
1510 2259 1571 2289 &m
1598 2260 1637 2289 in

895 2312 960 2332 aere
975 2304 1121 2344 scripta),
1137 2305 1218 2334 item
1233 2305 1418 2344 pactiones,
1435 2302 1636 2343 syngraphae

895 2347 956 2376 ἃς.
982 2347 1046 2379 Pis.
1067 2351 1115 2378 15.
1134 2348 1219 2379 Phil.
1236 2349 1256 2378 i.
1280 2351 1305 2378 1.
1319 2357 1360 2377 ne
1377 2357 1442 2386 qua
1457 2348 1571 2377 tabula
1585 2345 1637 2376 ul-

894 2389 958 2420 lius
975 2390 1102 2421 decreti
1119 2392 1257 2422 Caesaris
1275 2392 1445 2431 figeretur.
1468 2390 1525 2421 Or.
1543 2389 1564 2420 i.
1582 2392 1634 2420 13.

894 2434 978 2464 Phil.
996 2435 1030 2464 ii.
1047 2436 1100 2466 36.
1124 2440 1197 2465 toto
1225 2435 1390 2476 Capitolio
1407 2435 1525 2465 tabuloe
1552 2433 1636 2473 fige-

892 2477 1026 2508 bantur.
1052 2479 1094 2508 ad
1108 2479 1149 2519 Ω.
1166 2479 1218 2509 Fr.
1239 2479 1273 2509 ii.
1296 2480 1328 2509 6.
1361 2477 1510 2510 Racilius
1537 2477 1634 2508 tabm

893 2522 959 2552 lam
987 2523 1194 2563 proscripsit,
1219 2533 1254 2553 se
1276 2522 1440 2552 familiam
1473 2521 1637 2552 Catoniaq

893 2574 970 2594 nam
988 2566 1215 2596 venditurum.
1248 2567 1279 2597 6.
1296 2566 1337 2596 de
1353 2566 1468 2596 tabula
1483 2564 1628 2605 proscri-

892 2609 1028 2647 ptionis.
1053 2610 1153 2641 Rosc.
1169 2610 1244 2640 Am.
1261 2614 1292 2644 9.
1317 2609 1357 2640 de
1370 2609 1489 2640 tabulis
1505 2608 1632 2638 exime-

891 2662 925 2681 re
942 2662 1079 2691 nomen,
1097 2655 1160 2684 int.
1179 2653 1445 2693 proscriptorum
1460 2664 1469 2682 2
1493 2651 1578 2681 adde
1599 2661 1631 2681 c.

891 2699 922 2726 8.
965 2700 995 2730 Ἰ.
1013 2697 1236 2737 geographica
1264 2696 1456 2736 descriptiO,
1483 2704 1559 2734 quae
1595 2699 1636 2730 et*

889 2748 996 2778 graece
1013 2739 1100 2778 τίνιξ
1123 2741 1257 2771 dicitur.
1279 2740 1353 2770 Att.
1368 2741 1411 2769 vi.
1429 2742 1459 2771 2.
1483 2738 1634 2769 Dicaearq

889 2783 943 2812 chi
960 2785 1090 2814 tabuloe.
1115 2787 1145 2815 8.
1159 2785 1272 2814 tabula
1290 2787 1342 2813 est
1355 2784 1458 2813 etiam
1475 2785 1636 2822 argenta-1

888 2827 1016 2856 riorum
1033 2837 1160 2857 mensa.
1187 2828 1270 2857 item
1294 2827 1420 2857 auctio.
1444 2826 1568 2857 Caecin.
1594 2825 1631 2859 6«

888 2870 983 2901 adest
1000 2870 1042 2902 ad
1057 2872 1209 2903 tabulam
1223 2883 1233 2901 .·
1256 2871 1378 2903 licetur
1400 2868 1570 2903 AEbutius.
1586 2867 1634 2902 ef..
