1790 3219
615 109 760 138 mni-:x
791 98 1089 137 LATlNlTA'rls.

93 203 189 235 copia
219 195 313 236 larga
343 196 382 227 ad
416 202 573 228 ornatum
604 202 640 227 et
675 196 820 238 amplifi-

90 238 248 270 candum.

135 281 290 321 Saucius,
304 284 344 314 de
359 294 414 315 reo
430 284 478 314 ita
495 283 630 322 dicitur,
647 288 684 313 ut
701 283 818 314 ambu-

90 330 174 356 stus.
200 328 240 357 ad
258 328 332 358 Div.
350 328 416 358 viii.
434 330 463 357 8.

138 370 278 408 Scabies,
296 371 351 410 qui
370 380 428 400 uos
445 370 553 400 irritat
570 370 733 400 suavitate
747 379 819 401 sua.

95 412 175 453 Leg.
194 415 214 444 i.
236 418 283 448 17.
309 424 381 453 quoe
398 417 518 443 natura
530 414 615 444 bona
634 418 726 451 suut,
742 415 820 453 quia

90 456 268 488 dulcedine
282 457 343 487 hac
363 456 572 497 (voluptatis)
593 461 627 487 et
643 459 748 487 scabie
765 468 818 488 ca-

93 506 181 538 rent,
198 510 264 531 non
280 501 459 530 cernimus.

137 544 328 575 Smbillum.
353 544 499 578 Coe1.‘„’7.
513 545 607 574 11111111
624 546 734 575 exitus
751 554 817 574 non

93 587 212 618 fabulae
227 599 237 625 ς
263 587 296 617 111
307 597 372 627 quo
385 598 461 618 cum
479 587 630 618 clausula
647 598 712 618 non
729 589 819 618 inve-

93 631 198 668 nitur,
213 630 301 670 l'ugit
318 630 438 670 aliquis
465 642 481 661 e
500 633 671 662 inanibus:
698 631 818 662 deinde

90 675 226 704 scabilla
257 679 475 715 concrepant,
501 675 645 705 aulaeum
678 675 818 706 tollitur.

91 717 197 748 Erant
213 722 327 748 autem
340 719 473 749 scabilla
484 718 688 759 crepitacula
702 729 742 749 ex
754 719 819 749 fcr-

88 770 137 799 ro,
154 761 308 802 (Lucian.
326 763 443 793 Saltat.
473 764 502 800 ξ.
527 766 579 794 83.
604 760 725 805 σιδηροῦν
749 761 819 793 :aa-3-

90 801 183 843 ἶημαι)
203 809 262 835 aut
283 815 321 835 ex
339 806 443 846 ligno,
468 805 600 847 (Pollux
617 806 672 836 vii.
689 808 741 837 22.
767 809 818 840 87.

87 846 200 885 ξύλων
231 846 378 888 branna)
413 859 487 889 quae
515 849 668 890 pedibus,
698 850 818 889 quibus

90 890 398 931 adstringebantur,
417 892 563 934 (undeet
577 902 699 923 nomen
717 893 820 924 duxe-

92 940 183 965 runt.
202 945 280 965 nam
305 934 455 967 iia-mator
480 942 531 967 est
553 938 723 967 scabillum
744 947 818 977 pro-

91 979 176 1019 prie,
193 989 254 1009 nec
269 983 383 1010 tamen
396 986 447 1010 est
460 979 676 1020 perpetuum)
696 991 820 1011 concu-

88 1023 114 1052 ti
131 1022 298 1060 solebant,
315 1026 350 1053 et
365 1024 542 1064 strepitum
569 1024 750 1062 faciebant,
768 1025 817 1055 uti

93 1065 190 1096 docet
210 1067 350 1107 antiqua
374 1072 499 1106 statua,
521 1069 553 1098 in
585 1078 650 1108 qua
674 1069 819 1099 occurrit

89 1109 276 1148 scabillum,
304 1111 548 1151 confirmatque
578 1112 752 1142 Rubenius
779 1112 819 1142 de

91 1152 140 1184 Re
166 1152 261 1184 vest.
278 1154 311 1184 ii.
334 1157 382 1188 17.
408 1155 570 1186 Auctores
588 1156 622 1185 in
646 1155 741 1186 Fabri
757 1156 819 1186 Le-

90 1197 165 1227 xico
174 1200 428 1230 commemorati
436 1200 642 1230 scabillorum
653 1200 817 1229 rationem

89 1246 302 1281 perspectam
320 1251 387 1273 non
405 1242 562 1273 habuere.
578 1243 737 1274 Rectiora
751 1247 820 1273 tra-

89 1283 176 1315 didit
192 1290 271 1316 ante
298 1285 487 1316 Rubellium
504 1287 606 1317 etiam
638 1286 818 1317 Salmasius

91 1327 133 1358 ad
149 1327 283 1369 Vopisc.
309 1329 432 1360 Carum
458 1340 488 1360 c.
522 1333 570 1365 19.
593 1341 626 1370 p.
643 1333 716 1362 83⁸3.
744 1341 769 1360 s.
791 1334 817 1361 t.

88 1372 125 1402 ii.
147 1371 240 1403 Adde
256 1373 410 1413 inprimis
429 1373 640 1414 Explication
657 1374 696 1404 de
714 1374 820 1405 divers

90 1414 295 1447 Monumens
312 1417 489 1456 singuliers
506 1428 537 1458 p.
562 1421 616 1452 47.
632 1427 658 1448 s.
677 1418 732 1448 ubi
751 1428 821 1449 mo-

91 1465 297 1491 numentum
328 1467 424 1491 vetus
456 1460 659 1499 illustratur,
688 1462 722 1492 in
753 1472 820 1501 quo

88 1504 224 1534 scabilla
251 1510 459 1544 spectantur.
515 1505 566 1535 Ab
596 1504 648 1535 his
682 1506 822 1536 scabillis

88 1556 199 1587 operae
213 1548 401 1578 scabillares
427 1557 478 1588 ap.
501 1548 696 1580 Fabrettum
713 1551 747 1580 in
764 1549 821 1580 In-

89 1590 263 1631 scription.
279 1601 312 1632 p.
331 1592 406 1623 603.
423 1592 499 1623 660.

135 1633 301 1673 Scalmus,
318 1639 370 1666 est
390 1636 522 1676 proprie
536 1635 682 1676 lignum,
699 1636 753 1667 cui
771 1646 821 1667 re-

90 1687 167 1710 mus
183 1677 365 1718 adligatur,
381 1679 472 1710 unde
497 1679 618 1710 deinde
641 1690 701 1721 pro
727 1691 820 1711 remo

89 1721 240 1761 ponitur.
257 1726 310 1752 tot
325 1723 415 1753 enim
433 1729 514 1754 sunt
529 1724 626 1762 remi,
641 1731 723 1764 quot
738 1726 821 1755 scal·

90 1766 149 1795 mi.
183 1765 256 1796 Att.
273 1767 337 1796 xvi.
354 1769 385 1798 3.
407 1767 516 1798 tribus
541 1768 748 1806 actuariolis,
764 1768 821 1799 de-

90 1818 164 1839 cem
176 1811 319 1840 scalenis.
335 1810 393 1842 Or.
405 1811 425 1840 i.
438 1813 491 1842 38.
510 1811 666 1842 navicula
676 1812 818 1843 duorum

91 1854 304 1885 scalmorum.
337 1853 435 1885 Brut.
459 1857 511 1886 53.
550 1859 590 1886 ut
617 1855 756 1886 Crassus
779 1856 820 1886 ab

89 1895 302 1927 adolescente
318 1897 474 1936 delicato,
491 1899 548 1938 qui
565 1899 600 1929 in
619 1898 734 1930 littore
749 1909 821 1930 am-

90 1939 211 1971 bulans
226 1943 386 1972 scalmum
402 1943 591 1982 reperisset,
614 1943 656 1974 ob
678 1953 820 1983 eamque

90 1993 160 2014 rem
178 1993 297 2015 navem
314 1985 481 2016 aedilicare
493 1987 752 2027 concupivisset,
764 1997 819 2017 ex·

90 2036 185 2059 orsus
210 2033 284 2058 est:
327 2028 483 2060 similiter
508 2029 656 2061 Scaevola
684 2040 725 2060 ex
750 2041 819 2061 uno

90 2072 212 2102 scalmo
227 2072 405 2112 captionis,
433 2073 677 2104 centumvirale
694 2073 820 2114 judici-

90 2124 149 2145 um
169 2114 364 2146 hereditatis
380 2116 502 2147 effecit.

136 2157 363 2190 scammum.
387 2160 462 2191 Div.
479 2161 501 2190 i.
523 2163 573 2190 10.
597 2159 678 2200 quid
704 2159 820 2192 Scam-

68 2212 72 2216 ’
89 2211 209 2233 monete
223 2203 316 2234 radix
334 2203 375 2233 ad
388 2203 600 2243 purgandum
617 2205 733 2244 possit.

134 2245 326 2286 Summum,
349 2247 443 2278 verr.
465 2248 508 2278 iv.
533 2249 582 2282 17.
607 2247 767 2288 poculum
784 2249 819 2280 in

88 2288 317 2331 hemisphaerii
338 2291 594 2322 similitudinem
611 2291 795 2324 rotundum
810 2303 817 2321 z

89 2336 129 2363 ut
159 2343 212 2374 ap.
227 2334 387 2365 Plautum
415 2335 449 2365 in
473 2334 588 2365 Sticho
604 2345 635 2366 v.
659 2338 691 2366 4.
713 2339 761 2368 ll.
785 2340 821 2368 et

88 2376 246 2408 Bacchid.
264 2378 286 2409 i.
308 2381 335 2408 1.
359 2381 412 2413 37.
436 2389 503 2418 quo
519 2378 593 2409 loco
614 2382 730 2410 tamen
747 2381 821 2421 qni-

89 2419 167 2450 dam
183 2421 223 2451 de
249 2421 378 2453 matula
394 2423 546 2463 capiunt,
564 2423 627 2453 etsi
648 2422 690 2453 de
707 2424 820 2454 convi-

88 2463 141 2494 vio
156 2473 265 2495 sermo
281 2469 342 2496 est.
363 2466 451 2497 Nam
463 2467 633 2506 scaphium
644 2471 696 2497 est
712 2467 820 2498 hemi-

86 2507 280 2548 ophni-ium.
296 2510 350 2540 Sic
361 2510 464 2540 etiam
475 2509 612 2550 scaphia
621 2509 822 2542 dicebantur

90 2559 168 2582 vasa
183 2562 224 2584 ex
235 2561 300 2583 aere
314 2553 472 2592 rotunda,
482 2563 556 2594 quae
573 2553 753 2594 horologiis
767 2556 820 2586 in-

88 2595 291 2635 serviebant,
323 2600 363 2628 ut
393 2601 511 2628 auctor
536 2601 587 2628 est
626 2597 820 2630 Marcianus

90 2636 242 2679 Capella,
258 2639 299 2670 de
313 2650 383 2680 quo
405 2641 472 2672 vid.
495 2640 634 2672 Salmas.
652 2641 693 2672 ad
717 2641 820 2673 Solin.

92 2690 125 2720 p.
142 2684 219 2713 448.
240 2683 272 2713 b.
285 2684 424 2724 quidam
435 2689 552 2716 tamen
565 2693 585 2715 a
599 2684 821 2716 similitudine

89 2724 217 2764 eymbae
231 2725 363 2758 dictum
379 2727 510 2759 volunt.

132 2764 300 2808 senem-io,
332 2771 490 2810 meditor,
519 2771 649 2803 molior.
673 2770 716 2802 ad
744 2771 822 2803 Div.

89 2810 158 2843 viii.
173 2814 206 2843 4.
233 2816 341 2852 totus,
357 2818 396 2846 ut
423 2825 516 2847 nunc
543 2819 607 2854 est,
625 2815 688 2846 hoc
712 2818 822 2847 scalu-

89 2854 148 2886 ''1⁴8ss

133 2897 250 2929 Semo.
274 2898 388 2933 Plane,
419 2903 468 2934 12.
492 2911 567 2942 qun
591 2904 619 2934 si
646 2903 758 2934 minu·
785 2903 821 2934 in

1516 100 1603 139 419

864 204 958 226 scena
973 200 1066 233 suut,
1089 199 1124 226 at
1140 203 1230 228 certe
1255 208 1331 229 cum
1348 202 1426 229 sunt
1452 198 1594 239 prolata,

865 239 1063 268 laudamur:
1089 239 1121 269 11.
1137 250 1165 270 e.
1189 242 1214 271 si
1243 243 1352 273 minus
1368 252 1437 282 ,ρει-
1453 252 1487 272 se
1509 248 1591 274 sunt

863 282 1018 319 illustria,
1046 286 1080 311 et
1107 283 1140 312 in
1162 284 1274 313 oculos
1304 287 1491 316 incurrunt.
1515 287 1587 317 *ad

865 325 959 356 Brut.
987 335 1038 365 cp.
1057 329 1087 359 9.
1112 336 1212 356 rccnoe
1228 330 1348 358 servire
1366 341 1373 359 t
1408 329 1440 360 h.
1457 339 1486 359 e.
1503 333 1591 360 tem-

863 370 945 408 pori.
969 370 1027 399 Or.
1045 369 1077 399 ii.
1095 372 1147 400 83.
1173 371 1318 400 maxilua
1343 373 1465 402 oratori
1491 383 1586 404 scena

862 418 911 442 cst
930 413 1057 443 concio.
1077 413 1097 442 i.
1115 423 1143 442 e.
1161 413 1215 443 ubi
1242 415 1384 444 maxime
1401 415 1588 455 eloquenti-

862 466 915 486 am
933 456 1107 487 ostendere
1132 462 1252 496 potest.
1278 457 1355 487 ibid.
1381 459 1426 488 iii.
1451 462 1503 490 45.
1530 471 1587 490 ne-

862 510 925 538 que
944 501 1042 530 verba
1057 510 1097 530 ex
1115 500 1180 530 alio
1195 503 1318 540 genere
1335 501 1375 531 ad
1391 511 1487 532 usum
1506 513 1587 542 quo—

860 543 1042 580 tidianum,
1055 554 1093 573 cx
1107 544 1171 574 alio
1181 544 1221 574 ad
1236 554 1365 574 scenam
1379 551 1412 574 et
1429 555 1586 586 pompam

862 593 1064 617 sumuntur:
1092 588 1112 617 i.
1127 598 1155 617 e.
1173 588 1214 618 ad
1230 592 1398 618 ornatum.

907 630 1042 661 Scenicz'.
1083 631 1194 662 Plane.
1239 633 1288 662 19.
1331 632 1424 662 Verr.
1457 632 1502 662 iii.
1534 636 1587 666 79.

861 675 947 704 Sunt
971 675 1162 713 histriones,
1180 675 1289 713 mimi,
1305 680 1340 706 et
1364 681 1492 705 actores
1516 686 1588 706 om-

863 727 932 747 nes.

905 761 1046 791 scheda.
1068 762 1139 792 Att.
1162 763 1182 792 i.
1210 764 1262 793 ⁶20.
1287 763 1429 800 enitere,
1453 772 1494 793 ne
1521 772 1588 802 qua

860 805 975 835 scheda
1006 805 1174 845 depereat.
1215 806 1341 837 Sebeda
1371 811 1423 837 est
1451 806 1588 847 plagula

862 848 987 879 chartae
1005 859 1045 878 ex
1062 858 1161 890 scapo
1185 850 1328 888 revulsa,
1346 851 1466 889 quibus
1489 860 1580 880 com-

862 892 1044 922 mittebant
1056 893 1362 932 veteres‚quicqui‹l
1374 894 1485 924 subito
1495 904 1587 931 com-

862 936 1114 974 mentabantur,
1129 942 1168 967 ut
1190 937 1407 967 emendatum
1420 942 1535 978 postea
1549 938 1584 968 in

862 979 1071 1010 mundiorem
1088 980 1239 1011 chartam
1248 981 1461 1020 scriberetur,
1473 987 1511 1011 ut
1528 981 1587 1012 do-

861 1029 915 1053 cet
939 1023 1077 1054 Salmas
1103 1024 1145 1055 ad
1166 1024 1298 1065 Vopisc.
1322 1025 1472 1055 Firmum
1497 1035 1526 1055 c.
1554 1028 1587 1057 3.

861 1072 886 1096 t.
904 1067 936 1096 ii.
954 1077 986 1107 p.
1004 1071 1079 1101 701.

906 1109 1034 1141 Schola.
1060 1111 1255 1151 disputatio.
1281 1111 1344 1142 Pis.
1357 1114 1410 1143 2²5.
1427 1115 1535 1142 vertes
1551 1116 1587 1143 te

861 1154 903 1184 ad
919 1154 1060 1184 alteram
1085 1156 1238 1185 scholam.
1262 1155 1342 1186 ibid.
1358 1156 1411 1189 27.
1434 1156 1492 1187 ubi
1507 1161 1589 1186 sunt

863 1203 979 1228 vestrae
995 1199 1106 1228 sclaeoloe
1117 1199 1133 1228 ,θ
1156 1199 1257 1229 Tusc.
1271 1199 1317 1229 iii.
1329 1202 1382 1229 34.
1407 1201 1588 1240 separatim

861 1247 942 1272 sunt
957 1247 1059 1272 certae
1083 1243 1208 1279 schola,
1225 1242 1264 1272 de
1291 1242 1418 1273 exsilio.
1442 1244 1485 1273 ib.
1511 1244 1532 1274 i.
1555 1246 1588 1274 4.

861 1287 983 1316 scholas
995 1285 1188 1316 Graecorum
1205 1295 1297 1316 more
1310 1286 1441 1317 habere.
1466 1287 1538 1318 Fin.
1556 1287 1590 1317 ii.

868 1332 892 1359 1.
909 1331 1050 1360 scholam
1066 1329 1243 1370 explicare.

907 1372 1053 1404 Scientia
1083 1383 1161 1403 cuin
1193 1373 1244 1403 de.
1282 1372 1365 1403 Sull.
1408 1377 1458 1405 13.
1494 1374 1590 1414 cujus

861 1417 1029 1447 scientiam
1047 1416 1086 1447 de
1099 1417 1255 1447 omnibus
1272 1420 1405 1447 constat
1419 1417 1532 1448 fuisse.

907 1460 1049 1497 Scilicet,
1067 1461 1163 1498 scito,
1184 1461 1267 1491 scias
1293 1460 1385 1490 licet.
1410 1462 1451 1502 Ω.
1473 1460 1524 1491 Fr.
1556 1461 1591 1492 ii.

863 1506 893 1535 8.
917 1503 1002 1534 illud
1017 1505 1136 1535 scilicet
1147 1517 1156 1534 :
1181 1505 1339 1542 coenabis,
1356 1514 1434 1535 cum
1451 1505 1594 1537 veneris.

862 1546 904 1577 ad
921 1548 998 1578 Div.
1014 1548 1058 1578 ix.
1084 1549 1115 1579 6.
1139 1551 1190 1578 est
1212 1549 1315 1587 igitur
1329 1548 1491 1579 adventus
1506 1551 1594 1580 scili-

862 1595 910 1622 cet
924 1591 1064 1622 Coesaris
1080 1591 1115 1622 in
1131 1593 1378 1632 expectatione.
1395 1592 1439 1622 ib.
1456 1593 1507 1624 21.
1525 1593 1609 1633 pri-·

862 1639 955 1666 vatas
972 1645 1087 1666 causas
1103 1640 1139 1666 et
1155 1645 1209 1666 eas
1219 1641 1352 1673 tenues,
1368 1635 1498 1675 agimus
1515 1637 1594 1667 sub—

861 1678 977 1719 tilius;
1003 1679 1121 1719 capitis
1147 1684 1208 1710 aut
1234 1679 1333 1710 famae
1359 1681 1479 1710 scilicet
1494 1689 1594 1711 orna-

862 1723 939 1753 tius.
954 1733 984 1753 v.
1001 1723 1146 1753 Gronov.
1163 1723 1243 1754 Obs.
1260 1723 1306 1754 iii.
1321 1727 1353 1758 9.

907 1766 1071 1798 Scindere.
1093 1767 1197 1797 Attio.
1224 1767 1271 1797 iii.
1303 1770 1353 1798 15.
1377 1777 1419 1797 ne
1443 1767 1592 1798 scindam

863 1811 933 1850 ipse
960 1810 1107 1841 dolorem
1126 1820 1265 1841 meum:
1302 1810 1336 1841 h.
1365 1821 1395 1841 e.
1423 1820 1592 1842 renovem.

862 1854 920 1885 sed
935 1854 1084 1885 Graevius
1101 1858 1200 1895 putat
1227 1853 1423 1885 Ciceronem
1445 1855 1596 1895 scripsis-

862 1908 914 1929 se:
941 1897 1140 1929 rescindam.
1168 1898 1237 1928 xiii.
1255 1901 1308 1930 33.
1330 1908 1392 1938 ego
1409 1899 1458 1928 ita
1470 1900 1537 1938 egi,
1553 1901 1595 1929 ut

863 1951 931 1972 non
946 1941 1125 1973 scinderem
1142 1942 1301 1982 penulam
1315 1954 1322 1972 t
1350 1942 1382 1972 h.
1405 1951 1434 1971 e.
1453 1951 1521 1982 non
1537 1952 1593 1973 ve-

861 1985 1054 2018 hementius
1071 1985 1209 2016 invitavi
1226 1991 1260 2016 et
1283 1986 1408 2026 rogavi,
1425 1991 1463 2016 ut
1477 1995 1593 2016 mane-

862 2033 948 2061 rent.

907 2073 989 2104 Scio.
1015 2073 1056 2104 de
1083 2072 1250 2104 formula:
1275 2072 1367 2104 haud
1389 2074 1451 2103 scio
1477 2082 1531 2104 an.
1559 2083 1591 2104 v.

861 2116 963 2148 haud.
986 2116 1142 2157 exempla
1164 2117 1231 2148 alia
1250 2121 1331 2147 sunt
1353 2116 1411 2147 Or.
1430 2117 1452 2148 i.
1468 2117 1522 2148 60.
1538 2117 1593 2149 62.

862 2161 897 2192 ii.
912 2164 963 2195 17.
986 2159 1081 2192 Verr.
1100 2161 1122 2191 i.
1143 2163 1192 2192 15.
1216 2160 1318 2191 Acad.
1334 2161 1375 2191 iv.
1392 2162 1446 2192 25.
1470 2159 1552 2201 Leg.
1570 2162 1593 2192 i.

862 2205 893 2236 6.
916 2205 936 2223 ³*
958 2214 1036 2235 cum
1066 2204 1119 2235 de.
1143 2204 1201 2235 Or.
1229 2205 1251 2235 i.
1282 2207 1330 2235 14.
1354 2209 1440 2234 extr.
1468 2203 1592 2235 diserte

862 2248 981 2290 possit,
998 2248 1038 2281 de
1055 2257 1120 2288 quo
1131 2249 1227 2286 sciat,
1245 2247 1367 2278 dicere.

907 2292 1060 2330 Sciscere,
1076 2297 1129 2322 est
1143 2292 1275 2332 proprie
1285 2292 1320 2322 in
1332 2291 1592 2331 legibusjuben-

862 2335 925 2374 dis,
943 2339 977 2366 et
991 2335 1128 2376 quidem
1150 2335 1299 2376 plebeiis.
1325 2334 1440 2366 Plane.
1459 2338 1509 2367 14.
1533 2336 1593 2367 sci-

861 2381 908 2411 vit
924 2379 1032 2420 legem
1046 2379 1187 2419 primus.
1205 2378 1248 2409 cf.
1265 2379 1366 2409 Dom.
1382 2381 1435 2410 30.
1451 2380 1511 2410 διο.
1526 2389 1592 2410 un-

862 2423 903 2454 de
920 2423 1146 2464 plebiscitum.
1164 2422 1244 2453 hinc
1270 2433 1330 2463 pro
1354 2422 1494 2463 probare
1511 2422 1593 2454 dici-

861 2472 932 2506 tur,
949 2466 1051 2507 quod,
1068 2467 1124 2506 qui
1147 2468 1302 2504 sciscunt,
1322 2466 1477 2506 probant.
1493 2466 1589 2497 Prov.

863 2511 901 2542 C.
929 2513 978 2542 15.
1000 2509 1102 2541 simul
1126 2509 1286 2547 ostendit,
1312 2519 1347 2540 se
1379 2519 1454 2540 eam
1481 2509 1591 2550 legem

861 2555 1007 2592 sciscere,
1031 2563 1133 2594 quam
1154 2553 1264 2593 legem
1288 2563 1360 2584 esse
1391 2558 1504 2594 negat.
1528 2554 1593 2585 Sed

862 2602 915 2629 est
942 2602 1059 2629 tamen
1087 2597 1190 2628 etiam
1228 2596 1268 2627 de
1299 2597 1391 2627 omni
1422 2597 1592 2638 suffragio.

862 2640 944 2681 Leg.
955 2642 1002 2672 iii.
1019 2644 1050 2672 3.
1064 2651 1142 2671 cum
1161 2641 1340 2671 saccentur
1356 2640 1515 2681 suffragia
1530 2642 1591 2672 διο.

908 2684 1045 2716 scissus.
1058 2684 1116 2714 Or.
1133 2685 1178 2714 iii.
1199 2686 1250 2719 57.
1275 2686 1410 2715 scissum
1429 2686 1518 2716 vocis
1535 2695 1593 2725 ge-

863 2737 938 2759 nus.
955 2727 1066 2758 dehoc
1082 2727 1146 2758 vid.
1160 2727 1306 2768 Quintil.
1323 2727 1408 2758 lust.
1423 2727 1482 2759 Or.
1499 2729 1543 2759 xi.
1559 2731 1591 2760 3.

863 2781 897 2802 n.
911 2773 965 2803 ⁴20.
990 2773 1044 2803 21.
1067 2771 1229 2802 scinditur
1255 2781 1315 2802 vox
1343 2772 1594 2803 ‹scm—finditur

862 2815 964 2846 etiam
982 2815 1119 2856 spiritus
1135 2815 1269 2855 objectu
1286 2814 1411 2855 aliquo,
1428 2815 1517 2846 sicut
1545 2815 1594 2846 la.-

863 2857 944 2899 pillo
958 2864 1079 2890 tenues
1105 2867 1200 2898 aquae
1225 2859 1285 2890 διο.
1331 2859 1392 2890 Est
1416 2858 1506 2899 quod
1531 2867 1591 2889 uos

865 2912 1022 2933 vocamus
1038 2902 1095 2933 dan
1112 2901 1262 2943 Linpelu.

907 2952 931 2975 Ι
947 2956 965 2976 e
981 2947 1001 2977 2
