1800 3131
109 56 193 104 376

617 63 764 94 INDEX
803 63 936 94 LATIN
943 64 1098 94 ITATIS.

116 156 139 187 i.
156 165 186 186 e.
202 154 292 186 dare.
315 152 357 184 ad
372 152 444 185 Att.
459 152 502 185 iv.
523 155 574 185 18.
595 154 678 194 optio
693 152 850 193 eligendi.
889 154 1006 192 jocum
1022 161 1081 192 pro
1097 149 1290 182 lautissimis
1307 149 1386 181 cibis
1402 147 1572 182 dicuntur.
1594 159 1628 181 v.

119 199 175 231 Sic
189 203 224 229 et
239 197 317 229 alibi
333 201 395 228 est.

166 241 356 282 Opulentus.
390 240 462 271 Inv.
493 239 516 271 i.
547 242 598 273 53.
628 249 689 280 per
714 249 852 270 manum

119 287 316 327 opulentam.

169 329 269 369 Opus,
286 337 337 358 res
360 327 568 365 aedificanda,
585 331 644 357 aut
667 326 854 356 instauran-

122 372 177 409 da,
195 373 250 402 ein
275 370 358 402 Bau.
381 371 475 401 Verr.
499 371 520 400 i.
545 373 597 401 55.
620 369 672 400 lex
696 379 786 408 opere
808 369 856 398 fa-

121 416 255 446 ciundo.
280 425 312 445 v.
338 415 420 446 Lex.
447 414 526 444 ibid.
552 415 604 443 54.
627 422 704 452 opus
730 411 857 451 pupillo

119 459 308 491 redimitur.
353 461 372 480 *ἱ
386 458 597 488 munimenta
641 461 711 485 arte
756 455 855 485 facta.

121 502 205 534 Phil.
219 503 285 533 viii.
299 506 330 536 7.
352 511 427 542 opus
444 500 732 536 munitionemque
744 503 856 527 osten-

125 546 236 577 debat.
259 545 388 576 *omne
412 548 481 575 arte
513 544 655 573 factum.
691 541 785 570 Verr.
812 541 856 570 iv.

122 590 177 621 46.
204 590 342 628 antiquo
371 598 470 628 opere.
509 585 574 616 *in
603 585 680 625 ipsis
708 587 777 614 arte
808 583 856 614 fa·

122 634 185 664 ctis
201 643 279 673 opus
293 632 472 672 opponitur
487 629 648 659 materiae.
673 627 725 657 die
743 627 858 657 Arbeit

123 676 239 707 daran.
263 676 355 706 Verr.
380 674 423 704 iv.
448 673 499 704 56.
523 681 589 702 non
611 681 701 712 opere
714 670 859 700 delecta-

124 720 237 757 batur,
253 719 309 749 sed
325 717 481 758 pondere.
511 715 631 746 *Brun
649 717 700 745 54.
731 715 756 743 si
776 713 856 744 nihil

123 763 281 799 audierit,
295 767 411 791 tamen
430 763 594 790 oratorem
612 759 647 788 in
664 757 720 787 illo
730 757 859 795 judicio

126 807 261 843 versari,
273 809 307 835 et
321 814 398 845 opus
412 803 595 833 oratorium
614 802 698 838 fieri,
712 807 772 830 aut
787 811 859 840 per-

125 849 252 880 fectum
275 857 345 878 esse
369 847 546 886 intelliget.
575 845 678 886 *opus
701 854 859 883 quaerere.

123 893 225 924 Tusc.
249 892 295 922 iii.
319 893 372 923 34.
407 891 447 921 de
471 889 687 930 philosophis,
710 888 765 927 qui
791 897 859 917 non

126 936 315 967 necessaria
329 934 493 970 scribunt,
508 936 548 962 ut
570 932 678 963 hodie.
710 931 766 970 qui
785 936 861 961 tan-

125 983 200 1010 tum
216 977 389 1009 scribendo
403 977 582 1017 pecuniam
598 978 763 1015 quaerunt.

174 1023 271 1064 Opus.
312 1031 380 1051 non
410 1030 493 1061 opus
524 1025 588 1058 est,
619 1028 691 1058 pre,
722 1018 859 1048 noxium

127 1071 190 1097 est.
222 1066 357 1096 Cluent.
376 1068 428 1096 50.
457 1067 496 1094 ut
519 1063 545 1093 si
568 1062 648 1102 quid
669 1061 860 1100 aliquando,

126 1109 215 1149 quod
230 1118 297 1140 non
312 1118 390 1149 opus
405 1111 505 1144 esset,
516 1107 556 1136 ab
571 1116 604 1136 se
621 1111 707 1136 esset
720 1104 861 1134 dictum.

126 1154 174 1184 sic
193 1162 270 1193 opus
292 1158 343 1182 est
366 1161 425 1192 pro
447 1151 531 1181 utile
554 1154 619 1187 est,
635 1149 676 1179 ad
699 1148 776 1179 Div.
792 1148 813 1178 i.
830 1151 862 1180 9.

127 1197 234 1236 legem
253 1196 423 1226 Curiatam
440 1204 516 1235 opus
536 1203 620 1230 esse,
636 1201 770 1222 necesse
793 1200 861 1220 non

127 1249 209 1270 esse.
242 1239 345 1269 *cum
363 1238 468 1277 genit.
493 1237 534 1267 ad
550 1236 625 1268 Div.
640 1246 671 1266 x.
689 1238 720 1266 3.
747 1234 862 1274 magni

120 1282 245 1314 laboris
261 1286 295 1312 et
311 1282 427 1312 multae
443 1281 602 1320 impensae
627 1288 704 1319 opus
725 1278 804 1308 fuit.
833 1287 864 1307 v.

126 1327 261 1359 Manut.
276 1331 312 1356 et
327 1326 469 1355 Gronow
486 1324 527 1354 ad
543 1323 614 1353 Liv.
628 1322 706 1352 xxii.
723 1325 775 1353 51.

175 1370 292 1407 Orare,
309 1379 406 1408 agere
427 1366 579 1397 dicendo.
609 1375 688 1396 nam
704 1365 794 1405 apud
810 1374 865 1394 ve-

125 1417 214 1443 teres
229 1423 324 1443 orare
346 1412 520 1442 dicebatur
543 1420 601 1449 pro
625 1418 733 1448 agere.
765 1408 861 1438 Brut.

132 1459 182 1488 12.
220 1456 391 1487 neminem
415 1454 534 1485 melius
557 1454 696 1483 oravisse
726 1461 861 1481 causam

128 1500 258 1540 eapitis.
289 1499 408 1539 Quint.
431 1501 478 1529 13.
511 1506 646 1526 causam
664 1495 772 1536 priore
789 1495 862 1525 loco

129 1543 233 1582 dicat,
249 1547 284 1573 et
304 1552 379 1572 eam
395 1552 473 1571 cum
488 1541 593 1571 orarit
609 1540 669 1569 διο.
699 1538 861 1578 *Proprie

129 1597 214 1625 esse,
238 1596 367 1625 rogare,
391 1594 459 1615 non
482 1583 579 1614 modo
602 1581 781 1622 precando,
806 1581 863 1611 sed

130 1631 234 1661 etiarn
261 1629 445 1659 rationibus
469 1624 784 1662 commemorandis,
808 1625 865 1655 do-

130 1677 185 1705 cet
201 1673 375 1703 Manutius
392 1672 433 1702 ad
450 1672 512 1711 Ep.
528 1670 569 1701 ad
585 1669 660 1700 Div.
676 1678 706 1698 v.
729 1671 777 1698 18.

179 1716 302 1747 Oratio.
332 1716 465 1746 Muren.
496 1716 548 1748 29.
585 1713 686 1743 oratio
712 1710 866 1742 habenda

130 1764 184 1791 est
199 1769 266 1790 non
283 1769 361 1789 cum
381 1758 536 1798 imperita
558 1754 790 1792 multitudine,
806 1765 866 1795 pro

132 1804 175 1834 ad
203 1804 285 1843 imp.
312 1801 575 1832 multitudinem.
611 1799 706 1829 Verr.
735 1798 782 1828 iii.
813 1800 867 1829 44.

131 1848 238 1877 brevis
253 1847 354 1876 oratio
375 1844 601 1875 AEtnensium.
623 1842 656 1872 h.
681 1852 710 1872 e.
733 1841 773 1871 de
796 1842 868 1871 AEt-

133 1890 303 1921 nensibus.
331 1889 426 1919 Verr.
450 1889 484 1918 ii.
509 1888 561 1921 69.
589 1887 692 1917 oratio
718 1889 869 1915 contem-

132 1933 319 1965 nendorum
336 1932 538 1968 Siculorum,
556 1931 578 1961 i.
593 1940 623 1960 e.
645 1930 681 1959 in
705 1938 770 1968 qua
793 1938 871 1958 con-

134 1980 259 2008 temtus
276 1975 463 2006 Siculorum
480 1976 578 2004 inest.
606 1972 776 2002 *facultas
790 1972 870 2002 scri-

134 2020 235 2051 bendi
255 2023 289 2050 et
310 2019 453 2049 dicendi.
483 2018 579 2048 Offie.
596 2017 617 2047 i.
639 2020 665 2046 1.
695 2016 870 2046 orationem

136 2065 278 2095 latinam
294 2063 414 2093 efficies
430 2061 613 2102 pleniorem
626 2060 746 2090 nostris
758 2059 871 2098 legen-

138 2107 200 2138 dis.
229 2107 300 2137 *de
318 2107 425 2136 verbis
449 2104 599 2145 pluribus
616 2103 747 2142 junctis
770 2112 872 2142 oppo-

138 2151 296 2190 niturque
319 2149 470 2190 singulis.
500 2149 557 2179 Or.
581 2148 626 2178 iii.
643 2149 696 2178 42.
715 2156 764 2186 pr.
794 2146 873 2176 Par-

138 2196 191 2225 tit.
215 2197 262 2228 17.
278 2204 327 2234 pr.

187 2237 318 2274 Orator,
330 2237 550 2275 demagogus:
576 2243 654 2264 nam
669 2233 704 2264 hi
720 2232 776 2262 Gr.
790 2231 873 2274 ῥήτο-

138 2294 182 2324 ςις
199 2281 406 2317 dicebantur,
423 2284 461 2309 ut
480 2290 497 2309 e
521 2276 748 2308 Demosthene
772 2285 873 2316 appa-

140 2328 205 2354 ret.
231 2325 313 2355 Cato
325 2324 356 2354 6.
380 2322 618 2362 proveniebant
632 2325 772 2351 oratores
784 2319 872 2356 novi,

141 2367 252 2405 stulti,
290 2365 539 2403 adolescentuli.
579 2365 597 2383 ᾗ
610 2364 751 2403 legatus.
793 2363 874 2393 Har.

139 2411 181 2442 R.
202 2411 251 2441 16.
279 2417 417 2440 oratores
431 2412 547 2439 contra
563 2408 620 2447 jus
639 2407 753 2446 fasque
770 2406 874 2436 inter-

138 2453 256 2486 fectos.
272 2453 367 2483 Brut.
388 2455 437 2484 14.
464 2452 631 2482 Fabricius
654 2450 696 2481 ad
711 2449 873 2490 Pyrrhum

140 2497 182 2527 de
217 2497 353 2537 captivis
389 2495 564 2526 reddendis
599 2494 718 2525 missus
756 2497 873 2523 orator.

139 2540 215 2572 ⁴‘de
237 2540 379 2571 rhetore.
408 2539 509 2570 Acad.
532 2539 552 2568 i.
577 2541 607 2568 2.
639 2537 733 2567 Orat.
757 2536 802 2567 iii.
822 2538 874 2566 21.

139 2583 207 2616 Sed
223 2587 360 2622 utroque
376 2583 449 2613 loco
464 2587 515 2612 est
528 2586 722 2622 suspectum
738 2580 875 2610 verbum

141 2628 290 2664 Pearci0‚
307 2636 405 2665 quem
422 2626 487 2655 vid.
506 2626 606 2655 etiam
626 2624 667 2654 ad
682 2624 739 2654 Or.
757 2623 777 2653 i.
795 2624 846 2654 62.

188 2670 406 2701 Orbiculatus.
438 2669 478 2698 ad
493 2669 569 2699 Div.
585 2668 651 2698 viii.
672 2671 720 2699 15.
750 2671 790 2696 ut
812 2666 874 2696 mi-

138 2714 216 2748 lites
232 2713 326 2744 malis
342 2713 529 2743 orbiculatis
551 2712 637 2751 pasti
653 2720 722 2741 esse
738 2709 874 2740 videan-

138 2761 214 2788 tur:
252 2756 285 2788 h.
316 2766 345 2786 e.
381 2755 517 2795 optimis
548 2759 582 2784 ct
619 2753 876 2785 delicatissimis,

136 2800 296 2835 Rotunda
320 2801 410 2829 enim
438 2798 538 2835 mala,
563 2808 623 2828 ova
649 2798 709 2827 circ.
743 2797 873 2837 optima

896 196 1033 226 Gesneri
1062 195 1142 226 Lex.
1169 195 1298 226 Rustic.
1329 195 1364 224 in
1393 193 1427 224 h.
1458 203 1488 224 v.
1529 193 1628 234 Apud

899 239 1032 270 Celsum
1050 239 1082 268 ii.
1098 241 1150 270 24.
1182 239 1362 269 orbiculata
1380 246 1480 277 poma
1494 237 1529 267 in
1545 238 1628 268 cibis

898 282 992 313 bonis
1007 288 1188 322 ponuntur.

947 325 1049 356 Orbis.
1074 326 1149 357 Div.
1162 327 1258 356 ii.44.
1282 325 1369 355 orbes
1380 323 1553 353 finientes:
1571 322 1631 356 der

901 367 1076 399 Horizont.
1106 370 1164 400 Or.
1188 369 1233 399 iii.
1258 371 1309 398 51.
1338 367 1420 397 orbis
1443 366 1632 403 verborum,

901 417 953 441 est
967 412 1133 451 periodus,
1149 416 1187 442 ut
1209 422 1249 442 ex
1265 412 1335 450 ejus
1358 410 1553 441 definitione
1578 409 1633 440 Ci-

902 456 1079 484 ceroniana
1093 459 1198 494 patet,
1215 465 1280 494 qua
1302 454 1426 484 dicitur
1443 453 1510 483 orbi
1525 452 1634 483 inclu-

901 507 937 526 sa
953 507 1144 536 procurrere
1159 499 1284 535 orati0;
1309 497 1397 537 quod
1415 496 1494 536 quid
1510 496 1566 534 sit,
1583 495 1635 526 in-

900 540 1031 579 telliges
1053 551 1092 571 ex
1120 541 1172 578 iis,
1195 551 1267 580 quae
1290 541 1330 571 de
1355 539 1537 570 iinciendis
1558 547 1634 569 sen-

901 584 1017 614 tentiis
1034 584 1114 621 dixi,
1129 585 1164 614 in
1178 584 1324 615 Vincite.
1351 583 1451 614 *Att.
1467 583 1501 613 ii.
1517 587 1549 618 9.
1572 582 1635 612 mi-

904 636 982 656 nore
1005 628 1132 664 sonitu,
1154 637 1253 666 quam
1276 632 1446 667 putaram,
1470 626 1524 657 hic
1550 626 1635 655 orbis

903 670 1043 710 reipubl.
1060 675 1110 700 est
1126 680 1313 700 conversus.
1343 670 1385 700 cf.
1401 671 1444 700 ib.
1462 672 1515 700 ²21.
1540 668 1559 687 ²*
1570 669 1634 700 Pis.

906 717 954 744 10.
987 723 1028 744 ne
1055 718 1128 743 tum
1155 714 1303 753 quidem,
1326 723 1402 744 cum
1426 713 1637 744 saltatorium

903 760 1051 788 versaret
1064 760 1182 795 orbem,
1197 757 1341 788 fortunae
1358 758 1465 787 rota'm
1480 757 1639 796 pertime-

903 800 1028 831 scebat.

953 843 1126 880 Ordinare,
1157 844 1214 875 Or.
1232 844 1266 875 ii.
1288 846 1337 874 10.
1363 843 1514 874 ordinare
1527 841 1639 880 litem,

905 891 956 917 est
994 887 1170 917 instituere
1208 897 1355 926 cansam,
1390 891 1439 925 et,
1474 885 1640 926 quomodo

907 931 1037 969 agenda
1050 931 1106 968 sit,
1122 932 1337 961 constituere.

955 973 1125 1004 Ordinante.
1155 974 1306 1005 Herenn.
1326 975 1368 1004 iv.
1383 976 1414 1004 5.
1443 972 1500 1003 ubi
1522 976 1639 1003 tamen

908 1016 1056 1048 Graevius
1082 1028 1100 1047 e
1124 1017 1194 1049 MS.
1219 1018 1334 1058 reponi
1358 1017 1430 1047 vult
1452 1015 1578 1046 ordine.
1607 1025 1640 1048 v.

905 1064 976 1090 not.
1565 1092 1567 1095 ,

954 1103 1154 1142 ordinatim,
1170 1114 1230 1145 pro
1246 1103 1415 1144 deinceps,
1431 1102 1569 1142 καθεξῆς.
1598 1101 1641 1134 ad

905 1146 982 1177 Div.
998 1149 1039 1178 iv,
1057 1151 1088 1179 5.

955 1190 1076 1221 Ordiri.
1107 1190 1257 1222 Marcell.
1284 1193 1332 1221 11.
1364 1189 1452 1220 unde
1481 1198 1555 1220 orsa
1581 1192 1641 1227 est,

909 1234 943 1263 in
958 1244 998 1264 eo
1013 1235 1216 1265 terminetur
1233 1234 1351 1264 oratio.
1396 1233 1544 1263 Graevius
1567 1241 1642 1272 pas-

907 1278 973 1307 sive
989 1278 1124 1317 aceipit,
1141 1281 1175 1307 et
1197 1281 1354 1318 provocat
1373 1277 1414 1306 ad
1437 1276 1530 1307 Voss.
1545 1274 1643 1306 Anal-

907 1321 954 1351 iii.
977 1321 1008 1351 6.
1039 1321 1097 1351 sed
1120 1321 1205 1351 nihil
1227 1331 1321 1361 opus·
1366 1319 1548 1350 Commode
1570 1328 1644 1350 orsa

908 1369 954 1395 est
970 1364 1182 1405 interpretari
1198 1373 1372 1405 possumus
1389 1363 1527 1403 incepit.

957 1407 1054 1444 Ordo,
1070 1418 1169 1438 omne
1185 1408 1359 1438 hominum
1377 1407 1411 1437 in
1428 1407 1563 1437 civitate
1587 1415 1644 1446 ge-

908 1460 983 1482 nus.
1027 1451 1083 1482 Sic
1105 1451 1144 1481 de
1169 1452 1332 1481 libertinis
1361 1450 1485 1481 dicitur
1505 1449 1599 1480 Verr.
1622 1449 1646 1480 i.

908 1497 962 1528 47.
993 1494 1033 1524 de
1056 1495 1170 1525 scribis
1193 1495 1272 1524 ibid.
1289 1494 1335 1524 iii.
1352 1498 1405 1528 79.
1436 1493 1476 1523 de
1493 1492 1645 1533 publica-

908 1538 959 1567 nis
976 1538 1018 1568 ad
1034 1538 1110 1568 Div.
1126 1538 1193 1568 xiii.
1210 1542 1241 1572 9.
1260 1538 1319 1568 διε.
1365 1537 1454 1568 Hine
1469 1536 1608 1573 ordines,
1621 1536 1645 1566 i.

907 1591 936 1611 e.
949 1591 1072 1621 genera
1087 1581 1265 1618 honorum,
1278 1585 1316 1611 ut
1330 1584 1537 1617 senatorum,
1550 1579 1644 1618 eqni-

907 1629 983 1655 tum
1001 1625 1060 1654 &c.
1092 1624 1131 1654 In
1148 1625 1270 1655 militia
1282 1625 1407 1654 ordines
1420 1627 1502 1654 sunt
1515 1622 1647 1653 tricesi-

909 1678 974 1698 mae
989 1672 1101 1707 partes
1117 1668 1299 1707 legionum,
1312 1668 1346 1697 in
1359 1676 1500 1706 quarum
1511 1675 1644 1705 quaque

911 1711 985 1741 duae
1010 1711 1170 1741 centuriae
1193 1721 1213 1741 a
1235 1711 1363 1741 decimo
1386 1710 1518 1740 hastato
1541 1718 1648 1748 usque

913 1755 954 1784 ad
968 1755 1112 1794 primum
1125 1754 1244 1794 pilum.
1270 1754 1358 1784 unde
1371 1754 1435 1784 Pis.
1448 1753 1500 1784 36.
1519 1753 1647 1783 ordines

913 1799 1094 1837 assignare,
1117 1802 1153 1828 et
1175 1797 1260 1828 Phil.
1283 1798 1304 1827 i.
1331 1800 1361 1828 3.
1394 1797 1520 1828 ordines
1543 1795 1648 1826 duxe-

912 1846 1011 1872 runt:
1042 1841 1082 1871 de
1107 1841 1368 1872 centurionibus.
1402 1850 1434 1870 v.
1456 1839 1548 1879 Lips.
1573 1838 1649 1870 Mil.

913 1886 952 1916 R.
970 1885 1004 1915 ii.
1022 1888 1052 1916 8.
1083 1884 1268 1915 *subsellia
1281 1883 1416 1932 Qieatri.
1441 1882 1528 1914 Phil.
1544 1883 1579 1913 ii.
1597 1885 1650 1913 18.

914 1928 1027 1959 sedisti
1043 1929 1077 1958 in
1098 1929 1162 1958 xiv.
1178 1929 1360 1958 ordi-nitens.-
1384 1925 1472 1966 quod
1495 1928 1547 1956 est
1567 1925 1649 1956 insi-

914 1981 978 2011 gne
1002 1972 1167 2010 equitum.
1195 1971 1324 2002 *Rosa
1346 1971 1385 2001 A.
1401 1973 1455 2001 48.
1484 1973 1575 2000 recte
1599 1973 1652 1999 at-

915 2026 978 2055 que
993 2016 1104 2045 ordine
1119 2015 1249 2053 facere3
1274 2018 1323 2045 est
1342 2013 1488 2044 formula
1509 2013 1650 2051 antiqua

914 2069 991 2099 pro:
1017 2068 1057 2088 ex
1073 2058 1216 2098 legibus,
1228 2057 1453 2095 laudabiliter,
1469 2056 1649 2096 sapienter.

916 2105 934 2124 ὅ
946 2105 1039 2132 extra
1053 2103 1210 2140 ordinem,
1223 2106 1275 2132 est
1290 2101 1386 2131 aliter
1401 2111 1440 2131 ac
1455 2099 1584 2139 legibus
1599 2102 1652 2130 est

915 2146 1151 2183 constitutum,
1168 2150 1286 2176 contra
1301 2145 1400 2183 leges.
1424 2153 1454 2174 v.
1469 2142 1653 2173 extraordi-

915 2190 1040 2219 narius.
1073 2189 1207 2219 Cluent.
1221 2192 1273 2219 31.
1297 2189 1353 2227 qui
1369 2197 1404 2218 se
1421 2187 1461 2217 ab
1477 2195 1533 2216 reo
1550 2195 1652 2226 pecu-

916 2228 1023 2269 niam,
1037 2242 1114 2262 cum
1132 2232 1237 2271 judex
1253 2236 1352 2268 esset,
1369 2230 1455 2261 clam
1473 2232 1572 2269 atque
1594 2239 1653 2260 ex-

915 2281 968 2306 tra
993 2276 1135 2307 ordinem
1163 2275 1329 2315 accepisse
1356 2274 1526 2304 confessus
1552 2276 1652 2304 esset.

917 2319 957 2349 ad
973 2319 1049 2349 Div.
1065 2319 1108 2349 vi.
1127 2322 1156 2349 5.
1186 2328 1260 2359 spes
1276 2328 1376 2357 quam
1392 2316 1487 2347 extra
1508 2316 1652 2347 ordinem

918 2363 1091 2399 habemus,
1107 2365 1157 2392 est
1171 2363 1289 2400 major,
1306 2371 1406 2400 quarn
1424 2360 1464 2390 ‹le
1480 2360 1613 2390 ceteris.

965 2406 1067 2436 Orim'.
1092 2405 1203 2436 Plane.
1221 2407 1275 2439 27.
1300 2404 1383 2435 Phil.
1400 2405 1443 2434 vi.
1461 2404 1492 2434 6.
1515 2402 1616 2434 homo
1632 2411 1655 2434 a.

916 2460 950 2480 se
967 2454 1072 2480 ortus:
1096 2449 1118 2480 i.
1136 2459 1163 2478 e.
1181 2458 1297 2478 novus.

965 2493 1213 2524 Ornamentum.
1246 2492 1337 2525 Sext.
1368 2493 1420 2521 51.
1457 2493 1654 2520 ornamenta

916 2537 1079 2575 equestris
1096 2536 1234 2573 ordinis,
1243 2533 1391 2576 appellat
1405 2542 1558 2570 censum,
1570 2532 1654 2563 divi·

915 2581 990 2610 tias.

967 2623 1107 2660 Ornare,
1131 2623 1285 2658 honores,
1307 2619 1569 2660 supplicationes
1592 2617 1655 2650 dle.

918 2667 1107 2698 decernere.
1139 2666 1252 2696 Deiot.
1273 2667 1301 2694 l.
1325 2673 1426 2702 quem
1440 2667 1518 2693 ante
1534 2671 1655 2693 ornare

917 2716 1039 2740 cuncto
1063 2720 1140 2740 cum
1164 2711 1283 2739 senatu
1306 2706 1472 2737 solebam:
1497 2705 1530 2736 h.
1549 2715 1579 2735 e.
1597 2705 1656 2741 deq

916 2763 1049 2784 cernere
1074 2761 1196 2783 nomen
1220 2751 1319 2791 regis,
1340 2749 1452 2786 amici,
1476 2750 1558 2779 item
1581 2747 1655 2779 lau-

916 2797 1004 2827 dare.
1042 2796 1085 2827 ad
1113 2796 1189 2828 Div.
1220 2795 1242 2825 i.
1271 2797 1299 2825 1.
1338 2793 1428 2833 quod
1455 2791 1653 2831 Pompeium

136 2846 315 2888 putantur,
326 2842 415 2875 unde
431 2841 519 2873 mala
533 2843 712 2873 orbiculata
729 2839 761 2871 h.
775 2840 797 2872 1.
813 2850 873 2882 per
913 2845 1039 2873 ornastz
1053 2863 1060 2871 .
1089 2839 1127 2872 h.
1145 2849 1175 2871 e.
1197 2838 1229 2870 ei
1251 2837 1487 2879 praefecturam
1508 2842 1656 2870 annona
