1800 3131
147 132 232 172 322

156 228 231 259 Act.
250 229 272 261 i.
294 228 329 259 in
351 229 445 261 Vei-r.
472 231 522 261 13.
552 229 609 260 ubi
633 230 750 261 consul
771 231 887 262 Romae

155 272 283 303 dicitnr
298 283 369 304 csse
385 283 462 304 cum
478 283 610 304 summo
632 276 765 314 imperio
783 282 817 305 et
830 286 888 315 po-

156 319 293 346 testate.
339 317 381 347 In
424 319 555 358 ‘imperio
582 322 698 348 tamen
726 319 887 349 hactenus

159 360 270 390 differt
287 370 307 390 a
322 370 396 391 cum
412 363 556 402 imperio,
572 367 611 392 ut
626 363 659 392 in
676 373 714 392 eo
727 363 770 393 sit
780 372 890 402 respe-

158 408 234 434 ctus
251 404 292 434 ad
315 404 488 443 honorem,
502 406 609 444 sitque
632 415 691 446 pro
715 407 888 445 magistra-

156 451 206 477 tu.
254 447 352 488 Apud
382 448 580 479 Suetonium
607 450 642 478 in
667 451 800 490 imperio
823 459 888 479 non

158 491 263 521 semel
279 492 324 522 sic
341 493 497 523 occurrit.
543 493 595 523 De
611 498 753 532 utroque
770 503 889 531 genere

157 536 285 574 imperii
308 536 380 575 lege
404 537 516 576 Sigon.
540 536 619 566 Ant.
644 536 676 566 J.
704 536 796 566 Prov.
814 536 835 566 l.
854 537 888 566 ii.

160 581 191 610 5.
209 580 239 609 6.
257 579 303 609 iii.
324 582 354 610 5.
380 583 410 614 7.
434 590 482 619 sq.
513 580 645 610 Manut.
671 579 712 609 ad
737 580 804 609 Cic.
830 579 889 619 Ep.

158 622 202 652 ad
217 622 293 653 Div.
311 623 331 654 i.
350 626 377 653 1.
407 622 529 653 *Vei-r.
546 624 566 652 i.
585 624 637 653 22.
668 623 702 652 in
720 622 890 653 nonnullis

159 666 234 696 edd.
258 671 432 705 tamquam
456 666 589 702 Aldina,
605 666 652 696 sic
676 666 814 705 legitur:
847 666 892 696 le-

159 710 304 749 gationis
321 711 454 739 nomine
471 719 547 739 cum
570 711 704 749 imperio
719 715 753 740 et
769 711 894 740 securi-

158 753 219 783 bus
251 757 415 783 mercator
439 753 610 792 signorum
635 753 893 794 tabularumque

160 797 280 827 missus
297 800 356 826 est.
391 798 438 837 (ct
469 801 676 827 memoratur
703 798 815 829 Verris
847 798 893 828 le·

161 840 231 880 gati
251 839 360 871 lictor.
391 850 419 870 c.
438 841 489 871 28.
507 844 589 871 extr.
607 845 641 870 et
658 839 725 880 31.)
745 841 893 872 Graevius

161 883 203 913 ad
230 884 323 913 Prov.
349 883 448 914 Cons.
472 887 503 914 3.
535 883 659 914 oblitus
684 885 717 915 in
742 895 803 916 sua
825 885 894 916 edi-

157 927 250 957 tione
266 927 338 957 haee
353 928 453 957 verba
469 937 534 958 non
552 938 636 965 esse,
653 929 696 959 ibi
712 929 893 969 improprie

157 979 274 1000 vocem
299 971 426 1010 imperii
452 972 557 1012 accipi
589 971 683 1009 dicit,
711 982 770 1012 pro
800 980 893 1013 pote-

156 1018 246 1044 state
291 1015 434 1053 quadam
480 1015 753 1055 extraordinaria,
792 1026 892 1055 qnam

158 1057 222 1096 ipsi
253 1057 429 1089 Dolabella
459 1058 608 1097 dederat,
632 1067 673 1090 ut
702 1064 799 1090 tanta
821 1061 892 1099 ejus

159 1105 247 1131 esset
277 1101 413 1141 ubique,
443 1107 570 1141 quanta
603 1103 706 1143 ipsius
738 1104 893 1134 Praetoris

159 1145 351 1176 auctoritas.
393 1146 478 1176 Mihi
494 1147 625 1187 videtur
640 1146 723 1177 illud
738 1158 815 1178 cum
831 1150 893 1179 im·

153 1189 246 1228 perio
269 1199 306 1218 ac
330 1190 501 1220 securibus
525 1201 564 1221 ex
588 1190 630 1221 iv.
648 1194 680 1222 4.
709 1192 890 1232 repetitum

157 1241 243 1271 esse,
259 1233 316 1263 ubi
332 1233 373 1263 de
386 1234 506 1264 Verre:
524 1234 553 1265 Ο
569 1234 762 1274 praeclaram
780 1235 894 1265 defen-

158 1276 305 1306 sionem!
338 1283 559 1308 mercatorem
591 1289 668 1309 cum
696 1281 832 1319 imperio
853 1289 892 1309 ac

157 1320 329 1350 securibus
346 1321 380 1350 in
404 1322 610 1361 provinciam
635 1323 799 1354 misimus.
830 1324 892 1354 nisi

155 1362 243 1393 forte
274 1363 391 1395 Cicero
421 1365 581 1396 invidiose
615 1371 649 1396 et
685 1368 891 1398 accusatorie

156 1416 229 1437 rem
245 1416 368 1447 augere
384 1407 501 1439 voluit.

201 1450 396 1491 Impetrare.
426 1453 504 1483 Div.
523 1453 545 1482 i.
567 1455 596 1483 2.
629 1463 753 1493 magna
774 1455 822 1484 vis
846 1455 892 1485 vi-

158 1492 259 1524 detur
269 1504 339 1525 esse
349 1496 383 1525 in
392 1497 605 1536 impetrandis
615 1497 891 1537 consulendisque

158 1537 267 1569 rebus.
312 1539 374 1570 Est
389 1541 527 1570 verbum
544 1540 718 1579 augurale,
736 1541 891 1581 idemque

156 1581 338 1620 significat,
354 1583 443 1622 quod
465 1585 644 1622 impetrire,
660 1584 699 1614 de
723 1594 788 1624 quo
804 1595 891 1617 mox.

159 1624 344 1665 Impetrare
358 1626 484 1657 liabent
500 1628 601 1658 etiam
623 1628 725 1659 Codd.
743 1628 828 1658 Plin.
847 1629 890 1661 H.

156 1667 200 1699 N.
218 1669 252 1699 ii.
273 1672 325 1701 52.

202 1712 403 1753 Impetratio.
432 1714 502 1746 Att.
527 1715 575 1745 xi.
601 1716 653 1747 22.
693 1715 893 1755 impetratio-

155 1766 211 1787 nes
225 1761 355 1787 nostras
372 1757 455 1788 nihil
472 1757 590 1789 valere.

201 1800 388 1840 Impemre.
415 1801 490 1832 Div.
508 1803 530 1831 i.
551 1803 600 1833 16.
627 1802 741 1833 avibus
760 1812 890 1842 magnae

158 1853 209 1873 res
224 1846 388 1884 impeti-iri
409 1844 570 1876 solebant.
601 1845 678 1876 ibid.
697 1847 731 1876 ii.
754 1849 802 1877 15.
836 1848 893 1886 qui

158 1888 284 1925 evenit,
293 1892 331 1918 ut
344 1888 399 1926 qui
413 1890 579 1929 impetrire
590 1890 685 1927 velit,
693 1890 894 1920 convenien-

157 1935 229 1960 tem
239 1931 383 1962 hostiam
394 1933 491 1962 rebus
501 1934 567 1963 suis
579 1932 696 1963 ducat?
711 1933 770 1963 Est
778 1939 893 1965 autem

158 1975 338 2014 impetrire,
348 1976 517 2016 auspiciis,
528 1978 626 2015 extis,
637 1976 696 2007 διο.
721 1978 894 2008 consulere

157 2017 258 2056 Deos,
273 2029 328 2056 an,
343 2020 428 2058 quod
442 2021 476 2049 in
492 2020 644 2050 manibus
659 2020 832 2059 habemus,
845 2023 893 2052 fe-

158 2060 256 2092 licem
277 2073 467 2093 successum
484 2063 527 2093 sit
551 2063 743 2094 habiturum
767 2074 892 2096 necne:

160 2106 262 2144 unde,
278 2107 365 2145 quod
387 2117 461 2136 aves
478 2107 678 2145 admittunt,
693 2112 770 2138 exta
784 2108 895 2140 felicia

159 2149 315 2186 suadent,
333 2150 365 2180 id
388 2152 590 2190 impetrimm
612 2150 744 2182 dicitur.
772 2162 802 2182 v.
820 2152 894 2183 Ma-

160 2196 232 2224 nut.
249 2193 290 2223 ad
302 2194 409 2224 Div.i.
423 2195 471 2224 16.
496 2199 531 2224 et
543 2195 748 2226 Hotomann.
758 2195 838 2227 Obs.
851 2197 894 2227 iv.

160 2239 192 2267 3.
217 2237 260 2268 vi.
282 2240 329 2267 11.
357 2247 457 2276 quem
467 2239 540 2277 Jam
564 2237 712 2268 laudavit
727 2239 894 2273 Davisius.

160 2279 190 2310 E
212 2279 284 2310 loco
309 2280 477 2311 Ciceronis
502 2286 615 2312 autem
639 2283 813 2322 posteriori
838 2294 895 2323 pa-

159 2328 223 2362 tet,
240 2324 363 2354 falsum
388 2335 471 2361 esse,
489 2325 577 2364 quod
600 2325 747 2365 Scaliger
769 2326 812 2356 ad
836 2327 894 2357 Fe-

159 2371 249 2397 stum
268 2368 422 2407 putabat,
440 2370 606 2408 impetrire
621 2369 685 2399 dici
701 2374 836 2400 tantum
853 2371 893 2401 de

160 2411 330 2450 auspiciis,
343 2411 383 2441 de
400 2413 484 2442 extis
498 2417 613 2442 autem
629 2412 736 2442 litare.
766 2414 893 2454 Saepius

157 2456 274 2486 tamen
297 2455 337 2485 de
361 2456 516 2496 auspiciis
540 2457 698 2494 occurrit,
723 2460 762 2486 ut
784 2457 893 2489 Plaut.

160 2497 290 2528 Asinar.
308 2499 342 2528 ii.
364 2502 390 2529 1.
412 2502 461 2529 11.
485 2498 571 2529 Plin.
590 2499 633 2530 H.
646 2500 689 2530 N.
703 2501 736 2530 ii.
751 2503 802 2531 53.
820 2502 895 2534 add.

160 2539 326 2572 Harduin.
361 2542 403 2572 ad
430 2542 515 2572 Plin.
545 2544 657 2575 xxviii.
685 2553 711 2573 s-
739 2547 771 2575 3.
819 2545 892 2577 Hoc

161 2584 296 2614 verbum
313 2596 379 2615 non
397 2592 447 2616 cst
462 2587 497 2616 in
515 2586 657 2618 Nizolio.

201 2628 356 2667 Impetus.
388 2630 500 2660 Deiot.
525 2634 555 2662 2.
586 2633 724 2670 impetus
746 2628 891 2671 dicendi,

157 2679 218 2711 pro
234 2673 448 2703 contentione
465 2678 499 2703 et
516 2674 545 2703 vi
562 2674 598 2703 in
609 2675 760 2704 dicendo.
785 2678 891 2715 *poe-

157 2718 203 2743 tae
240 2720 366 2745 veteres
403 2716 465 2746 hoc
504 2717 602 2747 verbo
639 2719 674 2748 in
708 2719 891 2759 periphrasi

158 2761 314 2789 utuntur.
359 2759 477 2790 Accius
500 2761 577 2791 niv.
601 2761 623 2791 i.
643 2763 695 2792 22.
727 2768 892 2794 nocturno

156 2806 291 2845 impetu,
315 2815 374 2845 pro
399 2809 511 2834 noctu.
541 2804 642 2835 Tusc.
668 2806 702 2835 ii.
728 2809 757 2837 8.
790 2807 890 2837 bifor-

157 2854 248 2879 mato
263 2850 386 2887 impeta
399 2851 590 2885 centaurus,
605 2859 662 2889 pro
678 2849 888 2887 bimi-matus,

155 2891 316 2932 bicorpor.
348 2891 408 2922 Est
423 2894 538 2921 tamen
551 2893 653 2922 etiam
671 2893 705 2922 in
721 2903 828 2932 prosa.
842 2895 883 2925 N.

156 2936 200 2968 D.
219 2937 254 2968 ii.
280 2939 331 2968 38.
361 2937 520 2976 impetum
544 2935 616 2966 coeli
641 2937 766 2967 moveri
789 2939 887 2973 verti-

667 142 813 171 anEx
845 139 1143 173 LATINITATIS.

932 242 1009 271 que,
1032 243 1103 273 pro,
1128 233 1260 264 coelum.
1308 233 1401 274 Saepe
1427 234 1475 264 ita
1500 239 1551 266 est
1575 235 1663 276 apud

932 277 1142 307 Lucretium.
1167 288 1196 308 ν.
1216 277 1288 307 Ind.
1305 278 1428 308 Gifanii
1445 278 1478 308 in
1495 278 1529 308 h.
1545 289 1577 310 ν,

977 320 1112 360 Impius.
1123 321 1204 351 Phil.
1219 323 1260 351 vi.
1271 322 1301 351 6.
1315 328 1398 352 extr.
1419 323 1509 362 impii
1521 324 1619 361 cives,
1631 324 1664 363 (e

933 363 1075 394 lectione
1096 364 1217 404 (ἐι-ων.)
1235 371 1327 403 sunt,
1344 366 1398 404 qui
1424 366 1539 405 patriae
1562 367 1664 397 exitio

932 411 1022 436 sunt.

977 451 1127 490 Implere.
1160 451 1252 482 Orat.
1269 454 1322 486 29.
1355 453 1466 492 implet
1481 461 1599 491 aures;
1624 452 1668 482 de

934 494 1069 534 periodo
1100 505 1276 525 numerosa
1303 500 1337 525 et
1361 497 1462 533 justae
1494 497 1666 535 magnitu-

934 537 1033 567 dinis.
1083 538 1102 556 ’κ
1117 549 1192 568 cuin
1232 540 1391 576 genitivo,
1429 549 1520 569 more
1558 549 1668 578 graeco

934 580 1028 611 Verr.
1044 581 1066 610 i.
1084 582 1136 612 46.
1172 582 1293 612 multos
1310 583 1439 613 codices
1454 584 1598 623 implevit
1611 592 1667 613 ea—

936 633 1010 654 rum
1026 634 1149 655 reruni.

986 667 1170 707 ImpIicare,
1187 669 1386 708 immiscere,
1403 670 1527 701 indere.
1553 670 1631 701 Div.
1646 670 1669 700 i.

937 712 990 742 36.
1023 712 1078 741 Dii
1110 713 1175 742 vim
1208 722 1303 742 suam
1334 713 1510 743 hominum
1539 714 1674 744 naturis(

935 756 1116 795 implicant.

981 799 1174 839 Implicatc'o.
1211 799 1301 830 Sext.
1325 800 1379 830 46.
1417 801 1592 841 implicatio
1620 800 1668 831 rei

936 842 1122 881 familiaris,
1139 847 1189 873 est
1205 853 1248 873 aes
1264 844 1423 873 alienum.
1447 844 1547 874 *Inv.
1564 845 1599 874 ii.
1615 847 1671 875 32.

935 888 1112 926 implicatio
1143 887 1292 917 locorum
1330 888 1561 917 communium
1602 894 1666 925 est,

937 940 1014 960 cuni
1030 931 1065 961 in
1082 930 1384 961 demonstrationes
1404 931 1600 961 inseruntur
1615 941 1668 961 or-

936 973 1039 1004 nandi
1055 979 1090 1004 et
1105 974 1294 1004 illustrandi
1311 983 1422 1004 causa.

941 1017 947 1020 Α
981 1018 1187 1057 inquientem,
1212 1018 1422 1057 conjunctus.
1451 1017 1493 1047 ad
1517 1018 1595 1048 Div.
1621 1017 1668 1048 vi.

941 1063 989 1091 1⁶2.
1020 1061 1125 1091 habeo
1141 1071 1196 1092 eos
1220 1063 1399 1101 implicatos
1413 1061 1669 1093 consuetudine.

936 1104 1049 1135 Vatin.
1076 1108 1102 1135 l.
1134 1106 1360 1135 inconstantia
1390 1106 1534 1145 perjurio
1559 1106 1667 1145 impli-

935 1153 1022 1178 cata.
1055 1149 1118 1179 Off.
1135 1150 1155 1180 i.
1172 1152 1202 1179 5.
1233 1150 1399 1189 implicata
1422 1149 1510 1178 inter
1525 1158 1559 1179 se
1574 1154 1668 1180 sunt.

936 1192 1023 1223 conf.
1048 1193 1135 1224 Phil.
1159 1193 1193 1223 ii.
1211 1195 1265 1224 32.
1295 1192 1480 1230 *difficilia
1496 1192 1669 1224 obscuruS.

936 1236 1030 1266 Orat.
1046 1237 1092 1266 iii.
1110 1239 1161 1267 14.
1192 1236 1328 1276 reliquae
1344 1241 1422 1266 sunt
1445 1245 1588 1275 magnae,
1604 1237 1667 1267 im-

931 1281 1073 1320 plieatoe,
1097 1281 1195 1310 variae
1221 1280 1281 1310 &c.
1318 1279 1390 1310 Fin.
1415 1279 1461 1309 iii.
1489 1283 1515 1310 l.
1547 1289 1608 1309 nec
1631 1280 1669 1310 in

934 1324 1094 1363 Torquati
1106 1333 1258 1354 sermone
1272 1323 1453 1362 quidquam
1465 1324 1668 1363 implicatum

935 1371 996 1397 ant
1020 1371 1210 1398 tortuosum
1234 1367 1312 1397 fuit.
1343 1367 1503 1397 *insitus
1537 1366 1618 1406 Leg.
1645 1367 1670 1398 i.

939 1414 988 1444 17.
1018 1421 1091 1450 quae
1108 1412 1143 1442 in
1158 1412 1249 1441 omni
1274 1420 1372 1441 sensu
1395 1411 1566 1450 implicata
1589 1411 1670 1441 insi-

935 1454 1004 1485 det.
1034 1455 1159 1486 *νει-ι’.
1186 1456 1233 1485 iii.
1263 1457 1316 1486 35.
1351 1456 1556 1494 implicatum
1587 1453 1670 1494 legi-

936 1498 997 1528 bus
1019 1499 1146 1529 teneri:
1172 1498 1207 1529 h.
1230 1508 1259 1528 e.
1287 1498 1449 1537 impediri.
1479 1498 1561 1529 Har.
1578 1497 1619 1528 R.
1634 1500 1668 1528 4.

934 1543 1182 1581 exspectatione
1199 1542 1353 1582 supplicii
1369 1542 1566 1581 implicatus.

978 1586 1195 1626 [inpluvium.
1225 1586 1318 1616 Verr.
1335 1586 1356 1615 i.
1376 1587 1428 1616 23.
1459 1586 1568 1625 signa,
1592 1594 1668 1624 quae

935 1638 1025 1659 nune
1049 1629 1092 1659 ad
1113 1631 1308 1670 impluvium
1330 1634 1430 1659 tuum
1449 1634 1553 1659 stant.
1584 1628 1666 1658 ibid.

936 1674 988 1703 56.
1028 1672 1201 1704 columnas
1232 1673 1380 1712 singulas
1407 1672 1449 1702 ad
1472 1674 1670 1713 impluvium

934 1726 1005 1746 esse
1034 1716 1159 1746 locatas
1183 1718 1241 1747 ἃς.
1289 1716 1350 1747 Est
1372 1715 1464 1746 locus
1488 1715 1668 1746 subdivalis

936 1759 971 1789 in
989 1760 1107 1790 mediis
1131 1760 1270 1797 aedibuS‚
1290 1759 1392 1800 (unde
1408 1759 1504 1790 Verr.
1522 1760 1544 1790 i.
1563 1763 1612 1794 19.
1637 1763 1673 1789 et

936 1806 988 1835 23.
1021 1805 1216 1843 impluvium
1231 1808 1265 1834 et
1282 1804 1400 1833 medjae
1423 1803 1510 1834 aedes
1534 1812 1668 1843 permu-

935 1851 1076 1886 tantur.)
1104 1849 1139 1878 in
1164 1858 1264 1887 quem
1288 1857 1373 1887 aqua
1399 1846 1439 1876 de
1463 1848 1564 1878 tectis
1591 1856 1671 1877 eon-

937 1891 1029 1921 fluit:
1056 1891 1113 1922 Gr.
1127 1890 1293 1931 μεηῦλιον,
1310 1891 1368 1921 ubi
1385 1891 1442 1921 Dii
1462 1895 1601 1932 penates
1617 1900 1672 1920 co-

936 1934 1093 1966 lebantur
1108 1945 1200 1965 more
1217 1935 1346 1972 Graeco,
1362 1934 1402 1964 de
1418 1944 1484 1973 quo
1499 1944 1529 1964 v.
1546 1935 1580 1964 in
1592 1934 1669 1964 Lar.

937 1978 975 2008 Id
989 1988 1068 2008 cum
1084 1978 1278 2018 ignorarent
1293 1979 1491 2018 interpretes
1504 1977 1670 2016 Suetonii,

939 2023 1020 2052 mire
1045 2032 1079 2052 se
1105 2026 1276 2052 torserunt
1298 2023 1334 2052 in
1357 2021 1546 2062 compluvio
1568 2030 1669 2062 pena-

935 2066 1023 2096 tium
1047 2066 1082 2096 in
1103 2067 1190 2105 Aug.
1208 2068 1261 2100 92.
1293 2066 1507 2106 Impluvium,
1526 2075 1565 2096 ex
1589 2065 1671 2096 locis

937 2110 1047 2139 citatis
1066 2114 1174 2150 patet,
1190 2110 1298 2150 primo
1311 2110 1494 2149 porticibus
1518 2109 1669 2139 cinctum

936 2153 1038 2183 fuisse
1053 2153 1089 2184 in
1113 2151 1237 2184 aedibus
1262 2153 1466 2183 beatiorum:
1492 2152 1534 2182 ef.
1549 2152 1671 2192 virgil.

936 2197 1014 2228 AEn.
1032 2197 1067 2227 ii.
1084 2197 1158 2227 526.
1182 2207 1251 2235 sqq.
1269 2196 1387 2227 deinde
1403 2201 1532 2226 statuas
1549 2196 1593 2226 ibi
1610 2206 1668 2236 po-

936 2240 1017 2274 sitas
1033 2245 1172 2270 ornatus
1188 2250 1298 2271 causa.
1329 2241 1382 2270 e»
1393 2250 1458 2279 quo
1481 2240 1592 2270 lucem
1616 2249 1671 2269 ca-

936 2284 987 2324 pit
1002 2284 1093 2314 locus
1108 2283 1251 2324 Quintil.
1267 2284 1312 2314 xi.
1328 2286 1359 2316 2.
1389 2284 1536 2323 primum
1555 2283 1666 2313 locum

938 2327 1101 2358 vestibulo
1134 2328 1228 2367 quasi
1267 2327 1452 2366 assignant,
1483 2326 1667 2357 secundum

939 2372 1035 2410 atrio,
1057 2378 1131 2401 tum
1155 2372 1311 2411 impluvia
1336 2372 1462 2401 circum
1485 2375 1581 2407 eunt,
1606 2378 1669 2399 nec

938 2415 1099 2446 cubiculis
1115 2414 1214 2444 modo
1231 2418 1290 2445 aut
1311 2414 1452 2452 exedris,
1468 2413 1526 2444 sed
1548 2414 1669 2444 statuis

937 2460 1040 2490 etiam
1064 2458 1292 2497 similibusque
1323 2468 1382 2498 per
1403 2458 1553 2488 ordinem
1577 2467 1668 2487 com-

938 2503 1092 2535 mittunt.
1137 2503 1263 2533 Statuis
1287 2502 1369 2532 mihi
1388 2501 1510 2531 rectius
1526 2500 1674 2541 videtur,

937 2556 1036 2585 quam
1068 2546 1168 2576 lectio
1197 2547 1324 2583 stratis,
1355 2555 1375 2575 a
1411 2544 1604 2575 Burmanno
1635 2548 1671 2573 et

936 2590 1083 2620 Gesnero
1113 2593 1256 2630 recepta.
1302 2591 1428 2619 Statum
1457 2598 1482 2619 s.
1507 2589 1604 2627 signa
1632 2588 1667 2616 in

934 2634 1141 2663 ornamentis
1156 2634 1280 2664 aedium
1296 2636 1375 2663 sunt
1397 2632 1500 2662 etiam
1523 2631 1606 2662 Nat.
1621 2630 1667 2661 D.

935 2677 968 2706 ii.
986 2680 1038 2710 37.
1061 2677 1154 2707 Verr.
1171 2677 1191 2707 i.
1212 2681 1261 2711 19.
1307 2676 1421 2716 Signa,
1437 2685 1511 2714 quae
1526 2674 1615 2714 apud
1631 2677 1666 2704 te

936 2729 1043 2760 nuper
1073 2719 1114 2750 ad
1147 2729 1262 2750 omnes
1292 2719 1478 2756 columnas,
1509 2717 1672 2748 omnibu&

934 2764 1037 2793 etiam
1066 2763 1334 2793 intercolumniis
1360 2763 1394 2792 in
1417 2762 1499 2792 silva
1521 2761 1668 2800 denique

933 2807 1092 2847 disposita
1106 2807 1167 2836 sub
1182 2807 1256 2836 divo
1271 2807 1426 2836 vidimus.
1465 2805 1582 2836 Viden’
1600 2809 1668 2834 sta-

931 2855 1007 2880 tuas
1032 2849 1295 2880 intercolumnas
1323 2850 1527 2890 porticuum,
1551 2852 1586 2877 et
1609 2857 1665 2877 su-

931 2904 1004 2933 pra,
1020 2904 1038 2924 e
1059 2893 1153 2923 verr.
1169 2894 1190 2923 i.
1212 2894 1264 2924 56.
1292 2893 1464 2924 columnas
1488 2892 1529 2923 ad
1543 2892 1679 2933 impla-‚¹

930 2939 1022 2971 vium
1038 2937 1238 2970 memorari?
