1800 3131
168 56 250 92 392

168 150 295 180 ctiones
307 149 485 188 postulant.
508 147 550 177 ad
563 147 639 178 Div.
653 149 721 178 viii.
751 150 800 179 12.
823 148 889 189 Αρ-

171 194 266 234 pium
282 192 395 222 eadem
412 191 484 230 lege
510 193 682 232 postulavi.
707 191 797 221 locus
823 192 888 222 cla—

173 237 322 266 rissimus
347 240 397 265 est
423 235 456 264 in
482 234 591 265 Caeeil.
614 238 666 267 20.
691 245 796 275 nuper
812 245 888 265 cuin

172 281 208 310 in
225 278 523 309 Gabinium—Piso
534 278 734 309 delationem
748 279 889 308 nominis

162 324 355 364 postularet.
400 321 462 352 Sed
479 322 512 351 in
527 323 716 352 universum
725 324 890 361 postutare

168 367 208 396 de
225 367 316 396 omni
329 365 488 395 desiderio
500 365 587 405 apud
602 370 778 405 praetorem
792 375 890 404 expo-

167 411 232 440 sito
259 410 392 439 (licitur.
416 409 488 440 Mil.
520 411 571 440 ⁶22.
595 418 703 438 servos
726 410 891 447 postulare

168 454 202 483 in
219 453 449 492 quaestionem.
496 453 547 481 Sic
565 456 613 481 est
629 462 713 490 saepc
728 453 761 480 iu
781 451 891 480 Verri-

171 498 233 527 nis.
251 507 280 526 v.
297 497 380 536 inpr.
398 497 509 535 Sigon.
526 495 565 525 de
581 495 691 524 amic.
707 495 727 523 i.
745 496 796 524 2²53.
809 495 841 523 ii.
858 499 889 528 9.

169 540 189 559 'l‘
207 540 266 570 Est
281 541 383 570 etiam
402 540 536 569 verbum
565 538 889 567 mathematicorum.

165 585 230 615 Off.
247 584 293 614 iii.
310 587 340 617 7.
365 590 402 612 ut
417 583 604 611 Geoinetrae
632 590 697 610 non
711 581 825 610 omnia
839 590 890 610 so-

165 627 237 658 lent
254 627 383 662 docere,
400 625 457 655 scd
467 626 644 664 postulare,
673 632 709 653 ut
738 623 890 662 quaedain

166 671 230 701 sibi
257 668 574 699 concedantur—sic
589 677 650 706 ego
667 677 685 696 a
706 671 740 696 te
751 669 889 705 postulo,

165 720 207 744 ut
223 713 304 743 mihi
322 711 481 742 concedas
499 712 556 740 διο.
580 711 598 729 *ὁ
609 712 776 749 postulare
787 711 889 740 etiam

168 758 325 787 dicuntur
340 754 556 794 provinciales
577 759 611 783 et
628 754 720 790 socii,
738 764 813 784 cum
830 754 891 784 ali-

171 800 250 839 quid
264 799 410 836 decerni,
427 798 586 827 constitui
603 808 663 827 sua
678 807 778 827 causa
803 807 822 828 a
839 808 888 827 se-

171 848 253 873 natu
277 842 315 872 R.
340 845 472 882 petunt.
495 841 589 871 Balb.
617 844 665 872 15.
689 840 846 871 Gaditani
871 851 891 871 a.

170 894 289 917 senatu
309 886 347 915 de
371 885 492 915 foedere
506 886 765 925 postulaverunt.
784 885 844 915 &c.
860 895 889 915 v.

168 929 388 971 postulatum.

212 973 406 1010 Pas-catallo,
422 972 457 1001 in
482 971 582 1002 sacris
611 975 663 1001 est
688 970 888 1012 prodigium,

166 1026 232 1056 quo
248 1016 290 1047 dii
307 1015 478 1056 postulant
489 1014 625 1054 aliquid,
642 1015 698 1044 irae
711 1024 779 1045 suae
795 1026 888 1045 aver-

163 1060 275 1091 tendae
291 1070 391 1090 causa
406 1059 490 1096 fieri,
507 1059 594 1089 unde
609 1058 728 1088 deinde
746 1068 804 1098 pro
819 1059 890 1098 ipso

166 1114 259 1134 sacro
271 1103 429 1143 piaculari
445 1102 578 1132 dicitur.
602 1101 682 1132 Har.
699 1103 738 1132 R.
762 1105 809 1132 10.
830 1112 888 1142 po-

165 1149 353 1183 stulationes
368 1156 436 1176 esse
452 1146 540 1183 Jovi,
556 1147 700 1175 Saturno
724 1145 783 1176 διο.
810 1146 887 1176 ibid.

173 1194 220 1221 14.
253 1191 371 1220 eodem
397 1193 527 1220 ostento
556 1188 683 1220 Telluri
716 1191 890 1228 postulatio

166 1235 279 1265 deberi
295 1234 427 1263 dicitur.
441 1244 471 1264 v.
484 1233 589 1263 Graev.
607 1233 649 1262 ad
661 1242 688 1262 e.
709 1236 758 1263 10.
791 1232 890 1263 *ver-

165 1279 247 1308 bum
262 1277 391 1308 forense
408 1282 470 1313 est,
484 1286 560 1306 cum
575 1276 742 1315 significat
757 1277 889 1317 petitio-

166 1329 246 1352 nem
262 1321 349 1361 apud
374 1321 565 1357 Praetorem,
590 1325 628 1349 ut
643 1319 743 1349 liceat
769 1330 890 1350 nomen

167 1365 295 1395 deferre
326 1364 477 1402 alicujus.
502 1363 544 1393 ad
558 1364 634 1393 Div.
659 1363 727 1393 viii.
750 1364 780 1394 6.
803 1364 890 1394 inter

162 1411 412 1448 postulatzonem
442 1410 476 1436 et
499 1407 643 1437 nominis
686 1406 888 1437 delationem

167 1462 251 1481 uxor
281 1462 300 1482 a
330 1450 503 1482 Dolabella
534 1450 693 1480 discessit.
720 1450 828 1488 Ligar.
858 1452 887 1481 6.

164 1496 292 1536 primus
319 1495 427 1525 aditus
453 1499 487 1523 ct
507 1494 679 1533 postulatio
706 1494 890 1524 Tuberonis

166 1538 238 1568 haee
254 1539 331 1576 fuit,
349 1538 431 1567 velle
448 1547 482 1567 se
499 1537 538 1567 de
561 1538 601 1577 Q.
618 1536 742 1575 Ligarii
765 1537 887 1567 scelere

169 1582 289 1611 dicere.
308 1592 337 1611 ν.
355 1581 532 1621 postulare.

211 1624 433 1661 Pas-tutatum,
472 1628 521 1654 est
559 1624 678 1662 petitio
722 1623 889 1661 beneficii,

167 1678 267 1707 quani
285 1669 363 1698 socii
380 1672 413 1697 et
436 1667 650 1708 provinciales
673 1667 712 1697 ad
730 1668 890 1697 Senatum

165 1712 332 1742 deferunt.
365 1712 458 1741 Verr.
484 1711 517 1740 ii.
543 1713 572 1740 4.
606 1711 708 1740 Siculi
728 1712 891 1750 postulata

167 1755 380 1792 Consulibus,
397 1764 469 1793 quae
487 1755 738 1792 nonpostulata‚
755 1754 811 1784 sed
829 1755 890 1784 eri-

167 1800 260 1829 mina
275 1799 309 1828 in
325 1799 426 1828 istum
455 1797 646 1827 vklmentur
669 1808 752 1835 esse,
781 1797 891 1827 edide-

165 1847 258 1872 runt.
277 1842 320 1871 cf.
337 1841 514 1880 postulare.
531 1841 549 1858 ᾖ
566 1841 773 1871 conditiones
791 1842 891 1881 pacis.

167 1886 210 1916 ad
225 1886 300 1916 Dav.
320 1886 375 1915 xii.
393 1887 423 1916 4.
441 1885 541 1924 legati
557 1884 597 1914 ab
613 1884 760 1914 Antonio
777 1885 818 1914 ad
834 1895 891 1915 nos

165 1929 390 1960 intolerabilia
413 1930 580 1968 postulata
612 1927 815 1958 retulerunt.
848 1929 890 1958 cf.

166 1973 238 2003 Att.
250 1973 303 2002 vii.
326 1975 374 2003 15.

212 2017 361 2046 Potamos.
384 2015 484 2046 Tusc.
498 2025 528 2045 v.
546 2018 577 2045 5.
590 2015 655 2044 ista
670 2024 722 2044 me
740 2024 806 2044 non
821 2024 892 2045 mo-

164 2064 245 2089 vent
264 2057 489 2099 (argumenta)
509 2068 575 2088 non
592 2058 713 2095 solum,
726 2058 804 2097 quia
820 2069 893 2098 per-

164 2102 301 2142 vulgata
321 2107 413 2139 sunt,
441 2103 498 2132 scd
524 2101 630 2132 multo
656 2102 773 2141 inagis,
802 2102 892 2140 quia,

165 2153 340 2185 tamquam
363 2146 449 2176 levia
476 2146 627 2185 quaedam
644 2146 723 2175 vina
739 2145 821 2175 nihil
837 2155 893 2175 va-

165 2189 237 2219 lent
253 2190 401 2229 inaqua,
419 2190 465 2219 sic
482 2189 670 2219 Stoicorum
695 2189 759 2218 ista
783 2189 887 2228 magis

167 2238 316 2271 gustata,
334 2244 434 2272 quam
445 2237 561 2273 potata
577 2232 760 2262 delectant.

211 2275 343 2313 Potens,
366 2277 542 2316 gratiosus.
563 2276 682 2315 Quint.
698 2277 749 2307 2⁶3.
774 2279 891 2315 poten-

164 2320 314 2350 tissimus
328 2320 473 2350 Naevius.
489 2319 547 2349 sed
560 2319 625 2349 vid.
644 2320 804 2359 potentia.

211 2363 377 2400 Potentia,
394 2363 517 2393 dicitur
537 2367 576 2393 ut
599 2372 690 2402 opes,
708 2362 747 2392 de
771 2363 891 2402 gratia,

166 2408 361 2443 autoritate,
390 2406 608 2436 multitudiue
642 2407 825 2436 amicorum
856 2411 890 2436 et

167 2449 354 2487 clientium,
385 2450 588 2489 eloquentia,
612 2453 646 2479 et
665 2450 819 2479 omnibus
841 2460 892 2479 re-

164 2493 239 2529 bus,
257 2494 374 2531 quibus
390 2493 535 2523 multum
546 2493 580 2522 in
598 2492 724 2532 republ.
736 2493 891 2531 eflicitur,

167 2536 203 2565 in
228 2546 326 2574 quam
345 2547 413 2567 ren]
431 2542 481 2567 cst
504 2536 593 2566 locus
619 2537 736 2576 Quint.
767 2540 794 2566 1.
818 2547 890 2575 quae

166 2588 216 2609 res
256 2579 330 2609 duae
368 2581 401 2609 in
434 2580 566 2609 civitate
595 2579 778 2618 plurimum
817 2590 891 2619 pos-

166 2626 259 2659 sunt,
277 2623 465 2661 eloquentia
481 2629 514 2652 et
531 2623 639 2661 gratia
655 2623 714 2652 διο.
733 2623 820 2653 Mur.
841 2626 889 2652 ll.

167 2672 265 2695 erant
291 2666 325 2695 in
343 2676 463 2704 inagna
480 2667 636 2705 potentia,
663 2667 684 2696 i.
714 2676 742 2696 e.
770 2667 889 2705 gratia,

166 2709 223 2748 qui
250 2709 521 2739 consulebantur.
546 2710 668 2739 Caecin.
700 2712 754 2741 ⁶25.
771 2715 884 2749 poten-

168 2753 217 2783 tia
232 2753 385 2791 quiescit.
415 2752 496 2782 Sull.
520 2757 550 2786 7.
575 2753 701 2783 nullam
724 2763 743 2783 a
760 2763 813 2782 me
835 2764 890 2793 pn-

167 2797 302 2825 tentiam
333 2795 459 2825 Sullam
488 2801 690 2834 exspectare.
715 2796 832 2836 Quint.
859 2799 890 2827 (Ζ.

166 2843 201 2872 et
218 2839 260 2872 ad
284 2839 359 2870 Div.
376 2839 444 2869 xiii.
462 2840 513 2873 29.
530 2840 725 2882 junguntur
744 2841 891 2881 potentia

679 60 723 87 IN
733 61 760 87 D
769 61 823 87 Ex
856 62 987 89 LATIN
997 62 1149 89 1'1'AT1S.

933 152 966 178 et
982 150 1099 189 gratia.
1123 148 1194 178 Mil.
1213 152 1242 179 5.
1262 149 1440 188 potentiam
1465 158 1557 179 suam
1582 148 1653 187 ipse

931 193 977 222 ita
993 194 1233 233 interpretatur
1248 204 1254 221 z
1279 192 1453 228 Senatum,
1480 201 1544 221 non
1561 191 1649 230 quod

931 237 1082 273 sentiret,
1095 236 1151 266 sed
1167 235 1254 274 quod
1270 245 1331 274 ego
1347 234 1478 271 vellem,
1496 235 1651 265 decerne—

931 289 976 309 re.
1004 279 1083 310 Coel.
1099 284 1130 313 9,
1160 284 1276 309 contra
1297 280 1451 318 potentias
1467 278 1654 308 hominum.

931 322 1048 352 ‹:f.Off.
1067 323 1086 352 i.
1110 325 1161 353 2³1.
1185 324 1241 353 Or.
1268 323 1289 352 i.
1306 325 1358 353 41.
1381 321 1498 360 Quint.
1513 325 1544 355 9.
1589 320 1654 351 Sed

931 364 1002 395 haec
1034 366 1184 405 potentia
1212 369 1262 395 cst
1291 365 1394 395 civilis
1425 368 1460 394 et
1500 364 1651 394 honesta.

931 408 1008 438 hinc
1036 414 1152 439 contra
1181 409 1221 439 ad
1246 410 1339 439 Brut.
1371 412 1419 438 10.
1448 407 1654 447 quandoqui-

932 451 1006 481 dein
1018 454 1163 491 potentia
1173 453 1243 491 jain
1265 453 1299 482 in
1317 453 1345 482 vi
1363 452 1470 492 posita
1484 455 1536 480 est
1551 455 1585 481 et
1601 460 1654 480 ar-

933 496 1005 524 inis.
1030 495 1070 524 ud
1087 496 1162 526 Div.
1178 496 1220 525 vi.
1242 499 1266 526 1.
1283 496 1391 526 subire
1411 495 1590 536 potentiam
1605 493 1654 524 vi-

934 546 1051 568 (ποι-ιε.-

975 581 1135 618 Potestas,
1153 581 1186 611 in
1204 582 1373 621 republica
1397 585 1448 612 est
1474 580 1654 620 magistra-

931 628 1028 654 tuum
1038 647 1046 661 ,
1062 625 1229 663 judicum,
1239 631 1274 655 et
1285 626 1450 663 onmium,
1462 625 1581 664 quibus
1593 623 1653 653 ali-

932 678 997 706 qua
1013 678 1087 707 pars
1104 668 1241 708 reipubl.
1254 668 1339 698 bello
1356 674 1390 698 et
1405 678 1498 708 pace,
1513 668 1602 698 domi
1618 670 1653 696 et

931 711 1008 741 foris
1025 711 1299 749 administranda,
1327 712 1502 741 commissa
1516 715 1579 748 est,
1590 710 1653 740 mi·

932 764 994 784 nus
1025 765 1125 793 quain
1156 755 1345 794 imperium.
1386 755 1502 794 Quint.
1532 756 1565 786 2.
1601 757 1654 784 est

931 798 971 827 de
988 798 1113 836 judice.
1146 798 1230 828 Phil.
1247 799 1268 829 i.
1286 802 1316 832 7.
1349 798 1468 828 versari
1494 806 1571 827 cum
1588 797 1652 827 im-

931 842 1022 881 perio
1039 847 1073 872 et
1089 845 1244 882 potestate
1260 843 1294 872 in
1313 842 1439 882 republ.
1472 840 1537 880 Qu.
1553 839 1606 870 Fr.
1629 840 1653 870 i.

936 887 962 915 1.
978 895 1006 913 c.
1028 888 1076 915 10.
1103 887 1261 924 quoniam
1285 882 1318 916 i'n
1336 885 1405 915 istis
1422 884 1557 915 urbibus
1574 893 1651 914 cum

931 937 1063 958 summo
1093 930 1232 969 imperio
1263 936 1297 959 et
1320 933 1478 968 potestate
1501 927 1652 957 versaris.

922 971 995 1002 ‚Sed
1012 971 1075 1002 vid.
1100 972 1294 1012 Imperium.
1317 972 1336 991 ¹*
1352 973 1408 1011 jus
1434 973 1469 1002 in
1495 970 1653 1010 aliquem.

931 1014 1009 1053 Agr.
1023 1016 1056 1048 ii.
1069 1018 1121 1046 31.
1137 1016 1171 1045 in
1179 1020 1334 1055 potestate
1345 1026 1405 1046 sua
1420 1025 1503 1052 esse,
1517 1014 1556 1044 de
1573 1014 1654 1043 civi-

930 1059 1055 1089 tatibus
1069 1058 1176 1089 liberis
1189 1064 1223 1089 et
1236 1060 1387 1098 suijuris.
1405 1061 1424 1080 *
1434 1057 1587 1095 facultas,
1598 1067 1653 1087 co-

931 1102 986 1142 pia
994 1102 1134 1141 alicujus
1148 1103 1205 1133 rei.
1221 1103 1262 1133 ad
1272 1103 1346 1134 Div.
1356 1103 1378 1132 i.
1389 1106 1418 1136 7.
1432 1101 1656 1141 quotiespote-

931 1150 998 1175 stas
1008 1150 1174 1176 certorum
1185 1146 1358 1176 hominum
1369 1146 1446 1182 erit,
1455 1146 1515 1175 &c.
1526 1144 1654 1175 *Tusa

932 1189 978 1219 iii.
997 1193 1026 1220 5.
1051 1199 1090 1219 ex
1107 1193 1271 1230 potestate
1288 1190 1388 1227 exire,
1406 1188 1485 1228 quid
1501 1189 1568 1218 sit?
1594 1187 1652 1218 ubi

931 1242 961 1262 v.
980 1233 1112 1263 Davies.
1135 1233 1235 1264 Tusc.
1251 1234 1294 1263 iv.
1321 1233 1373 1264 36.
1397 1233 1485 1262 exire
1502 1231 1542 1262 ‹le
1565 1235 1654 1272 pote-

930 1280 1024 1313 state,
1039 1276 1101 1306 hoc
1117 1281 1180 1313 est,
1196 1277 1235 1306 de
1252 1276 1402 1314 consilio,
1419 1275 1459 1305 de
1474 1280 1602 1314 mente,
1615 1274 1657 1306 de

931 1320 1072 1351 ratione.
1110 1321 1130 1338 *²
1145 1320 1283 1350 Plu-ralis
1310 1324 1362 1350 est
1384 1319 1508 1350 Hereu.
1538 1319 1574 1350 ii.
1604 1321 1656 1353 17.

932 1368 1126 1394 mansuetus
1144 1365 1178 1394 in
1197 1365 1405 1404 potestatibus
1420 1363 1520 1393 fuisse
1543 1366 1657 1392 osten·

932 1406 1039 1437 detur.
1062 1407 1104 1437 cf.
1128 1407 1223 1438 Font.
1245 1410 1293 1439 12.
1318 1407 1436 1438 Partit.
1467 1409 1516 1436 10.
1551 1405 1657 1436 hono-

932 1460 995 1487 res,
1007 1455 1188 1490 potestates.
1205 1452 1226 1482 i.
1243 1461 1272 1482 e.
1285 1460 1425 1481 munera
1439 1448 1656 1490 provincialia

932 1498 967 1523 et
983 1494 1151 1524 militaria.

976 1537 1096 1567 Potior.
1115 1538 1186 1567 Fin.
1198 1539 1259 1568 i.4.
1271 1538 1397 1576 potiora
1413 1537 1454 1567 ad
1465 1536 1657 1577 legendum.

931 1579 965 1609 h.
981 1590 1010 1610 e.
1024 1581 1058 1610 in
1076 1581 1209 1611 delectu
1225 1581 1439 1621 praeferenda.

976 1623 1094 1654 Potin:
1125 1624 1225 1655 Tuse.
1254 1625 1274 1654 i.
1298 1628 1350 1658 37.
1373 1625 1399 1654 si
1430 1627 1566 1663 gentem
1596 1623 1656 1654 ali-

932 1677 1032 1705 quam
1052 1668 1166 1697 urbem
1181 1673 1329 1698 nostram
1334 1668 1518 1707 potituram
1529 1670 1656 1706 putem.

932 1710 1028 1740 Rosc.
1045 1711 1121 1741 Ani.
1147 1714 1199 1742 235.
1224 1711 1487 1741 Atheniensium
1510 1710 1656 1750 respubl.

933 1754 1012 1783 (lum
1038 1765 1078 1784 ea
1097 1765 1207 1784 rerum
1226 1757 1327 1794 potita
1344 1759 1414 1784 est:
1441 1754 1473 1784 h.
1499 1764 1528 1784 e.
1554 1758 1589 1784 et
1604 1755 1656 1785 sui

931 1797 1012 1835 juris
1029 1797 1106 1835 fuit,
1123 1804 1157 1827 et
1173 1799 1205 1827 in
1221 1808 1281 1828 sua
1293 1801 1457 1838 potestate
1470 1797 1550 1828 alias
1566 1797 1659 1828 Grae-

933 1850 986 1870 cus
1004 1842 1154 1871 civitates
1172 1841 1300 1872 habuit.

977 1883 1104 1921 Potius,
1133 1895 1209 1914 cum
1241 1885 1476 1925 comparativo.
1510 1884 1574 1914 Pis.
1606 1887 1656 1916 14.

933 1929 1055 1966 quaevis
1081 1928 1161 1967 fuga
1180 1930 1284 1968 polias
1299 1929 1454 1969 optatior.
1477 1929 1559 1958 item
1576 1938 1655 1959 cum

911 1982 913 1984 ·
933 1971 1032 2001 malle
1046 1971 1155 2010 Ligar.
1175 1974 1205 2002 Ξ.

979 2015 1144 2045 Potulens.
1161 2016 1241 2045 Nat.
1253 2015 1296 2045 D.
1313 2016 1347 2045 ii.
1361 2016 1412 2046 56.
1424 2025 1490 2054 qua
1503 2014 1656 2045 esculen-

933 2058 974 2087 tis
991 2064 1025 2088 et
1036 2060 1253 2098 potalenttbas
1269 2059 1333 2088 iter
1353 2062 1495 2098 pateret.
1522 2057 1575 2087 Ita
1600 2057 1658 2087 de-

933 2102 1009 2131 dere
1025 2112 1065 2132 ex
1081 2103 1214 2141 optimis
1233 2102 1334 2132 Codd.
1361 2102 1454 2132 MSS.
1471 2100 1539 2131 Viri
1556 2101 1659 2133 docti.
1698 2108 1704 2114 ·

933 2145 997 2175 Sed
1027 2145 1182 2176 Davisius
1207 2149 1323 2176 tamen
1342 2144 1527 2186 poculentis
1558 2144 1654 2184 legit,

935 2199 1034 2227 quem
1050 2189 1132 2219 vide.

977 2231 1140 2262 Praebere.
1155 2233 1266 2263 Deiot.
1283 2234 1330 2263 12.
1347 2231 1579 2262 assiduitatem
1595 2231 1656 2262 ali-

934 2276 986 2305 cui
1001 2277 1152 2314 proebere.

977 2318 1149 2349 Pra‘bz'tor.
1183 2319 1247 2349 Off.
1274 2319 1308 2349 ii.
1341 2321 1389 2349 15.
1413 2321 1464 2349 est
1485 2317 1574 2347 idem
1598 2318 1655 2356 qui

933 2362 1122 2400 Parochus3
1146 2362 1203 2392 ubi
1221 2362 1285 2392 vid.
1299 2363 1354 2392 ein
1370 2361 1571 2392 Lieferante.
1595 2361 1658 2391 Ni-

934 2407 960 2436 si
978 2406 1066 2445 quod
1082 2407 1237 2445 proebitm·
1252 2406 1355 2436 etiam
1371 2415 1440 2435 esse
1457 2408 1580 2445 potest,
1598 2404 1654 2443 qui

933 2450 1005 2479 sine
1022 2449 1240 2486 redemtione,
1267 2458 1465 2488 quacunque
1492 2447 1532 2478 de
1555 2457 1658 2479 causa

934 2493 1030 2522 alteri
1055 2493 1183 2533 praebet
1208 2492 1404 2529 necessaria,
1422 2492 1488 2521 sive
1505 2491 1546 2521 de
1563 2492 1656 2530 jure,

933 2537 1000 2566 sive
1016 2546 1077 2566 sua
1090 2539 1225 2576 sponte:
1251 2545 1453 2575 quamquam
1476 2535 1578 2564 etiam
1596 2544 1658 2574 pa-

934 2580 1053 2609 rochus
1069 2580 1114 2610 sic
1132 2580 1196 2609 dici
1213 2584 1334 2619 potest.
1377 2578 1524 2608 Verbum
1535 2577 1658 2617 proebe-

933 2633 969 2653 re
984 2632 1070 2663 saepe
1086 2624 1132 2652 sic
1146 2622 1235 2663 apud
1251 2622 1387 2652 Latinos
1402 2621 1558 2651 occurrit.

977 2667 1312 2697 Proecellentissimus.
1334 2665 1427 2695 Verr.
1443 2665 1485 2695 iv.
1502 2666 1555 2695 44.

978 2709 1171 2747 PJ-oecentz‘o,
1187 2713 1238 2739 est
1252 2708 1444 2746 tibicinum,
1470 2707 1526 2747 qui
1548 2707 1582 2737 in
1606 2707 1659 2737 lu-

933 2752 982 2782 dis
1000 2753 1165 2782 canebant
1187 2752 1290 2788 tibiis,
1316 2752 1412 2790 item,
1440 2760 1518 2781 cum
1534 2750 1658 2780 sacrifi-

934 2800 1078 2826 caretur.
1102 2796 1183 2826 Har.
1201 2796 1240 2826 R.
1259 2798 1306 2825 10.
1324 2811 1329 2820 ·

978 2839 1139 2882 Praeceps.
1177 2839 1242 2870 Pis.
1273 2840 1326 2871 28.
1359 2837 1525 2871 lubricum
1553 2845 1660 2879 genus
