1804 3178
688 171 835 202 mnnx
865 173 1144 207 msromcos.

143 272 288 297 mmo.
318 262 394 295 add.
427 261 507 294 Veu.
537 261 572 293 ii.
605 265 638 296 9.
669 262 751 301 Leg.
783 263 803 293 i.
839 265 871 294 2.

170 307 274 338 uerilt·
297 308 376 346 quid
407 307 441 338 in
473 305 612 336 historia
646 311 870 337 consectatur.

146 318 243 382 brut.
266 354 318 386 74.
342 350 504 382 sermonis
538 349 653 379 usitati
676 350 873 380 emendator

147 404 218 425 esse
251 395 379 433 voluit3
417 394 530 432 itaque
565 393 733 423 inusitatis
765 394 873 424 verbis

147 432 229 469 usus'
259 445 320 468 est.
344 448 364 468 a
387 437 423 468 C.
454 437 556 468 Rusio
589 436 727 467 ridetur.
758 437 872 468 Divin.

146 481 169 512 i.
185 484 238 512 44.
255 481 418 522 disputat,
434 479 571 510 somniis
587 480 675 510 credi
693 490 758 510 non
775 490 872 521 opor-

145 530 230 555 tere.
254 525 353 555 Corn.
372 525 393 554 i.
415 525 449 554 iu
466 528 612 564 praetura
627 524 788 554 bonorum
807 524 870 554 Cn.

144 567 294 598 Cornelii
318 568 556 608 possessionem
581 567 692 597 edicto
717 567 751 598 P.
767 567 872 608 Scipi·

145 612 202 641 oni
225 611 293 641 dat.
315 611 354 641 de
377 613 438 641 hac
461 610 620 641 Parem-a
647 615 677 640 et
705 611 804 641 edicto
826 616 870 642 est

145 655 318 695 disputatio
357 655 446 685 Guil.
482 654 548 684 Ott.
583 654 689 684 Ree'za·
726 655 872 685 lii-curs.

144 698 190 728 ix.
213 698 259 728 ad
281 697 502 737 Theophilum.
547 697 642 728 Verr.
667 698 700 728 ii.
729 701 782 729 45.
816 698 872 728 de-

145 741 257 772 senso:-
289 741 327 772 C.
351 741 462 772 Verris
485 746 520 771 ct
548 741 644 772 Brut.
668 744 721 775 74.
748 741 873 772 Chriti-

142 784 191 815 lii.
221 784 313 815 Verr.
338 785 379 815 iv.
407 788 455 816 15.
490 785 539 814 vir
563 785 739 824 primarius
766 789 800 814 et
825 784 875 815 di-

143 838 209 858 νεῖ.
225 829 264 859 de
277 839 311 859 eo
325 839 355 859 υ.
374 828 506 859 Com-ml.
522 828 568 858 ml
584 829 684 859 Brut.
695 837 732 867 p.
755 831 830 859 344.

189 872 234 903 Ρ.
253 872 353 909 Siser,
371 873 442 902 Att.
460 872 502 902 xi.
522 874 570 902 13.
586 870 696 902 liberti
714 880 849 902 nomen.

190 915 361 956 Sisyphus,
375 915 475 946 Tusc.
491 915 512 945 i.
529 917 582 945 41.
602 914 781 955 prudentia
789 916 871 955 ejus.

145 958 224 990 ibid.
242 963 272 989 5.
285 965 395 990 versat
410 968 539 989 saxum.

188 1003 304 1040 Sih‘ns,
336 1002 407 1032 Att.
441 1011 493 1032 xv.
534 1004 582 1035 17.
617 1002 763 1032 Sittiana
795 1012 871 1042 syn-

144 1046 272 1086 grapha
291 1050 339 1076 est
361 1045 403 1076 ad
433 1045 508 1075 Div.
531 1045 598 1075 viii.
623 1047 654 1076 2.
689 1045 724 1076 Ρ.
748 1046 871 1077 Sitium

143 1092 282 1130 repen'es
311 1098 365 1128 ap.
400 1087 555 1119 Hirtium
585 1089 629 1120 B.
653 1088 730 1129 As'r.
754 1090 807 1121 36.
840 1100 872 1120 v.

140 1142 244 1172 supra
258 1134 295 1163 in
309 1133 346 1163 P.
365 1131 511 1163 Cincius.

189 1176 349 1214 Socrates,
371 1175 472 1206 Tusc.
496 1177 537 1206 iv.
561 1178 613 1210 37.
641 1175 747 1215 qualis
770 1180 872 1207 natu-

142 1229 182 1251 ra
203 1220 317 1251 fuerit.
348 1220 443 1250 Offic.
467 1220 488 1249 i.
512 1219 564 1251 26.
599 1219 716 1250 eodem
739 1229 872 1259 semper

143 1263 254 1300 vultu,
282 1263 465 1302 eademque
486 1263 595 1293 fronte
619 1263 694 1293 fuit.
716 1263 788 1294 Att.
803 1264 870 1294 viii.

142 1308 176 1340 2.
207 1317 285 1337 cum
320 1317 382 1337 xxx
406 1307 539 1347 tyranni
571 1313 696 1344 essent,
729 1307 870 1337 Athenis

143 1351 280 1382 mansit.
303 1350 381 1382 Div.
405 1351 426 1380 i.
449 1353 501 1382 54.
524 1354 600 1390 post
611 1359 758 1390 pugnam
781 1350 871 1390 apud

143 1393 281 1426 Delium
318 1394 449 1431 eadem,
493 1404 559 1433 qua
601 1393 716 1430 ceteri,
752 1393 869 1432 fugere

143 1446 210 1467 non
244 1437 329 1476 vult,
372 1438 450 1477 quia
491 1437 699 1467 deterreatur
733 1447 753 1466 a
785 1437 869 1468 Deo.

143 1481 208 1511 off.
232 1483 253 1512 i.
276 1483 330 1512 41.
363 1486 481 1511 contra
516 1490 624 1510 mores
656 1481 870 1512 consuetudi—

143 1533 287 1564 nemque
299 1524 431 1554 civilem
447 1524 538 1554 fecit.
552 1523 653 1554 Tusc.
665 1524 685 1553 i.
697 1526 748 1558 29.
766 1535 869 1563 quare

142 1567 264 1598 absolvi
280 1568 435 1598 noluerit.
458 1567 529 1598 Fin.
547 1568 580 1598 ii.
602 1570 629 1598 1.
651 1577 769 1607 parens
795 1568 870 1598 Phi-

141 1610 313 1652 losophiae.
334 1610 436 1642 Tusc.
459 1611 480 1642 i.
504 1614 557 1642 41.
580 1610 652 1650 ojus
676 1610 866 1650 adjudices

141 1655 260 1685 oratio.
292 1655 395 1686 Acad.
424 1655 446 1685 i.
482 1657 513 1686 4.
547 1654 618 1693 ejus
652 1653 869 1695 philosophiae

142 1708 247 1738 genus
270 1699 390 1738 quale?
427 1698 502 1730 Div.
526 1699 548 1729 i.
569 1699 623 1730 25.
647 1697 737 1738 apud
759 1698 869 1729 Plato«

143 1751 220 1772 nem
244 1742 374 1773 Critoni
402 1742 555 1783 praedicit
584 1751 678 1772 suam
712 1747 866 1774 mortem.

142 1786 222 1826 Ejus
254 1786 423 1816 somnium
445 1796 486 1816 ea
508 1785 548 1815 de
578 1795 624 1816 re.
655 1784 756 1815 Tusc.
779 1795 809 1816 v.
832 1789 864 1817 4.

141 1830 268 1870 primus
290 1829 534 1870 philosophiam
557 1828 598 1859 de
621 1828 703 1859 coelo
726 1830 868 1861 vocavit.

139 1873 206 1912 Off.
229 1874 275 1903 iii.
299 1876 330 1904 3.
359 1872 487 1903 solebat
515 1882 572 1903 eos
601 1873 777 1910 exsecrari,
810 1875 868 1912 qui

142 1921 265 1947 natura
296 1915 511 1954 cobaerenffia,
535 1915 720 1946 utilitatem
743 1921 778 1946 et
809 1917 868 1947 ho-

142 1964 322 1998 nestatem,
345 1960 501 2000 opinione
523 1959 766 1990 distraxissent.
791 1960 867 1991 Div.

141 2003 163 2033 i.
181 2007 212 2034 3.
228 2007 341 2033 manet
363 2004 399 2033 in
425 2004 639 2042 antiquorum
657 2002 869 2043 philosopho-

143 2056 218 2077 rum
241 2047 412 2077 sententia
433 2046 473 2076 de
507 2047 722 2077 divinatione.
745 2047 808 2076 Off.
833 2049 868 2078 ii.

145 2092 194 2121 12.
218 2090 402 2130 proximam
427 2089 469 2119 ad
499 2089 638 2129 gloriam
672 2089 758 2120 viam
784 2091 869 2121 dixit

139 2143 226 2171 csse,
249 2134 275 2163 si
300 2135 372 2172 quis
397 2133 430 2163 id
452 2139 578 2173 ageret,
609 2137 647 2162 ut
675 2133 780 2172 qualis
810 2134 868 2164 ha-

142 2177 212 2207 beri
245 2176 356 2214 vellet,
385 2176 462 2207 talis
496 2182 594 2207 esset.
625 2175 725 2206 Tusc.
758 2178 778 2207 i.
813 2181 867 2208 43.

142 2221 214 2259 ejus
237 2220 277 2251 de
300 2220 474 2260 sepultura
500 2220 679 2250 sententia.
710 2219 810 2251 Tusc.
835 2231 865 2252 v.

142 2266 197 2298 37.
220 2274 254 2295 se
278 2264 486 2294 mundanum
524 2263 680 2303 appu-ilat.
711 2263 791 2295 Nat.
822 2264 866 2296 D.

143 2308 167 2338 i.
192 2310 244 2339 34.
268 2317 288 2338 a
310 2308 444 2338 Zenone
467 2318 581 2337 scurra
610 2307 743 2337 Atticus
772 2318 868 2338 voca-

140 2356 210 2383 tur.
238 2351 301 2382 Off.
334 2351 353 2381 i.
379 2354 431 2381 30.
461 2351 545 2394 αἴρων.
573 2350 656 2390 'l'op.
690 2353 738 2380 10.
769 2352 867 2382 indu-

142 2396 254 2426 ctione
269 2395 452 2435 plurimum
470 2405 547 2424 usus
564 2401 625 2424 est.

189 2439 358 2475 Socratici,
389 2438 465 2468 Div.
490 2439 510 2468 i.
536 2442 566 2468 3.
591 2443 727 2468 manent
751 2439 784 2468 in
809 2448 867 2469 an-

141 2482 313 2521 tiquorum
336 2481 607 2522 philosophorum
631 2483 802 2512 sententia
825 2483 865 2512 ‹le

142 2525 359 2556 divinatione.
390 2525 454 2556 Off.
492 2526 514 2556 i.
547 2528 599 2559 37.
632 2535 783 2556 sermone
817 2527 867 2556 usi

142 2574 223 2599 sunt
246 2569 313 2599 leni
337 2569 540 2608 minimeque
557 2569 732 2609 pertinaci,
754 2576 789 2599 ct
812 2570 866 2599 cui

144 2613 312 2643 immistus
327 2612 392 2642 fuit
408 2612 509 2653 lepos.

189 2656 296 2693 Solon,
318 2656 383 2687 Off.
407 2657 427 2686 i.
450 2660 503 2687 30.
528 2664 679 2686 vorsutus
713 2660 747 2686 et
776 2656 867 2686 crilli-

143 2699 216 2730 dus.
253 2700 323 2730 Att.
348 2710 379 2730 x.
407 2703 433 2730 l.
473 2701 543 2738 ejus
574 2699 638 2737 lex,
664 2709 705 2730 ne
736 2700 808 2738 quis
833 2701 865 2730 iu

142 2743 306 2773 seditione
328 2743 371 2773 sit
402 2744 554 2773 neutrius
585 2745 698 2784 partis.
733 2743 772 2773 de
806 2744 866 2773 bi-

143 2788 211 2816 vin.
236 2787 258 2817 i.
280 2790 333 2820 49.
357 2787 520 2817 orientem
547 2787 756 2827 tyrannidem
783 2786 866 2816 mul-

141 2833 180 2859 to
202 2836 280 2860 ante
304 2831 481 2870 prospexit.
513 2830 586 2860 Sex.
612 2831 707 2861 Rosc.
732 2832 784 2859 ⁶25.
809 2840 868 2859 cur

145 2872 272 2903 nullam
294 2872 402 2912 legem
425 2874 459 2904 in
493 2874 672 2914 parricidas
700 2874 867 2903 statuerit.

142 2915 208 2946 Off.
232 2917 254 2946 i.
271 2918 322 2947 22.
351 2917 566 2957 Areopagitas
583 2918 770 2947 constituit.
788 2917 867 2957 ch.

143 2959 179 2990 ii.
193 2961 247 2992 23.
263 2961 316 2992 25.
333 2961 385 2992 26.
402 2961 473 3000 ejus
489 2960 543 2992 lex
559 2961 598 2992 ‹le
615 2960 807 3002 sepulturis.

1557 168 1638 211 15³

962 263 1109 304 Sopater,
1133 263 1225 295 Vcrr.
1241 265 1275 295 ii.
1292 266 1345 296 28.
1371 263 1577 300 nuncio-nsit.

961 308 1111 346 Sopater,
1135 305 1227 338 Verr.
1251 309 1291 338 ἰν.
1309 311 1360 341 39-
1382 307 1638 347 Τμιιὶτιτίῐειιιικ.

963 350 1232 389 SoplioclcsNei-r.
1249 351 1294 382 iii.
1318 355 1369 382 88.
1391 351 1638 391 Agrigentinus.

918 392 1017 423 homo
1034 393 1176 423 disertus
1191 399 1224 423 et
1241 394 1369 424 doctus.

964 437 1140 477 Sophocles,
1177 436 1240 466 Off.
1265 437 1285 466 i.
1309 439 1360 466 40.
1385 446 1404 466 a
1428 437 1548 468 Pericle
1572 441 1638 471 col-

917 479 992 519 lega
1015 481 1048 510 in
1072 486 1218 520 praetura
1255 479 1518 520 reprehenditur,
1552 485 1638 521 quod

917 523 1095 563 pulchrum
1120 533 1259 564 puerum
1295 523 1524 554 admiraretur.
1562 527 1638 557 niv.

918 567 940 597 i.
964 569 1016 597 25.
1040 571 1140 607 pot-ta
1163 567 1303 597 divinus.
1335 566 1369 596 in
1402 569 1525 597 somnis
1559 569 1641 600 vidit

920 610 1099 641 Herculem
1123 611 1304 648 dicentem,
1320 610 1392 649 quis
1409 615 1556 650 pateram
1585 621 1643 642 su-

918 664 972 684 am
1006 664 1141 684 auream
1171 654 1396 693 surripuisset.
1442 654 1489 683 Ex
1518 655 1574 684 Or.
1612 659 1641 686 1.

917 698 1059 735 intelligi
1093 702 1204 738 potest,
1243 698 1422 728 Cicer-onem
1457 697 1642 737 Sophoclem

911 750 974 781 pro
985 742 1132 781 principe
1148 741 1365 780 Tragicorum
1383 741 1537 771 habuis-sc.

963 784 1094 825 Sopolis,
1119 785 1188 816 Att.
1222 786 1263 815 iv.
1297 785 1345 814 16.
1377 784 1484 824 pictor
1513 784 1643 816 celeber

917 830 1067 867 tempore
1086 829 1264 858 Ciceronis.
1309 827 1422 869 Hujus
1437 829 1535 858 eciam
1552 838 1642 859 men·

918 873 960 901 tz'o
983 872 1074 911 apud
1095 872 1187 902 Ptin.
1211 882 1305 902 xxxv,
1333 874 1380 901 11.
1416 871 1483 902 Sed
1504 872 1547 901 ibi
1571 874 1644 902 vu!-

913 924 956 953 go
979 914 1116 955 Sopylus
1139 915 1278 946 dicitur.-
1315 919 1345 944 ee
1368 916 1412 945 sic
1435 915 1551 946 caudae
1572 916 1642 947 «Ju-

916 959 991 988 nius
1006 960 1039 988 in
1056 960 1206 997 catalogo
1215 970 1252 999 p.
1267 960 1318 989 21.
1334 957 1389 995 &aa

959 1001 1122 1042 Sosippus,
1153 1003 1245 1032 Verr.
1278 1002 1311 1031 ii.
1347 1006 1379 1036 9.
1413 1002 1642 1043 AgyrinensiS,

915 1045 1020 1076 frater
1035 1046 1209 1086 Epicratis.
1291 1071 1296 1077 .

958 1089 1133 1126 Sositenus‚
1150 1090 1242 1120 verr.
1260 1089 1305 1119 iii.
1323 1091 1374 1122 87.
1392 1088 1591 1120 Entellinus.

959 1131 1135 1170 Sositheus,
1159 1133 1232 1164 Λα.
1250 1134 1269 1162 i.
1288 1134 1336 1163 12.
1364 1142 1476 1163 servus
1492 1142 1640 1173 anagno-

913 1179 980 1205 stes
999 1176 1178 1207 Ciceronis.

961 1219 994 1249 C.
1019 1218 1139 1257 Sosius,
1163 1219 1233 1250 Att.
1255 1220 1323 1249 viii.
1345 1219 1377 1249 6.
1401 1224 1523 1259 praetor
1552 1220 1640 1251 Len-

914 1263 981 1292 tulo
1004 1267 1035 1292 et
1061 1263 1094 1293 C.
1124 1263 1282 1293 Marcello
1317 1262 1396 1293 Coss.
1431 1263 1508 1294 Fuit
1537 1263 1639 1303 Quae-

914 1310 984 1336 stor
1000 1306 1047 1336 M·
1066 1305 1196 1346 Lepidi.

957 1349 1000 1390 ‚Q-
1025 1349 1144 1388 Sos-ius,
1178 1349 1258 1380 Nat.
1289 1350 1332 1380 D.
1369 1350 1414 1380 iii.
1449 1353 1501 1380 30.
1537 1359 1637 1389 eques

913 1391 1055 1423 Roman.
1079 1403 1118 1423 ex
1149 1402 1228 1433 agro
1259 1393 1393 1431 Piceno,
1433 1393 1638 1424 tabularium

913 1436 1073 1467 incendit.

958 1480 1138 1518 Sostratus,
1160 1479 1253 1511 Verr.
1277 1480 1322 1510 iii.
1353 1482 1406 1512 23.
1447 1480 1637 1521 Centuripi-

915 1532 988 1554 nus.

959 1567 1065 1604 Sosus,
1087 1567 1189 1598 Acad.
1223 1567 1263 1597 iv.
1294 1569 1326 1598 4.
1364 1567 1447 1598 liber
1479 1566 1637 1598 Antiochi

913 1617 1031 1641 contra
1047 1611 1230 1641 Philonem.

959 1653 1121 1684 sotericus
1143 1654 1303 1691 Marcius,
1328 1653 1419 1684 Balb.
1443 1656 1494 1685 25.
1516 1653 1637 1684 Tibur-

911 1699 1019 1736 tinus,
1042 1699 1229 1728 Sotericum
1245 1699 1369 1728 malum
1387 1698 1547 1737 artificem
1563 1699 1638 1729 lau-

913 1741 971 1771 dae
988 1741 1107 1772 Seneca
1120 1751 1176 1782 op.
1206 1741 1289 1771 Gell.
1306 1741 1362 1771 xii.
1379 1744 1410 1771 2.

957 1785 1152 1824 Spartacus,
1171 1784 1251 1815 Har.
1278 1794 1362 1824 resp.
1394 1786 1441 1815 12.
1466 1785 1526 1815 &c.
1553 1784 1638 1815 Due

901 1827 1145 1868 fugitivorum,
1162 1829 1217 1868 qui
1234 1829 1351 1858 bellum
1373 1829 1489 1859 servile
1504 1838 1640 1859 conemo⁴

911 1873 968 1902 vit.

960 1914 1125 1956 Sphaerus,
1141 1915 1241 1946 Tusc.
1257 1916 1298 1945 iv.
1316 1917 1368 1946 24.
1385 1915 1514 1945 Stoicus
1528 1926 1538 1953 ;
1563 1915 1634 1953 ejus

914 1959 1123 1989 definitiones
1141 1959 1331 1995 laudantur,
1348 1964 1382 1988 ct
1399 1959 1439 1988 ab
1456 1959 1525 1998 ipso
1540 1958 1638 1993 *Cice-

913 2013 991 2033 rone
1025 2003 1235 2033 adhibentur.
1289 2004 1508 2041 Bosporanus,
1534 2002 1638 2031 Zeno-

913 2048 964 2077 nis
984 2046 1089 2077 Cittiez·
1104 2047 1279 2086 discipulus
1296 2056 1355 2075 wan
1374 2047 1517 2075 ultimus.
1548 2045 1586 2074 de
1601 2054 1636 2074 eo

913 2100 943 2119 v.
973 2090 1087 2120 Luem.
1118 2090 1173 2119 xii.
1204 2093 1273 2124 177.
1299 2090 1445 2120 Torreat.
1469 2089 1514 2118 ad
1542 2087 1636 2118 Suet.

913 2135 1001 2171 Aug.
1026 2137 1077 2167 89.

959 2178 1165 2216 Speusippus,
1211 2175 1311 2206 Acad.
1350 2176 1370 2205 i.
1406 2178 1437 2206 4.
1486 2174 1635 2204 Platonis

913 2231 953 2250 ex
983 2230 1092 2250 sorori·
1129 2230 1240 2259 nepos.
1265 2218 1469 2249 Amul-quiem
1494 2218 1636 2258 philoso-

914 2264 999 2304 phia·
1017 2265 1107 2303 quusi
1126 2263 1218 2293 heres
1236 2263 1433 2300 relinquitur
1450 2272 1468 2291 a
1484 2261 1634 2292 Platone.

913 2308 970 2338 Or.
995 2308 1039 2337 iii.
1067 2310 1115 2337 18.
1139 2306 1184 2336 nil
1209 2306 1248 2335 ab
1271 2305 1446 2336 Ariston-lv
1469 2305 1636 2335 dissensit.

912 2352 991 2382 Nat.
1019 2353 1058 2381 Ι).
1084 2351 1104 2380 i.
1134 2354 1180 2380 115.
1216 2350 1323 2379 Deum
1341 2359 1411 2379 csse
1427 2349 1492 2378 vim
1508 2349 1637 2379 anima·

913 2394 992 2431 lum,
1009 2395 1122 2423 omnia
1137 2401 1322 2432 regentem,
1339 2393 1467 2422 statuit.

958 2438 1170 2476 Spinfflarns,
1187 2438 1256 2466 Ait.
1281 2437 1348 2466 xiii.
1369 2438 1421 2467 25.
1446 2445 1558 2466 servus
1574 2442 1635 2466 aut

911 2482 1048 2511 libertus
1065 2481 1242 2510 Cim-runis.

957 2526 1066 2564 Spina,
1083 2525 1124 2554 N
1150 2524 1190 2553 ἐ).
1217 2524 1261 2553 iii.
1278 2525 1330 2554 20.
1356 2524 1446 2553 Deus
1464 2521 1632 2553 Romano-

913 2579 997 2603 rum.
1024 2568 1151 2608 propri«-
1171 2568 1287 2597 fluxius
1310 2576 1412 2606 prope
1431 2566 1582 2596 Romam.

958 2612 1113 2651 Spongia,
1132 2611 1201 2641 Ait.
1219 2611 1238 2639 i.
1263 2609 1424 2649 16.ju‹lex
1451 2609 1485 2638 in
1503 2608 1634 2646 ‚judicio

912 2656 1071 2685 Clodiano
1089 2653 1310 2690 ‹1··r‹=ligiom·.
1335 2662 1448 2682 nomen
1462 2652 1597 2692 fictum.

956 2700 1136 2737 Spurinna,
1153 2697 1193 2726 aul
1209 2697 1336 2727 l)iv.ix.
1351 2699 1403 2728 ¹24.
1419 2696 1531 2726 Divln.
1548 2696 1569 2726 i.
1583 2698 1636 2728 52-

911 2742 1084 2781 haruspex.

959 2788 991 2815 (f.
1018 2785 1184 2821 suolmam,
1219 2784 1352 2814 Cluent.
1381 2786 1412 2817 7.
1438 2792 1498 2821 pro
1519 2790 1580 2822 quo
1602 2786 1634 2813 et

911 2831 980 2865 alii,
1000 2829 1162 2857 ‘iuuenum
1200 2826 1465 2865 Senator,ju‹lex
1490 2826 1524 2855 in
1541 2825 1636 2864 judi-

912 2874 962 2902 cio
984 2872 1142 2908 anniano,
1159 2871 1246 2911 apud
1261 2881 1359 2910 quem
1377 2869 1518 2910 pecunia
1533 2868 1635 2909 depo·-

911 2917 976 2945 sita
1003 2921 1066 2952 cst,
1093 2925 1157 2954 qua
1176 2915 1379 2954 Oppianicus
1407 2912 1538 2951 judices
1561 2922 1632 2942 eor-

913 2969 1066 3001 rumpere
1094 2958 1256 2990 voluerat.
1288 2957 1422 2990 Cluent.
1453 2958 1506 2988 524.
1537 2954 1632 2987 Brut.
