1804 3178
590 91 735 123 mmsx
768 92 1059 124 LA'rlNlTA‘rls.

65 187 132 222 que
147 178 289 222 pellunt.
325 180 486 212 Ratione·
501 184 616 211 autem
632 179 675 211 ad
689 184 792 211 tenue

62 226 206 256 eliu-aee
220 230 299 255 sunt
317 224 456 255 subtile·
481 223 680 254 ratiunculae
710 225 793 254 Aca-

63 267 287 305 demicorum,
310 268 428 308 quibus
459 267 535 297 visis
559 276 627 297 non
649 276 720 297 esse
743 277 794 298 as-

62 311 292 349 sentiendum,
309 321 412 351 eaque
427 310 552 345 fallere,
569 310 676 340 docet.

106 353 261 392 Eeomre,
290 353 502 395 verpachten.
539 353 632 384 Verr.
664 354 708 384 iii.
740 355 792 384 9‘2.

63 405 134 428 rem
159 397 202 428 ad
223 407 259 428 se
281 397 448 438 pertinere
465 397 624 437 negabat:
651 397 791 427 fundum

59 450 131 472 osee
145 443 303 472 elocatum
317 440 460 471 dicebat.

107 483 275 516 Elocutus.
306 483 412 514 Flacc.
436 486 489 515 ΩΒ.
523 483 609 523 quod
633 483 689 514 illa
712 493 793 523 gens

61 528 165 565 victa,
188 527 278 567 quod
300 529 434 565 elocuta,
459 528 546 566 quod
572 537 637 557 seri
647 534 711 557 ata.
759 528 792 557 Si

61 580 163 607 sanus
185 575 237 601 est
259 570 363 608 locus,
379 580 494 601 sensus
518 576 580 608 est,
597 570 790 610 vectigalem

59 618 96 644 et
109 613 322 644 tributariam
343 624 414 645 esse
438 614 574 652 factam,
592 625 636 645 sc.
654 625 673 645 a
698 615 792 644 Pom-

61 657 156 698 peio:
195 663 296 696 atque
327 657 389 688 hoc
425 658 505 688 dicit
535 660 689 689 eloe-alam
722 668 792 688 esse

61 707 212 740 gentem,
228 700 316 739 quod
338 701 514 740 vectigalia
536 701 687 731 solebant
712 701 791 741 pub-

59 742 178 774 licanis
209 743 322 775 locari.
378 744 429 775 lta
458 744 618 784 intelligit
648 744 793 783 Scaliger

62 786 105 818 ad
127 787 249 818 Euseb.
274 798 306 828 p.
330 791 399 818 153.
445 788 594 824 Servata,
609 787 697 827 quod
720 788 792 818 Ma-

59 831 177 862 nutius
207 840 276 862 uon
304 831 544 870 concoquebat‚
568 831 716 862 Graesius
743 832 793 861 in-

58 876 280 915 terpretatur,
296 871 410 905 nostra
427 882 508 912 <non
526 874 590 905 Dei
613 874 678 912 sui)
699 875 792 905 boni·

61 922 133 948 tate
157 922 192 948 et
217 917 443 948 misericordia
469 923 610 955 servata,
634 928 709 948 euni
737 928 792 948 ex-

60 960 282 991 scindifacile
298 971 318 991 a
341 961 435 991 nobis
460 962 633 1000 potuisset.
677 961 788 1001 Quid?

59 1005 86 1035 ni
103 1004 152 1038 ita
172 1005 454 1044 interpretemur:
487 1005 520 1034 in
547 1009 708 1045 potestate
733 1014 790 1034 no-

0 1071 5 1075 .
58 1055 131 1078 atra
152 1051 283 1078 servata
305 1053 369 1085 est,
387 1058 447 1078 nec
463 1058 497 1078 se
515 1048 653 1079 liberare
670 1049 791 1088 potuit.

61 1089 115 1122 Ita
129 1089 247 1121 melior
262 1096 350 1121 certe
366 1092 429 1121 erit
453 1091 622 1130 gradatio:
648 1092 710 1121 nisi
727 1092 792 1122 for-

58 1139 96 1165 te
119 1143 175 1165 eos
197 1135 291 1174 sequi
316 1134 420 1170 lubet,
440 1135 495 1174 qui
519 1144 612 1165 serva
634 1135 723 1165 faeta
746 1135 791 1165 le-

60 1177 210 1217 gendum
234 1182 386 1216 censent,
403 1177 491 1217 quod
514 1179 667 1217 sequitur
689 1178 791 1208 Scaii-

54 1230 116 1262 ger
131 1220 194 1252 loc.
212 1222 271 1252 cit.

104 1264 279 1304 Effigiem,
294 1265 430 1302 titulus,
446 1265 628 1304 inscriptio.
654 1264 754 1295 Tusc.
769 1264 791 1296 i.

64 1311 127 1345 14..
142 1308 222 1348 quid
236 1309 309 1349 ipsa
323 1309 573 1349 sepulchrorum
593 1319 792 1339 monumen—

59 1356 107 1389 ta,
124 1352 204 1391 quid
219 1353 324 1391 elogia
337 1353 553 1392 significant?
587 1352 656 1392 [fin.
682 1352 714 1382 ii.
739 1355 791 1383 35.

57 1397 165 1435 elogia
194 1401 500 1426 monumentorum.
543 1395 585 1426 cs.
616 1396 650 1425 in
680 1395 790 1426 Pison.

59 1440 114 1473 99.
131 1443 217 1469 extr.
241 1449 271 1469 v.
287 1438 428 1469 casaub.
446 1438 487 1469 ad
503 1439 640 1478 Suet-on.
656 1438 725 1469 Jul.
737 1442 790 1473 47.

61 1481 168 1522 Calig.
184 1485 237 1514 94.
267 1482 406 1512 Salmas.
431 1483 518 1512 mod.
543 1482 641 1513 Usur.
665 1492 696 1521 p.
717 1483 791 1516 670.

60 1525 136 1560 675.
152 1535 200 1564 sq.
223 1525 303 1556 hinc
318 1535 396 1556 vero
408 1525 509 1556 ducta
523 1535 562 1555 ea
577 1526 790 1564 significatio,

58 1578 126 1608 qua
146 1570 287 1608 etogium
309 1578 370 1609 pro
391 1568 488 1600 laude
511 1570 657 1609 ponitur.
702 1567 790 1600 Nam

58 1611 154 1643 tituli
170 1618 468 1643 monumentorum
490 1613 710 1643 continebant
733 1612 791 1642 ho-

59 1665 180 1686 norum
217 1666 396 1694 rerumque
432 1661 602 1696 gestarum
642 1655 789 1686 nomina.

59 1697 144 1730 Cato
165 1702 214 1733 17.
242 1700 303 1730 διο.
327 1698 790 1740 *caput‚excerptum,p‘iiei;.

23 1753 25 1755 “
59 1741 196 1773 cluent.
213 1745 266 1774 48.
297 1744 438 1782 elogium
463 1743 502 1773 de
520 1746 724 1773 testamento
740 1752 791 1772 re-

56 1785 169 1817 ‘citasti
194 1785 255 1816 Cn.
277 1786 426 1826 Egnatii,
450 1786 572 1817 idcirco
595 1795 630 1816 se
654 1785 790 1816 exhere—

59 1828 154 1860 dasse
171 1828 278 1860 filium
296 1830 357 1859 &c.
386 1829 451 1860 Sed
467 1830 545 1869 quia
560 1830 594 1859 in
618 1838 656 1859 eo
679 1829 789 1868 capite

58 1882 161 1903 causa
175 1872 387 1910 afferebatur,
403 1883 504 1912 quare
519 1872 789 1910 exheredaretur,

59 1916 111 1947 uti
141 1916 176 1946 in
205 1915 314 1947 titulis
343 1920 377 1946 et
399 1918 511 1955 elogiis
536 1926 666 1947 reorum
692 1920 725 1945 et
749 1915 790 1946 ad

56 1958 259 2000 supplicium
275 1959 504 1990 ducendorum
523 1969 631 1990 causae
650 1959 789 1990 carceris

57 2008 94 2033 et
109 2012 236 2043 poenae;
264 2008 439 2043 propterea
461 2005 600 2042 elogium
625 2003 658 2032 in
683 2013 718 2033 re
740 2008 790 2032 te-

56 2047 276 2077 stamentaria
298 2056 357 2087 pro
381 2055 481 2076 causa
505 2046 629 2076 dieitur
654 2045 790 2076 exhere-

55 2089 200 2120 dationis
227 2094 286 2121 aut
312 2089 412 2129 legati
439 2090 499 2119 ἀε-
525 2089 667 2129 Quintil.
693 2088 788 2120 Decl.

58 2132 94 2164 ii.
114 2135 164 2165 15.
194 2133 283 2173 quod
302 2133 375 2163 ideo
399 2133 523 2173 putetis
547 2132 678 2162 nullum
701 2132 790 2171 adje-

57 2180 152 2208 ctum
183 2176 226 2207 ad
255 2176 546 2207 exheredationem
572 2175 707 2214 juvenis
729 2177 787 2206 elo-

53 2220 164 2260 gium,
187 2221 267 2260 quia
288 2220 328 2250 de
352 2219 475 2250 scelere
499 2225 642 2249 constet.
675 2217 792 2249 laudat

56 2263 102 2294 ibi
130 2262 345 2294 Burmannus
374 2263 565 2294 Comment.
589 2261 630 2293 ad
654 2261 788 2292 Petron.

55 2317 85 2337 e.
101 2309 154 2340 53.

101 2349 233 2391 Eloqui.
257 2349 323 2381 Off.
339 2349 386 2380 iii.
406 2352 455 2382 15.
480 2349 508 2380 si
525 2347 565 2379 ad
580 2348 790 2389 eloquendum

56 2395 202 2432 venerit,
225 2402 293 2424 non
319 2393 393 2434 plus
417 2403 517 2432 quam
540 2393 642 2423 semel
666 2394 790 2432 eloque-

55 2441 135 2470 tur.-
157 2437 198 2468 de
219 2436 445 2467 venditoribus
469 2446 578 2466 rerum
603 2445 791 2476 promerca-

57 2479 156 2519 lium,
173 2490 250 2511 cum
268 2481 413 2520 pretium
431 2481 476 2510 rei
494 2479 622 2510 dicunt.

100 2523 262 2562 Eludere,
288 2533 418 2554 vexare.
450 2523 542 2554 Verr.
570 2522 615 2553 iii.
643 2524 696 2553 40.
724 2523 791 2553 elu-

58 2566 136 2599 dere
149 2574 309 2598 aratores.
333 2566 450 2598 Milon.
469 2568 518 2598 12.
541 2566 671 2596 eludere
687 2575 791 2605 remp.

59 2611 95 2641 in
120 2611 190 2642 suis
220 2610 386 2641 furoribus
414 2610 580 2650 cogitatis.
619 2609 714 2639 ssus.
738 2611 790 2639 33.

58 2653 151 2693 quod
165 2654 301 2693 quidem
322 2660 364 2685 tu
379 2654 536 2684 eludebas.
561 2653 581 2682 i.
605 2663 634 2682 e.
659 2653 791 2683 irritum

59 2696 205 2727 faciebas
220 2702 256 2728 et
271 2707 338 2728 non
354 2698 438 2728 serio
455 2697 506 2736 agi
524 2695 730 2726 ostendebas.

103 2739 244 2778 Etuere,
261 2741 384 2772 sensim
399 2740 530 2777 tollere,
547 2740 628 2771 Lael.
644 2741 679 2770 ⁴21
690 2761 697 2768 .
725 2739 793 2768 elu-

59 2793 114 2815 ere
129 2783 294 2814 amicitias
311 2785 504 2816 remissione
522 2793 610 2814 usus.
636 2783 793 2814 Dissuere

59 2825 192 2857 dixerat
205 2825 270 2858 off.
287 2827 309 2858 i.
325 2831 378 2859 33.

105 2869 267 2917 Blatere.
299 2870 340 2902 ad
364 2871 439 2904 Div.
464 2871 508 2902 ix.
531 2872 585 2903 530.
622 2870 711 2901 eluxi
737 2877 795 2909 pa-

1483 90 1567 132 289

839 182 959 211 triam:
1000 182 1130 213 luctum
1167 193 1184 213 e
1217 185 1262 216 rei
1299 185 1438 226 publice
1468 188 1564 221 malin

837 227 1018 261 eonsumsi,
1034 226 1245 266 deposuique.

878 268 1016 298 Eluvies
1029 279 1086 308 pro
1098 270 1195 300 Dum.
1206 266 1258 301 ²20.
1281 271 1369 303 labes
1381 277 1479 313 atque
1490 276 1557 305 elu-

835 321 899 341 mes
914 319 1069 342 civitatis.

880 354 1064 386 Euenum-e.
1094 355 1150 386 Or.
1169 356 1188 386 i.
1206 359 1257 387 4⁴2.
1288 358 1402 390 sormae
1425 369 1442 389 e
1459 369 1559 399 gene-

835 397 924 428 ribus
939 402 1104 429 emanant.

879 441 1103 483 L‘mwicipare
1122 447 1276 483 parentes
1299 443 1458 476 dicuntur
1478 445 1558 476 libe-

835 494 900 523 ros,
924 496 1000 516 eum
1028 496 1083 516 eos
1105 496 1122 515 e
1147 487 1255 527 patria
1278 492 1438 527 potestate
1462 490 1557 519 emit-

833 533 925 565 tunt,
943 535 993 566 ut,
1009 533 1068 559 aut
1090 530 1140 560 sui
1157 530 1243 569 juris
1267 531 1345 567 sint,
1362 538 1418 561 aut
1438 532 1477 561 ab
1492 532 1556 562 alio

834 571 1048 612 adoptentur.
1076 573 1110 603 in
1141 574 1236 611 cujus
1264 575 1371 614 patria
1395 579 1558 614 potestate

833 616 912 645 sint.
943 616 1042 646 Doni.
1064 619 1112 647 14.
1143 616 1336 656 adoptatum
1358 620 1559 658 emancipari

833 660 961 696 statim,
979 669 1019 689 ne
1035 660 1077 690 sit
1093 660 1163 699 ejus
1188 660 1288 698 filius,
1305 661 1361 700 qui
1384 662 1560 702 adoptarit.

834 701 904 732 Fin.
921 703 941 732 i.
959 706 989 736 7.
1015 703 1121 733 silium
1139 704 1172 733 in
1188 703 1400 744 adoptionem
1418 705 1460 736 D.
1477 705 1559 735 Sila-

835 755 877 775 no
907 748 1180 787 emancipat-erae.
1222 747 1329 777 *hinc
1359 750 1560 789 emancupari

834 788 931 818 alicui
949 788 1119 827 eleganter
1133 790 1268 827 dieitur,
1284 791 1371 829 quod
1394 797 1442 822 est
1462 792 1558 822 alteri

834 832 866 861 in
891 838 1088 872 potestatem
1110 834 1283 870 traditum,
1301 834 1483 872 addietum,
1501 844 1559 865 no-

832 879 965 914 straque
989 877 1157 906 voluntate
1179 877 1370 908 obnoxium.
1392 878 1482 912 ,Cato
1510 881 1559 909 11.

832 919 858 948 si
872 923 1023 950 senectus
1041 921 1165 950 nemini
1178 922 1380 961 emancipala
1396 930 1456 952 est.
1474 921 1558 953 Phil.

833 962 866 992 ii.
883 964 934 992 21.
965 969 1038 993 tum
1065 963 1124 993 iste
1141 963 1312 994 venditum
1329 972 1427 1004 atque
1443 974 1556 995 eman-

831 1007 974 1044 cipatum
990 1007 1198 1037 tribunatum
1215 1007 1358 1037 consiliis
1371 1009 1486 1039 vestris
1498 1019 1557 1048 op-

831 1050 954 1088 posuit.
999 1056 1140 1088 utroque
1170 1056 1284 1080 tamen
1316 1051 1349 1080 in
1379 1051 1450 1081 loco
1482 1051 1557 1082 libri

832 1092 967 1131 quidam
991 1092 1114 1122 habent
1137 1093 1376 1133 mancipatum.
1399 1103 1429 1124 ν.
1451 1099 1483 1125 et
1506 1096 1555 1124 in-

832 1135 882 1166 fra
898 1137 931 1165 in
951 1137 1170 1176 mancipatus.
1190 1136 1254 1167 vid.
1274 1137 1414 1168 Gronov.
1438 1138 1479 1169 ad
1498 1138 1555 1168 Se-

833 1188 905 1209 nec.
920 1189 972 1219 ep.
990 1182 1043 1210 45.

875 1221 1106 1253 Emhamtica.
1129 1222 1169 1252 ad
1190 1223 1318 1254 Divers.
1342 1224 1408 1254 viii.
1435 1226 1462 1254 1.
1493 1233 1554 1263 ego

833 1266 887 1304 qui
903 1267 1035 1302 scirem,
1050 1266 1089 1305 Ω.
1109 1266 1301 1306 l'ompeium
1320 1267 1429 1298 Baulis
1446 1269 1555 1298 emboe-

832 1311 970 1339 melicum
988 1309 1110 1346 facere,
1126 1315 1161 1339 et
1177 1320 1279 1349 usque
1295 1321 1346 1347 eo,
1361 1316 1400 1340 ut
1417 1321 1478 1350 ego
1495 1311 1557 1340 mi-

832 1361 958 1382 sereret·
973 1353 1043 1391 ejus
1059 1353 1176 1382 esuriei
1195 1354 1253 1383 tte.
1299 1354 1350 1384 De
1374 1353 1435 1384 hoc
1459 1354 1558 1384 verbo

833 1405 905 1435 quae
921 1395 1135 1435 disputentur
1156 1396 1220 1426 vid.
1236 1406 1287 1436 ap.
1305 1396 1411 1428 Graev.
1428 1397 1468 1427 ad
1485 1397 1516 1428 h.
1535 1397 1556 1428 l.

833 1449 939 1478 neque
963 1439 1065 1476 enim,
1089 1448 1128 1469 ea
1151 1439 1216 1468 huc
1239 1441 1432 1478 transferre,
1452 1441 1556 1471 nostri

832 1488 883 1512 est
921 1482 1080 1512 instituti.
1137 1481 1304 1512 Addamus
1337 1483 1399 1513 hoe
1436 1493 1556 1521 unum,

831 1525 984 1555 vossium
1009 1525 1050 1554 ad
1075 1525 1196 1555 Catull.
1221 1536 1251 1565 p.
1271 1529 1322 1557 54.
1356 1526 1480 1565 legere:
1507 1527 1559 1565 ὄμ-

832 1568 983 1605 aemwehv,
1009 1573 1042 1598 et
1067 1567 1138 1597 haec
1163 1568 1320 1607 adjicere:
1356 1570 1450 1601 Bauli
1476 1569 1557 1600 olim

832 1617 904 1641 erat
919 1613 1057 1641 taberna
1069 1617 1103 1641 et
1115 1611 1330 1642 diversorium
1343 1613 1445 1643 totius
1459 1613 1557 1643 Cam-

832 1655 939 1694 paniae
960 1655 1262 1685 affluentissimum.
1309 1655 1356 1685 lbi
1380 1657 1556 1695 Pompeius

833 1708 950 1738 eorpus
968 1697 1066 1738 largis
1083 1699 1220 1729 curabat
1235 1698 1386 1738 dapibus,
1399 1701 1486 1729 unde
1504 1699 1559 1729 Ci-

832 1751 907 1771 eero
933 1741 1070 1780 (Coelius
1093 1741 1224 1771 volebat
1254 1742 1376 1780 dicere)
1406 1742 1498 1780 dicit,
1522 1751 1558 1773 se

831 1785 979 1815 misereri
1001 1785 1086 1824 ejus,
1111 1788 1226 1824 utpote
1249 1786 1305 1824 qui
1326 1790 1460 1815 tantum
1484 1795 1558 1816 esu-

833 1828 907 1858 riat.
955 1827 1104 1858 Turnebi
1135 1827 1331 1858 lectionem:
1372 1829 1558 1868 erupeneti-

832 1881 918 1908 cam,
936 1881 954 1901 a
969 1872 1082 1906 πεινᾶἱν,
1096 1877 1169 1910 post
1186 1870 1384 1902 Lambinum
1398 1872 1556 1912 probabat

831 1915 931 1944 etiam
964 1916 1100 1944 Salmas.
1131 1913 1172 1944 ad
1203 1914 1304 1944 Solin.
1329 1924 1403 1954 pag.
1427 1918 1500 1948 707.
1523 1914 1556 1945 b.

832 1958 913 1988 item
938 1957 1134 1988 Tunstallus
1161 1957 1266 1998 Epist.
1293 1957 1332 1987 ad
1360 1957 1557 1988 Middleton.

831 2011 905 2042 pag.
927 2004 996 2031 101.

876 2044 1064 2081 Emblema,
1093 2043 1238 2084 sigillum
1273 2048 1323 2075 est
1352 2044 1386 2074 in
1418 2049 1557 2084 argento

832 2088 957 2118 caelato.
989 2087 1080 2117 Verr.
1098 2088 1138 2118 iv.
1162 2091 1208 2122 17.
1240 2087 1302 2117 vid.
1319 2087 1466 2124 caelatus,
1483 2097 1557 2118 cru-

831 2135 893 2161 sta.
923 2130 1060 2161 Salmas.
1078 2131 1118 2160 ad
1135 2131 1237 2161 Solin.
1253 2140 1327 2170 pag.
1344 2131 1418 2164 736.
1434 2130 1559 2161 dicitur

830 2179 944 2205 tamen
960 2175 1062 2204 etiam
1079 2174 1118 2204 de
1135 2174 1286 2214 operibus
1300 2173 1488 2209 tessellatis,
1501 2183 1558 2213 pa-

832 2218 1001 2255 vimentis,
1024 2218 1058 2247 in
1088 2218 1204 2257 quibus
1230 2216 1321 2247 nulla
1343 2216 1452 2256 sigilla
1474 2228 1558 2259 mgi-

833 2261 907 2301 φανῆ
927 2272 952 2292 s.
975 2261 1169 2290 eminentia.
1199 2260 1255 2291 Or.
1273 2261 1319 2290 iii.
1335 2263 1388 2291 43.
1419 2269 1436 2289 e
1460 2258 1561 2290 Luci—

832 2305 892 2335 lio:
919 2303 1003 2334 endo
1019 2305 1209 2344 pavimento
1231 2307 1265 2333 et
1281 2304 1468 2334 emblemate
1487 2313 1558 2332 ver·

833 2347 1003 2378 miculam.
1049 2347 1102 2376 Sic
1125 2347 1218 2377 Varr.
1234 2346 1273 2377 R.
1289 2346 1328 2376 R.
1345 2347 1389 2377 iii.
1407 2348 1436 2377 2.
1453 2349 1486 2377 4.
1517 2345 1563 2376 de

833 2390 984 2421 villarum
1003 2393 1150 2420 veterum
1167 2389 1380 2429 frugalitate:
1407 2397 1487 2420 num
1505 2388 1559 2419 hie

833 2435 969 2471 citrum,
982 2443 1061 2464 num
1079 2443 1199 2463 aurum
1216 2432 1304 2462 vides
1315 2433 1455 2463 ?—num
1471 2431 1560 2471 quod

832 2478 988 2508 emblema
1004 2483 1062 2506 aut
1078 2477 1327 2507 lithostrotum?

877 2521 1077 2552 Emhntium.
1104 2520 1192 2549 Sext.
1210 2522 1260 2550 54.
1291 2518 1330 2548 de
1347 2517 1479 2549 Clodio:
1505 2517 1560 2548 ille

834 2564 902 2604 ipse
919 2564 1061 2594 maxime
1080 2563 1202 2600 ludius,
1220 2572 1285 2592 non
1309 2563 1416 2592 solum
1432 2567 1561 2602 specta·

832 2613 899 2644 tor,
911 2607 967 2637 sed
981 2610 1072 2636 actor
1083 2611 1117 2636 et
1134 2615 1298 2642 acroama,
1311 2605 1367 2644 qui
1383 2605 1496 2636 omnia
1512 2614 1562 2634 so-

834 2651 914 2680 roris
945 2650 1078 2681 embolia
1113 2649 1214 2679 novit.
1260 2648 1347 2688 Quia
1386 2648 1425 2678 de
1464 2657 1562 2678 scena

834 2703 956 2731 sermo,
975 2693 1188 2722 manifestum
1207 2699 1257 2722 est
1280 2691 1380 2722 alludi
1406 2691 1447 2721 ad
1461 2692 1561 2721 embo-

835 2739 879 2767 lia
903 2736 1104 2774 fabularum,
1128 2745 1201 2774 quae
1231 2741 1264 2766 et
1289 2732 1426 2766 ὶτιισὸἲια
1450 2734 1563 2763 dicun-

834 2787 903 2817 tur,
920 2780 982 2809 hoe
1005 2785 1068 2815 est,
1085 2779 1306 2818 ‹ligi-essiones
1330 2788 1349 2808 a
1372 2777 1495 2813 fabula,
1514 2774 1562 2806 vel

835 2823 962 2853 exodia.
1008 2822 1111 2853 Ludit
1138 2827 1250 2852 autem
1280 2823 1314 2852 in
1345 2821 1561 2860 ambiguitate

837 2867 941 2898 verbi.
984 2865 1070 2898 Nam
1092 2865 1170 2906 quia
1185 2865 1316 2904 ὶμςὸλιοι
1331 2869 1393 2902 est,
1410 2862 1496 2904 quod
1512 2872 1565 2893 n—

903 2917 922 2939 υ
