1790 3219
134 62 218 110 472

138 162 207 192 tius
221 168 319 200 porro
331 158 476 195 monuit,
491 156 611 198 respici
619 156 662 187 ad
677 166 803 187 morem
817 156 881 188 mi-

141 204 292 241 litarem,
309 213 374 243 quo
389 201 507 232 velites
519 201 554 231 in
569 201 688 232 itinere
702 200 882 242 portabant

144 247 293 278 sarcinas
308 246 468 277 militum.
485 245 564 277 hinc
580 245 719 275 verbum
731 254 882 275 onerare.

146 291 213 324 Sed
227 291 290 322 hoc
305 290 418 322 nescio
433 299 476 320 an
489 290 644 328 cuiquam
652 288 788 329 probet:
803 297 882 318 nam

144 335 233 366 nihil
249 335 289 374 de
305 345 345 364 ea
360 343 395 363 re
408 333 577 374 proditum
597 333 740 363 invenio.
788 331 885 361 Calo·

146 388 207 413 nes
222 378 258 409 id
272 378 389 409 secisse
404 378 484 415 scio,
496 376 536 407 de
551 376 706 407 velitibus
722 374 808 405 nihil
822 373 884 404 hu-

139 422 292 463 jusmodi
317 421 396 460 legi.
429 420 580 451 Valesius
607 419 763 457 denique,
779 423 818 447 ut
844 428 885 447 ex

149 466 221 504 ejus
238 466 326 497 notis
342 465 384 496 ad
398 464 615 496 Ammianum
637 473 667 492 v.
684 467 715 495 9.
739 470 885 490 commc-

147 514 260 542 morat
275 509 316 540 ad
331 508 364 540 h.
382 508 402 539 1.
416 508 577 545 Graevius,
595 506 738 542 monuit,
754 513 885 534 scurras

147 563 220 585 esse
244 553 419 594 parasitos,
450 552 506 591 qui
530 550 714 580 exercitum
742 557 885 587 sequau-

150 602 221 636 tur,
237 601 273 627 et
292 597 377 635 jocis
393 596 427 626 in
452 593 611 624 conviviis
643 591 769 622 milites
797 590 885 621 dele-

149 645 257 672 ctent.
288 639 390 680 quod,
419 646 623 677 quamquam
653 645 721 666 non
750 644 884 673 negem,

149 685 253 715 etiam
271 685 306 714 in
325 681 524 713 exercitibus
548 689 678 710 scurras
704 678 820 716 fuisse,
835 683 886 707 ta-

148 737 229 760 men
250 727 342 758 locus¹
365 725 542 756 Plautinus
570 732 638 753 non
669 722 819 759 conficit,
849 722 885 751 in

149 781 215 810 quo
231 779 346 801 scurra
373 772 426 799 est
448 768 611 804 urbanus,
627 767 684 806 qui
704 766 887 806 opponitur

148 814 263 852 militi,
281 824 310 843 v.
331 813 474 843 Gronov.
495 812 632 841 Sestert.
647 811 690 840 iv.
706 814 738 844 9.
761 819 792 849 p.
810 812 884 842 319.

147 867 256 896 neque
286 857 371 888 ratio
400 862 465 893 est,
491 863 593 894 quare
618 853 673 884 hic
701 857 884 883 castrenses

146 902 272 940 potius,
289 910 389 940 quam
401 899 545 930 urbanos
557 907 701 934 scurras,
716 895 886 935 intellige-

146 954 182 974 re
210 944 362 974 velimus.
383 942 552 983 Quicquid
575 941 633 978 sit,
649 950 748 970 nemo
763 939 883 970 horum

145 987 246 1028 plane
261 987 441 1028 explicavit
448 986 538 1016 hunc
550 984 673 1015 lusum.
689 983 884 1020 Videamus,

144 1040 189 1061 an
204 1040 264 1062 nos
286 1031 321 1062 id
341 1034 500 1071 praestare
519 1029 700 1069 possimus,
726 1030 762 1057 et
783 1026 904 1072 simul!

146 1074 338 1115 exemplum
356 1074 474 1105 demus
485 1071 759 1113 explicandorum
769 1070 885 1109 liujus-

146 1118 238 1149 modi
260 1118 423 1148 locorum.
469 1116 565 1147 Misit
589 1115 701 1146 Paetus
729 1114 884 1144 Ciceroni

143 1171 258 1202 poma,
273 1171 348 1201 quae
362 1167 398 1191 et
413 1160 504 1192 mala
518 1160 687 1190 dicuntur.
724 1158 798 1188 Hoc
812 1167 885 1187 ver-

141 1205 225 1236 bum
235 1206 428 1245 ambiguum
440 1209 504 1241 est,
513 1203 662 1242 adeoque
667 1203 746 1242 joco
755 1205 884 1241 aptum.

143 1249 210 1279 Sed
225 1253 265 1279 ut
279 1249 481 1288 ambiguitas
507 1251 709 1282 servaretur,
725 1244 882 1275 adhiben-

143 1292 226 1323 dum
242 1297 316 1323 erat
331 1293 435 1322 etiam
447 1291 586 1321 verbum
597 1289 677 1320 huic
690 1289 736 1319 rei
753 1298 885 1319 accom-

142 1336 331 1367 modatum.
347 1336 426 1365 hinc
452 1334 536 1364 dixit
552 1346 558 1363 :
582 1332 680 1363 malis
697 1342 750 1362 me
766 1341 883 1362 onera-

141 1379 201 1418 sti,
218 1389 278 1420 pro
295 1379 391 1409 malis
406 1388 461 1408 me
477 1377 620 1408 donasti.
643 1375 799 1406 Formula
813 1385 884 1405 ma-

140 1422 182 1453 lis
199 1432 338 1453 onerare
356 1421 547 1461 significare
563 1422 687 1460 potest,
703 1419 885 1449 maledicta
899 1442 902 1444 .

140 1465 290 1506 plurima
304 1467 339 1496 in
355 1465 502 1504 aliquem
520 1464 699 1504 conjicere,
723 1468 816 1503 (nam
833 1469 884 1492 et-

138 1509 208 1540 iam
218 1509 406 1540 maledictis
414 1509 561 1547 aliquem
571 1516 710 1537 onerare
722 1504 878 1545 dicimus)

139 1558 176 1583 et
191 1552 342 1593 plurima'
359 1562 460 1593 poma
480 1552 516 1582 in
531 1550 678 1590 aliquem
705 1550 881 1589 conjicere.

140 1593 334 1636 Utrumque
354 1595 504 1627 accidere
521 1594 607 1625 solet
628 1594 751 1624 scurris
773 1598 808 1623 et
823 1603 882 1633 pa-

138 1640 249 1670 rasitis
262 1641 297 1671 in
313 1639 575 1679 locupletiorum
587 1637 761 1675 conviviis,
773 1636 835 1667 hoc
847 1637 882 1667 in

140 1683 273 1723 primis,
290 1683 443 1723 apposita
468 1691 586 1712 mensa
610 1680 770 1711 secunda.
792 1680 881 1711 Hinc

139 1727 294 1757 Ciceroni
309 1727 466 1757 veniebat
487 1726 522 1756 in
545 1730 694 1755 mentem
712 1724 854 1754 scribere
873 1736 879 1754 z

139 1770 255 1801 multis
272 1770 368 1800 malis
383 1779 436 1800 me
450 1773 623 1808 tamquam
635 1777 784 1798 scurram
802 1777 882 1797 one-

139 1814 232 1844 rasti.
277 1813 342 1844 Sed
358 1813 392 1843 id
403 1813 443 1843 fit
459 1812 612 1852 inprimis
628 1817 716 1848 tum,
729 1821 806 1841 cum
824 1821 881 1851 pa-

138 1858 263 1888 rasitus
275 1861 327 1888 est
337 1856 579 1897 impudentior,
591 1859 626 1885 et
642 1855 789 1885 dicteriis
803 1864 882 1884 con-

138 1902 226 1931 vivas
243 1902 364 1941 saepius
384 1900 528 1930 lacessit.
561 1900 605 1930 Et
620 1899 700 1938 quia
715 1898 858 1928 dicimus
872 1910 879 1927 ε

133 1945 246 1983 jacere
273 1944 376 1981 dicta,
392 1947 566 1982 tamquam
591 1942 661 1972 tela
684 1946 720 1972 et
739 1941 880 1981 jacula;

139 1987 259 2018 deinde
271 1989 402 2018 velitari
413 1992 447 2017 et
463 1987 606 2017 velitati«)
621 1987 655 2016 in
673 1985 819 2016 dicteriis
829 1985 882 2024 ja-

139 2031 266 2061 ciendis
279 2031 413 2069 dicitur,
428 2037 468 2061 ut
484 2040 538 2070 ap.
556 2029 641 2059 Gell.
654 2030 695 2059 vi.
710 2032 758 2059 ll.
772 2039 881 2069 neque

141 2076 176 2105 in
206 2075 393 2105 maledictis
420 2074 577 2105 adversus
607 2072 823 2112 impudentes
848 2076 883 2103 et

140 2119 308 2158 improbos
332 2118 559 2149 velitandum:
583 2117 624 2147 cf.
646 2116 756 2146 Plaut.
789 2116 880 2147 Asin.

138 2162 173 2192 ii.
198 2164 228 2192 2.
257 2165 311 2194 41.
335 2168 512 2202 propterea
535 2161 708 2200 eleganter
729 2159 827 2197 dixit,
846 2170 880 2190 se

138 2208 312 2244 tamquam
332 2207 458 2236 velitem
473 2214 636 2241 scurram,
652 2203 686 2234 h.
703 2213 732 2234 e.
749 2204 806 2243 qui
831 2203 882 2234 ul-

137 2253 192 2279 tro
219 2253 254 2279 et
276 2249 422 2280 crebrius
448 2248 746 2289 impudentiusque
777 2247 881 2277 male-

141 2292 239 2323 dictis
250 2292 407 2323 velitatus
424 2293 469 2322 sit
479 2292 636 2323 adversus
649 2291 794 2328 Paetum,
811 2300 881 2321 ma-

138 2334 180 2365 lis
206 2340 384 2367 oneratum
415 2346 484 2366 esse
503 2348 511 2366 t
543 2335 576 2366 id
602 2345 636 2365 se
667 2339 781 2364 autem
811 2344 880 2365 non

140 2378 281 2410 moleste
296 2379 427 2417 tulisse,
442 2380 520 2419 quia
534 2388 668 2418 aequum
683 2378 756 2408 scil.
771 2378 828 2415 sit,
842 2382 882 2409 ut

140 2425 193 2452 est
208 2423 297 2463 apud
323 2423 516 2461 Phaedrum,
532 2432 594 2453 sua
607 2421 762 2462 exempla
784 2431 880 2461 aequo

141 2466 255 2496 animo
269 2467 352 2506 pati.

187 2509 369 2541 Velivolans
384 2511 487 2541 navis.
515 2510 630 2541 Divin.
647 2509 668 2540 i.
685 2511 738 2540 31.
765 2518 784 2539 e
800 2509 880 2540 Poe-

137 2556 188 2584 ta.

187 2595 285 2627 Velle.
307 2597 379 2627 Att.
403 2597 446 2628 vi.
472 2600 503 2628 3.
536 2606 620 2627 num
647 2595 728 2635 quid
751 2597 878 2634 vellem,

141 2640 281 2680 rogavit.
304 2640 365 2670 Est
389 2641 535 2671 formula
555 2649 695 2680 peregre
725 2640 880 2670 abeunti-

144 2693 215 2722 um,
233 2693 300 2723 qua
314 2693 375 2713 sua
389 2684 510 2721 officia,
527 2685 561 2714 in
576 2683 744 2714 mandatis
756 2683 880 2714 literis-

140 2737 180 2757 ve
196 2727 414 2767 perferendis,
431 2727 530 2757 alicui
547 2727 716 2758 deferunt.

186 2771 312 2802 Vellere
324 2780 383 2811 pro
399 2770 567 2801 revellere.
597 2770 692 2802 verr.
709 2770 752 2801 iv.
770 2772 821 2802 24.
839 2779 878 2801 ex

142 2814 275 2855 patellis
290 2823 365 2854 quae
381 2813 533 2850 vellerat,
549 2824 595 2844 sc.
611 2813 732 2853 sigilla.

183 2858 356 2897 bellicam,
376 2857 587 2890 sermonibus
608 2856 779 2889 malevolis
807 2866 879 2888 car-

639 66 786 97 INDEX
816 66 1116 107 LAT1N1TAT18.

924 167 1002 198 pere
1027 161 1064 188 et
1087 155 1322 198 perstringere.
1344 158 1439 190 Balb.
1455 160 1509 192 26.
1531 159 1664 192 vellica-

923 205 973 232 ret
985 202 1019 231 in
1035 200 1166 232 circulis
1183 200 1389 232 Cornelium.

969 244 1097 275 Velum.
1120 245 1177 275 Or.
1195 246 1248 276 23.
1265 247 1338 276 vela
1354 240 1444 276 d'are.
1457 245 1558 277 Tusc.
1573 246 1616 277 iv.
1629 248 1663 278 4.

924 289 997 318 vela
1010 288 1129 319 facere.
1145 288 1223 319 ibid.
1239 292 1269 320 5.
1285 291 1357 320 vela
1369 289 1528 322 orationis
1541 289 1666 330 pande-

927 341 972 361 re.
989 331 1040 362 hae
1054 331 1205 363 formulae
1217 342 1333 364 omnes
1345 334 1552 373 significant,
1564 332 1666 364 latius

927 379 961 403 ct
991 376 1167 414 copiosius,
1197 386 1299 415 quam
1329 376 1509 407 Dialectici
1539 375 1662 414 solent,

927 417 1109 458 disputare.
1143 419 1161 438 '¹‘
1179 420 1237 451 Or.
1261 421 1295 450 ii.
1319 423 1373 451 44.
1396 421 1424 450 si
1448 430 1482 450 se
1508 420 1604 458 dant,
1630 425 1667 450 et

927 470 988 490 sua
1003 466 1136 501 sponte,
1163 473 1228 501 quo
1251 463 1471 504 impellimus,
1496 462 1664 494 inclinant

921 504 1052 543 judices
1069 509 1170 544 atque
1182 507 1390 547 propendent
1404 520 1410 537 :
1436 507 1564 547 accipio
1575 506 1666 546 quod

927 547 1040 585 datur,
1070 552 1104 578 et
1134 548 1177 578 ad
1208 549 1252 587 id,
1281 550 1369 581 unde
1411 550 1532 591 aliquis
1566 551 1665 581 flatus

926 591 1130 629 ostenditur,
1146 593 1218 622 vela
1243 593 1296 623 do.
1342 593 1455 625 Flatus
1479 594 1534 625 bic
1559 593 1666 626 sumi-

926 638 996 672 tur,
1013 638 1052 664 ut
1066 644 1160 674 aura,
1181 636 1225 677 (v.
1242 635 1335 675 aura]
1352 647 1473 678 nempe
1487 648 1602 678 proca
1616 646 1666 674 re,

927 688 1001 717 quae
1030 682 1210 717 oratorem,
1241 681 1524 718 quemadmodum
1567 681 1666 711 flatus

927 731 1017 752 aurae
1032 723 1068 752 in
1083 722 1158 752 vela
1173 722 1324 753 incidens
1351 724 1386 753 in
1409 729 1544 763 portum
1568 724 1667 755 deve-

927 764 979 795 hit
1001 775 1134 803 navem,
1159 767 1207 796 ita
1226 766 1336 806 juvat,
1351 772 1392 797 ut
1417 766 1562 806 facilius,
1578 767 1669 807 quod

927 808 1022 846 velit,
1031 809 1202 849 judicibus
1229 810 1428 849 persuadere
1455 811 1571 852 possit.
1615 810 1666 842 Ea

927 862 979 882 res
995 859 1045 884 est
1057 853 1215 892 judicum
1232 854 1407 885 inclinatio
1422 861 1458 884 et
1474 855 1666 895 propensio,

927 905 1028 935 quam
1044 899 1188 934 vocavit,
1205 907 1280 927 eum
1300 897 1391 928 videt
1406 903 1518 929 orator
1531 907 1587 928 eos
1605 907 1668 928 sua

926 944 1047 979 sponte
1082 940 1210 979 aliquid
1238 941 1485 979 quodammodo
1513 941 1667 982 probare.

928 983 1014 1015 Cum
1045 993 1125 1023 ergo
1155 988 1268 1014 orator
1294 984 1357 1015 hoc
1383 985 1668 1023 animadvertens,

927 1036 1001 1056 eam
1019 1037 1088 1057 rem
1105 1028 1139 1057 in
1156 1027 1272 1067 primis
1298 1033 1410 1068 urget,
1433 1030 1468 1059 in
1487 1038 1593 1068 eaque
1609 1038 1669 1058 au-

926 1070 1037 1108 genda
1051 1076 1087 1101 et
1102 1070 1364 1101 demonstranda
1373 1074 1526 1112 copiosus
1542 1076 1606 1110 est,
1619 1071 1669 1103 di-

927 1114 1016 1144 citur
1030 1115 1104 1144 vela
1117 1114 1196 1144 dare
1212 1114 1255 1144 ad
1271 1114 1317 1152 id,
1334 1115 1423 1146 unde
1440 1116 1539 1146 flatus
1555 1121 1670 1147 osten-

927 1157 1029 1188 ditur.
1052 1157 1071 1175 *Ψ
1087 1157 1168 1188 velis
1195 1159 1309 1196 remis,
1340 1159 1595 1199 proverbialiter
1616 1159 1667 1190 di-

927 1201 1015 1231 citur
1045 1201 1085 1231 de
1123 1211 1258 1231 summa
1298 1203 1516 1233 contentione
1554 1202 1596 1232 ad
1625 1202 1668 1242 Ω.

927 1243 978 1274 Fr.
1002 1245 1023 1275 ii
1065 1248 1114 1276 15.
1143 1244 1319 1276 Laudatur
1342 1246 1444 1277 etiam
1468 1255 1510 1276 ex
1533 1246 1599 1277 Off.
1618 1246 1668 1277 iii.

925 1290 979 1318 33.
1003 1288 1083 1318 velis
1106 1289 1286 1328 equisque:
1313 1289 1372 1319 sed
1395 1289 1578 1330 legendum
1602 1293 1668 1328 est,

924 1331 1004 1405 vilrils
1042 1332 1215 1372 equisque,
1247 1337 1288 1363 ut
1324 1336 1376 1363 eat
1406 1334 1442 1364 in
1473 1332 1669 1374 melioribus

925 1385 942 1405 e
969 1385 977 1403 t
994 1398 1001 1405 .

970 1418 1073 1449 Vena.
1098 1419 1179 1450 Nat.
1191 1419 1236 1450 D.
1252 1420 1287 1450 ii.
1304 1422 1357 1451 55.
1380 1429 1466 1451 vena
1481 1429 1574 1458 cava,
1591 1429 1666 1459 quae

925 1471 945 1491 a
962 1462 1077 1501 jecore
1100 1463 1143 1493 ad
1166 1473 1223 1493 cor
1236 1464 1398 1504 pertinet.
1420 1464 1440 1483 '⁵
1455 1474 1516 1505 pro
1532 1458 1667 1494 arteria.

925 1505 996 1536 Fat.
1013 1509 1043 1537 3.
1066 1507 1093 1537 si
1110 1507 1165 1537 cui
1182 1517 1268 1537 venoe
1283 1507 1330 1536 sic
1354 1512 1547 1545 moventur,
1564 1507 1592 1538 is
1607 1505 1669 1537 ha-

924 1549 982 1579 bet
1005 1548 1144 1580 febrem.
1172 1551 1261 1581 conf.
1278 1551 1355 1581 Div.
1370 1551 1405 1582 ii.
1421 1554 1474 1585 70.
1497 1551 1563 1582 vid.
1585 1550 1670 1582 Lex.

924 1592 1019 1624 Fabr.
1043 1592 1063 1612 ²*
1079 1594 1174 1624 Orat.
1195 1594 1217 1624 i.
1233 1596 1286 1625 52.
1308 1603 1408 1625 venas
1422 1599 1539 1625 tenere
1556 1595 1670 1633 cujus-

924 1646 989 1675 que
1016 1637 1160 1675 generis,
1178 1638 1287 1667 aetatis
1315 1638 1375 1668 διο.
1402 1637 1436 1668 h.
1462 1647 1492 1668 e.
1519 1647 1669 1668 recessus

924 1680 1129 1718 animorum,
1147 1681 1336 1721 opiniones,
1353 1681 1592 1721 propensiones
1609 1681 1671 1712 διε.

925 1723 1045 1763 cuique
1060 1726 1189 1763 generi,
1202 1725 1309 1761 aetati,
1325 1725 1482 1762 usitatas,
1492 1724 1672 1756 ‹luctame-

923 1766 1066 1806 taphora
1097 1778 1118 1798 a
1146 1768 1240 1798 venis
1266 1767 1398 1798 metalli
1429 1768 1670 1800 subterraneis.

924 1810 1001 1841 Div.
1016 1811 1036 1841 i.
1053 1814 1106 1842 51.

970 1854 1137 1886 Venalitiz'.
1161 1856 1220 1886 Or.
1245 1858 1298 1889 70.
1322 1865 1431 1895 neque
1457 1865 1512 1886 me
1543 1855 1669 1887 divitiae

926 1903 1075 1936 movent,
1107 1899 1228 1938 quibus
1265 1908 1382 1929 omnes
1421 1898 1596 1930 Africanos
1633 1903 1672 1930 et

926 1941 1045 1972 Laelios
1084 1943 1185 1973 multi
1217 1944 1363 1973 venalitii
1397 1948 1668 1983 mercatoresque

924 1990 1138 2024 superarunt.
1173 1986 1329 2017 Venulitiz'
1357 1991 1438 2016 sunt
1469 1995 1668 2027 mangones,

924 2029 982 2067 qui
1009 2028 1160 2059 homines
1186 2029 1320 2060 venales
1343 2029 1483 2068 babent,
1501 2029 1593 2060 unde
1618 2029 1669 2061 fa-

924 2072 1027 2102 miliae
1044 2074 1227 2103 venalitioe:
1259 2073 1421 2104 dicuntur
1443 2074 1546 2104 etiam
1566 2083 1667 2112 vena-

925 2116 1051 2146 litim-ii.
1076 2115 1195 2156 Itaque
1221 2121 1257 2147 et
1284 2116 1371 2146 hanc
1397 2127 1514 2147 vocem
1542 2117 1667 2158 quippe

925 2160 1091 2190 notiorem
1116 2161 1152 2190 in
1176 2160 1239 2190 hoc
1263 2169 1398 2199 genere,
1423 2160 1478 2191 hic
1502 2170 1665 2202 reponere

924 2203 1057 2233 volebat
1080 2203 1279 2242 Lambinus,
1301 2208 1392 2234 recte
1416 2208 1595 2245 propterea
1615 2214 1669 2242 re·

923 2246 1108 2286 prehensus
1124 2257 1144 2278 a
1157 2247 1337 2278 Torrentio
1353 2247 1396 2278 ad
1416 2247 1556 2279 Sueton.
1579 2248 1668 2289 Aug.

923 2299 952 2320 c.
968 2292 1022 2321 42.
1048 2312 1051 2314 v

968 2333 1103 2373 Venari,
1128 2335 1331 2374 excogitare,
1354 2335 1569 2375 investigare,
1595 2339 1670 2365 stu·

924 2377 1014 2408 diose
1031 2379 1227 2409 consectari.
1251 2379 1344 2409 Orat.
1361 2378 1396 2408 ii.
1422 2381 1476 2409 34.
1501 2388 1598 2409 nosse
1615 2388 1668 2409 re-

922 2421 1053 2461 giones,
1070 2422 1160 2452 intra
1183 2431 1265 2461 quas
1288 2431 1419 2459 venere,
1447 2422 1665 2463 pervestiges,

922 2464 1012 2504 quod
1032 2475 1175 2504 quaeras,
1196 2467 1268 2496 Att.
1284 2465 1349 2496 xvi.
1365 2468 1396 2499 7.
1420 2463 1589 2496 ἀθανασίαν
1613 2476 1668 2498 ve-

922 2517 1025 2539 nans.

968 2552 1122 2584 Venator.
1144 2552 1188 2584 N.
1204 2552 1250 2584 D.
1271 2552 1294 2582 i.
1324 2554 1378 2583 30.
1402 2551 1574 2593 physicus,
1589 2562 1666 2594 spe—

922 2595 1066 2634 culator,
1082 2600 1278 2637 venatorque
1293 2599 1436 2626 naturae.

967 2639 1126 2678 Vendere,
1144 2649 1203 2680 pro
1225 2639 1413 2677 venditare,
1440 2638 1578 2670 laudare
1605 2638 1680 2679 alis

921 2683 1013 2722 quid.
1035 2683 1109 2716 Att.
1125 2683 1195 2714 xiii.
1215 2684 1265 2723 l2.
1288 2682 1504 2722 Ligarianam
1525 2682 1665 2724 praecla-

920 2736 956 2756 re
976 2727 1147 2758 vendidisti
1160 2740 1170 2757 .·
1192 2726 1227 2757 h.
1255 2736 1285 2757 e.
1310 2725 1491 2767 laudand0‚
1506 2733 1548 2758 ut
1572 2726 1664 2766 lege-

921 2774 1015 2800 retur
1029 2771 1070 2801 ab
1086 2770 1292 2808 hominibus,
1308 2769 1430 2801 fecisti.
1446 2770 1489 2800 cf.
1511 2770 1664 2801 vendita-

922 2824 968 2844 re.
992 2813 1012 2832 *Ρ
1028 2813 1196 2854 corrumpi
1213 2823 1248 2844 se
1264 2813 1306 2854 ab
1331 2812 1444 2853 aliquo
1469 2814 1552 2854 pati.
1576 2813 1661 2854 Har.

921 2857 962 2889 R.
980 2859 1034 2890 22.
1056 2858 1194 2890 vendere
1207 2866 1242 2890 se
1258 2857 1370 2897 alicui.
1393 2857 1459 2890 Pis.
1475 2859 1530 2902 3²3.
