1800 3131
150 117 232 155 352

195 212 356 250 Maxime,
380 221 458 242 cum
481 210 691 252 superlativo.
725 212 795 243 Att.
820 212 877 243 xii.

153 259 206 288 88.
229 257 373 287 maxime
396 255 635 286 liberalissima.
663 256 717 286 Sic
733 257 804 287 Liv.
820 255 876 285 xli.

153 302 206 332 23.
230 301 374 330 maa-ime
396 299 628 339 gravissimus:
669 300 876 340 improbante

151 347 266 375 tamen
290 343 465 373 Gronovio.
483 353 512 372 ν.
537 342 708 373 13131ςο1111.
726 343 766 374 ad
793 343 814 373 l.
845 353 872 372 c.

152 393 188 418 et
211 387 252 417 ad
276 386 318 417 xl.
342 389 396 418 ⁴21.
431 387 490 417 Est
512 392 546 417 et
569 387 675 417 forma
697 388 798 416 ctiam
822 395 874 426 ap.

152 431 298 461 Gellium
315 431 383 461 xiii.
405 433 452 460 15.
483 440 511 460 ν.
528 436 561 460 et
576 431 668 460 Vcrr.
685 430 717 460 ii.
736 430 786 460 66.

195 473 482 505 Medicamentum.
507 474 563 504 Or.
586 474 639 503 ⁶23.
663 474 877 503 medicamen-

152 521 189 548 ta
207 517 313 548 fucati
329 517 479 548 candoris
496 521 530 547 ct
547 517 684 547 ruboris.

195 560 343 592 Medicus
378 560 483 591 intell.
517 561 653 600 digitus.
676 560 802 589 Heron.
828 558 874 588 iii.

194 648 359 679 fliedidies.
382 648 439 678 Or.
455 649 507 680 47.
532 655 632 686 quare
648 655 715 676 non
733 645 875 681 dicatur,

149 692 208 723 sed
223 692 375 722 meridies
389 692 401 721 ?
842 706 845 709 -

194 735 362 766 Medieeas.
388 733 487 764 Univ.
505 736 536 767 7.
561 732 614 762 vix
637 731 745 762 audeo
768 731 876 761 dicere

151 779 349 816 medietates,
375 786 455 817 quas
486 776 592 807 Graeci
623 775 788 815 μενέηνας
823 785 878 815 ap-

150 822 288 864 pellant.

195 866 412 901 ffldimnum,
430 873 586 894 mensura
599 873 656 893 sex
676 862 875 892 modiorum.

152 908 246 940 Verr.
260 909 307 938 iii.
322 910 375 938 45.
391 910 444 941 47.
459 910 511 942 49.
531 907 590 937 &c.

195 951 377 988 Meditata),
406 952 612 981 exercitatio.
642 950 743 980 Tusc.
766 948 801 979 ii.
827 951 876 982 17.

153 996 229 1027 Div.
260 996 293 1026 ii.
324 996 376 1025 46.
410 994 642 1034 *disquisitia
666 993 800 1023 Cluent.
824 995 877 1023 30.

153 1049 253 1070 causa
285 1040 319 1069 in
353 1039 557 1068 meditatione
588 1041 750 1067 versatur.
784 1036 878 1076 *pro

152 1083 392 1124 praeparatione
408 1082 490 1112 Phil.
507 1082 550 1112 ix.
569 1084 596 1111 1.
611 1086 673 1111 est.

194 1126 364 1163 Meditari,
388 1126 427 1156 de
450 1125 878 1164 exercitatione‚praepara-

152 1171 256 1201 tione.
279 1170 374 1200 Orat.
397 1170 418 1199 i.
448 1171 500 1201 3⁶2.
528 1170 580 1200 61.
606 1167 705 1198 Catil.
722 1169 743 1197 i.
764 1170 810 1198 lo.
835 1166 876 1196 ad

151 1213 250 1254 hujus
274 1214 351 1244 vitae
377 1213 527 1243 studium
553 1213 700 1243 medicati
726 1211 773 1241 illi
797 1214 877 1240 suut

151 1257 290 1288 labores.
313 1257 450 1297 passive
489 1257 508 1274 ²*
535 1256 576 1286 ad
606 1256 683 1287 Div.
712 1256 746 1285 ii.
778 1257 810 1285 3.
835 1253 876 1283 ad

151 1312 225 1332 eam
243 1301 403 1332 meditere.
430 1301 467 1330 Χ
461 1310 510 1340 11⁹⁰
513 1300 587 1330 ilius
603 1299 688 1329 solet
702 1299 810 1328 dicere
831 1298 878 1327 in.

152 1349 192 1375 ut
206 1345 281 1376 AEn.
300 1355 330 1375 x.
346 1347 419 1375 455.
444 1325 598 1374 meoditari
614 1344 647 1373 in
662 1342 785 1382 proelia.
802 1340 882 1372 ibid.

151 1399 182 1419 v.
209 1391 240 1420 2.
264 1398 398 1418 omnem
425 1393 584 1417 conatum
607 1387 799 1417 tribunatus
827 1385 879 1415 sui

151 1433 185 1463 111
198 1442 306 1462 meam
320 1431 501 1472 perniciem
512 1440 626 1471 parare
637 1440 676 1460 ac
688 1430 849 1460 meditari.

194 1475 335 1506 Medius.
352 1475 416 1505 Off.
434 1475 478 1504 iii.
495 1477 526 1505 3.
548 1474 655 1504 media
671 1474 779 1504 officia
805 1482 878 1512 quae

151 1520 244 1550 sint?
270 1518 289 1537 ³*
303 1519 403 1549 Acad.
414 1519 454 1558 Ω.
472 1518 493 1548 1.
516 1521 564 1548 10.
577 1518 694 1554 media,
711 1526 784 1556 quae
799 1519 879 1546 sunt

151 1563 440 1602 interjecta‚inter
455 1572 494 1591 ea
510 1571 582 1600 quae
598 1565 679 1591 sunt
693 1560 878 1590 secundum

153 1611 323 1643 naturam,
335 1610 369 1636 et
382 1615 455 1644 quae
471 1609 551 1635 suut
563 1609 691 1634 naturae
702 1605 879 1634 contraria.

150 1651 171 1669 Ψ
188 1651 245 1690 qui
275 1653 326 1679 est
353 1649 505 1679 neutrius
525 1649 638 1688 partis.
662 1648 734 1677 Att.
763 1658 795 1677 x.
831 1651 878 1678 10.

155 1694 216 1724 &c.
255 1693 275 1712 ’¹²
292 1692 376 1723 Phil.
410 1693 453 1731 ,11.
496 1696 543 1723 13.
582 1701 667 1730 nego
696 1691 877 1730 quidquam

155 1747 225 1768 esse
245 1737 388 1767 medium
401 1747 410 1765 .·
437 1746 496 1776 pro
508 1745 572 1775 quo
588 1735 692 1765 nostri
707 1747 714 1764 :
738 1735 878 1764 tertium

155 1790 222 1812 non
239 1780 347 1810 datur.

195 1823 357 1854 Medulla.
379 1824 475 1854 Brut.
504 1825 554 1853 15.
578 1821 695 1852 Suadae
723 1821 880 1851 medulla.

152 1867 265 1898 *PhiL
283 1868 304 1897 i.
323 1870 371 1898 15.
388 1868 422 1897 in
438 1867 586 1897 medullis
600 1865 712 1906 populi
728 1865 824 1895 Rom.
842 1875 881 1895 ac

150 1911 330 1942 visceribus
345 1910 526 1940 haerebant.

197 1955 345 1985 Melicas.
368 1955 447 1994 Opt.
465 1964 496 1993 g.
513 1954 544 1984 d.
565 1956 592 1983 1.
616 1956 666 1982 est
681 1962 786 1991 genus
802 1955 880 1991 poe-

151 2002 279 2036 tarum,
328 1998 456 2027 dictum
495 2007 515 2027 a
554 1997 771 2033 carminibus,
806 2005 879 2034 quae

152 2041 232 2082 μέλη
257 2042 470 2072 vocabantur.
524 2040 628 2079 Cujus
662 2040 792 2080 generis
814 2039 880 2069 fuit

155 2085 353 2116 Simonides.

197 2129 440 2159 flIemhrannla.
479 2127 550 2158 Att.
586 2127 628 2157 iv.
650 2129 682 2158 4.
714 2136 744 2157 v.

154 2172 259 2203 Graec.
273 2173 307 2203 in
321 2171 479 2205 σύλλαᾶος.

199 2216 420 2248 Membratim.
444 2216 502 2246 Or.
526 2215 578 2245 63.
602 2213 705 2244 incise
719 2217 755 2243 et
779 2223 881 2244 mem·

155 2260 294 2292 bratim:
317 2259 351 2290 h.
369 2269 396 2290 e.
414 2269 474 2299 pcr
490 2257 587 2295 κῶλα,
604 2258 675 2288 sine
692 2256 845 2297 periodis.

197 2303 398 2341 Membrana,
423 2302 527 2340 κόλον,
551 2303 645 2332 Orat.
663 2301 716 2331 62.
732 2301 785 2331 66.
802 2300 882 2340 quid

153 2347 200 2378 uit
216 2348 228 2377 ?

199 2390 351 2427 liseminz',
375 2399 451 2419 cum
483 2388 643 2428 perfecto.
679 2388 739 2419 Or.
763 2387 798 2419 ii.
828 2391 882 2422 47.

156 2434 343 2464 ascendisse
382 2433 606 2463 meminissem.
644 2431 686 2462 cf.
726 2431 769 2462 ad
805 2431 882 2463 Div.

155 2478 224 2508 xiii.
237 2479 289 2511 72.

202 2520 374 2556 Memoria,
390 2518 529 2556 tabulae‚
546 2517 666 2555 litera»,
689 2518 809 2557 quibus
835 2519 883 2548 rei

157 2566 315 2595 memoria
338 2566 561 2593 conservatur.
590 2561 689 2592 Arch.
714 2564 746 2592 4.
772 2561 883 2592 litera-

157 2617 233 2638 rum
262 2609 449 2637 memoriam
479 2606 641 2645 flagitare.
666 2605 800 2636 Cluent.
830 2607 883 2636 ⁶23.

155 2655 251 2682 extat
276 2651 444 2687 memoria,
470 2656 550 2679 sunt
580 2648 705 2679 tabulae
730 2648 884 2689 public-ae.

156 2694 343 2724 ‘memoria
358 2694 502 2734 publica,
524 2696 575 2722 est
601 2702 712 2722 rerum
736 2692 884 2732 publica-

158 2747 247 2775 rum,
263 2737 408 2777 publice,
425 2737 460 2766 in
477 2741 610 2772 senatu,
627 2736 801 2772 concione,
814 2735 884 2766 bel-

158 2781 191 2812 lo
214 2785 395 2820 gestarum.
428 2779 516 2809 *Oia
532 2779 565 2809 ii.
586 2781 634 2810 19.
666 2779 747 2818 Leg.
767 2779 813 2810 iii.
831 2780 883 2810 ΞΟ.

157 2825 177 2843 ¹‘
193 2825 250 2855 Or.
266 2825 288 2853 i.
304 2825 336 2855 2.
359 2833 397 2853 ac
414 2822 494 2852 mihi
515 2822 698 2862 repetenda
720 2826 771 2853 est
794 2828 884 2852 vete-

157 2868 201 2898 ris
217 2867 390 2906 cujusdam
417 2867 590 2902 memorite,
606 2875 674 2896 non
697 2875 777 2896 sane
804 2865 883 2896 satis

157 2911 324 2953 suplicata
347 2909 544 2941 recordatio.
581 2908 621 2940 lu
651 2919 717 2949 quo
746 2909 882 2942 videtur

778 2125 881 2156 Index

657 123 803 153 INDEX
833 123 1128 153 LA'rlNzTATIS.

920 214 1078 244 memoria
1092 213 1170 251 dici,
1185 223 1244 254 pro
1261 222 1295 244 re
1308 212 1388 244 olim
1405 218 1511 254 gesta,
1534 214 1650 257 dispu-

920 258 1050 288 tatione
1065 262 1186 288 vetere.
1210 257 1304 287 Brut.
1322 258 1374 292 69.
1399 259 1434 288 111
1453 262 1646 292 memoriam

922 309 1036 330 notam
1070 304 1105 331 ct
1141 311 1241 341 prope
1287 301 1449 340 aequalem
1472 316 1475 319 Δ
1500 303 1646 334 incurro.

919 346 938 365 *
956 343 1039 374 Phil.
1062 345 1095 374 ii.
1113 347 1165 375 43.
1183 349 1217 374 et
1228 350 1266 374 tu
1283 344 1315 373 111
1335 344 1473 375 Caesaris
1490 348 1648 378 memoria

919 386 1069 422 diligens.
1096 388 1157 417 1111.
1183 388 1420 425 conservanda,
1437 389 1646 421 honoranda.

919 431 938 448 *ξ
956 430 1078 460 Hercu.
1098 432 1143 461 iii.
1161 432 1207 462 16.
1232 433 1391 461 memoria
1409 432 1493 462 duae.

964 473 1075 504 Mena.
1103 474 1170 504 Pin.
1198 476 1232 505 ii.
1264 477 1316 505 533.
1342 476 1441 515 piscis
1470 485 1537 506 non
1564 475 1646 507 adeo

921 515 1096 552 delicatus,
1114 527 1174 547 nec
1191 519 1366 558 pretiosus.

963 560 1132 590 Mendicus
1144 562 1206 601 adj.
1231 562 1288 592 Or.
1301 563 1348 592 iii.
1365 564 1417 592 534.
1442 562 1646 593 instrumen-

919 607 992 633 tum
1020 603 1148 633 forense
1178 605 1212 644 (i.
1235 606 1376 635 materia
1405 605 1549 645 dicendi)
1578 606 1648 636 exi-

921 656 1025 685 guum
1038 652 1072 676 ct
1087 648 1269 678 mendicum
1285 652 1344 678 est.

964 689 1146 727 Mendosus,
1174 691 1231 729 qui
1261 692 1414 722 mendum
1435 692 1528 723 facit.
1551 692 1647 724 verr.

920 733 954 762 ii.
973 736 1024 767 77.
1048 743 1161 763 servus
1175 735 1340 765 mendosas
1353 742 1415 766 est.

965 776 1073 814 Mens,
1099 779 1257 816 cogitatio
1271 779 1385 808 tacita.
1422 778 1521 809 Catil.
1548 779 1570 810 i.
1594 782 1646 811 12.

918 819 969 850 his
1000 830 1062 859 ego
1098 821 1179 861 reip.
1208 822 1341 851 vocibus
1377 826 1412 852 et
1442 822 1644 862 reliquorum

922 865 1078 894 mentibus
1090 865 1303 904 respondebo.

963 907 1095 937 silensoe.
1115 908 1155 937 ad
1170 908 1245 938 Div.
1260 909 1388 940 111121.
1405 918 1516 940 mensa
1527 918 1646 940 secun·

922 951 981 980 da:
1000 951 1033 980 h.
1051 961 1080 980 e.
1099 952 1248 988 bellaria,
1269 962 1380 992 poma,
1394 953 1466 992 pira
1488 954 1548 983 810.
1573 953 1645 984 Fin.

923 995 957 1024 ii.
976 997 1028 1025 28.
1045 995 1256 1034 Syracusanae
1274 1006 1399 1026 measse.
1422 995 1522 1028 Tusc.
1537 1006 1568 1026 v.
1591 999 1645 1028 35.

921 1035 1036 1068 mensoe
1051 1037 1188 1076 Italicae,
1205 1040 1386 1079 Syracusiae
1400 1052 1406 1068 :
1433 1039 1466 1069 h.
1487 1049 1516 1070 e.
1532 1039 1646 1078 lautae,

921 1081 1048 1111 deliciis
1064 1081 1207 1112 refertae.
1230 1083 1301 1113 Att.
1317 1094 1346 1113 v.
1368 1086 1395 1113 1.
1418 1083 1646 1114 discubuimus

921 1135 1037 1155 omnes
1052 1130 1174 1165 praeter
1189 1125 1302 1155 illam·
1294 1149 1304 1165 ,
1329 1127 1382 1156 cui
1398 1132 1513 1157 tamen
1539 1127 1646 1177 Quin-

918 1173 974 1198 tus
991 1169 1030 1198 de
1050 1178 1159 1199 mensa
1176 1170 1278 1199 misit.
1309 1172 1328 1191 ²*
1345 1171 1405 1201 Est
1419 1174 1453 1200 et
1473 1171 1647 1202 mensario-

919 1212 1065 1250 rum„de
1083 1213 1200 1251 quibus
1215 1223 1302 1243 mox.
1326 1213 1433 1244 Flacc.
1454 1217 1502 1248 19.
1519 1215 1546 1245 si
1563 1223 1649 1255 prae·

919 1260 973 1286 tor
997 1255 1102 1293 dedit,
1119 1266 1138 1285 a
1153 1264 1315 1295 quaestore
1332 1257 1521 1288 numeravit
1534 1270 1544 1296 ;
1557 1267 1647 1297 quae-

920 1304 990 1330 stor
1013 1309 1032 1329 a
1061 1309 1171 1330 mensa
1195 1300 1350 1340 pubis-ca:
1388 1309 1497 1331 mensa
1524 1304 1584 1331 aut
1605 1311 1647 1332 ex

921 1343 1086 1381 vectigali,
1104 1348 1162 1372 aut
1179 1354 1218 1373 ex
1233 1344 1372 1374 tributo.
1396 1344 1504 1374 Pison.
1521 1345 1573 1376 36.
1589 1345 1650 1375 sti-

921 1386 1079 1427 pendium
1103 1387 1264 1417 militibus
1288 1397 1346 1427 per
1360 1397 1475 1418 omnes
1501 1397 1606 1419 annos
1629 1398 1650 1419 a

922 1430 1126 1467 civitatibus,
1155 1431 1273 1461 mensis
1313 1431 1422 1471 palam
1455 1431 1646 1472 propositis,

922 1479 1147 1504 numeratum.
1162 1474 1228 1504 vid.
1246 1474 1444 1505 Mensarius.
1469 1477 1489 1496 ⁵*
1505 1475 1647 1515 denique

920 1517 1058 1547 deorum
1075 1517 1110 1547 in
1127 1517 1273 1558 templis.
1290 1518 1371 1548 Har.
1383 1519 1422 1549 R.
1438 1520 1490 1553 27.
1506 1518 1587 1549 Nat.
1603 1519 1647 1550 D.

919 1561 965 1591 iii.
983 1564 1036 1591 3⁴.

965 1603 1162 1634 Memmius.
1185 1603 1292 1634 Flacc.
1321 1608 1370 1639 19.
1395 1611 1447 1634 est
1473 1605 1650 1645 magistra-

920 1654 975 1677 tus
994 1647 1136 1677 civitatis
1153 1646 1278 1677 Graecae
1301 1647 1456 1678 Asiaticae
1472 1660 1479 1678 z
1505 1653 1650 1688 quatuor

923 1692 1089 1727 mensarii,
1106 1690 1161 1729 qui
1178 1691 1267 1730 apud
1282 1690 1354 1721 illos
1367 1701 1386 1720 a
1402 1691 1524 1731 populo
1535 1702 1650 1723 crean-

922 1740 988 1764 tur.
1012 1734 1179 1764 Videntur
1190 1744 1305 1764 curam
1321 1734 1474 1765 habuisse
1495 1736 1648 1775 pecuniae

924 1777 1065 1818 publicae
1084 1777 1183 1813 hanc,
1204 1783 1248 1808 ut·
1266 1788 1326 1817 per
1347 1787 1402 1807 eos
1424 1783 1570 1816 quaestor
1587 1789 1657 1820 pu·

923 1820 1044 1851 blicam
1067 1821 1243 1860 pecuniam
1269 1822 1447 1862 acciperet,
1467 1826 1514 1860 et,
1530 1823 1650 1861 quibus

924 1875 1007 1904 opus
1029 1869 1128 1901 esset,
1145 1868 1345 1904 senatusque
1370 1864 1482 1903 vellet,
1497 1866 1650 1898 solveret.

923 1908 1012 1939 Nam
1039 1907 1152 1948 paullo
1178 1912 1254 1948 post
1277 1908 1346 1938 ait.
1383 1908 1411 1938 si
1442 1913 1566 1949 praetor
1589 1910 1650 1952 (sc.

921 1951 952 1982 T
954 1951 1190 1990 emenxtarum)
1218 1951 1323 1989 dedit,
1349 1962 1370 1982 a
1396 1957 1560 1991 quaestore
1588 1963 1653 1984 nu-

925 1995 1092 2025 metavit:
1129 1999 1276 2034 quaestor
1303 2005 1322 2025 a
1354 2005 1464 2026 mensa
1493 1996 1647 2036 publica:

924 2048 1037 2069 mensa
1061 2041 1119 2068 aut
1143 2048 1182 2068 ex
1205 2039 1361 2079 vectigali
1384 2042 1444 2069 aut
1457 2049 1496 2069 ex
1511 2039 1651 2071 tributo.

925 2082 964 2112 dc
983 2083 1152 2112 mensariis
1166 2082 1275 2113 multa
1290 2083 1440 2123 disputat
1455 2082 1593 2115 Salmas.
1609 2083 1652 2114 de

925 2126 1043 2157 Usuris
1055 2136 1084 2155 0.
1104 2129 1154 2160 17.

992 2170 1106 2207 sensio,
1128 2169 1302 2200 dimensio.
1325 2170 1419 2200 Orat.
1447 2172 1499 2201 53.
1534 2171 1653 2202 mensio

928 2223 1059 2243 vocum.

968 2257 1102 2287 fflentio.
1126 2255 1230 2296 Legg.
1256 2256 1304 2286 iii.
1331 2256 1362 2287 6.
1396 2257 1587 2287 mentionem
1601 2256 1653 2287 fa-

927 2310 1001 2331 cere
1016 2300 1056 2330 de
1080 2299 1202 2339 aliquo.
1225 2300 1319 2330 Verr.
1347 2300 1383 2330 ii.
1392 2292 1462 2334 ’.39
1487 2300 1648 2331 Consules

925 2345 1117 2375 mentionem
1141 2343 1272 2373 faciunt
1299 2344 1333 2373 in
1355 2348 1491 2373 senatu:
1516 2343 1549 2373 h.
1565 2353 1595 2374 0.
1610 2343 1654 2375 ad

925 2389 1087 2418 Senatum
1104 2387 1263 2417 referunt.
1296 2387 1316 2404 ’ἓ
1331 2388 1448 2417 mentio
1462 2390 1513 2416 est
1527 2387 1562 2417 in
1576 2397 1652 2427 par-

924 2432 1013 2461 tibus
1034 2430 1110 2461 doli.
1134 2431 1283 2461 Herenn.
1301 2430 1348 2460 iii.
1365 2432 1397 2462 2.
1415 2432 1434 2451 ἢ
1450 2439 1655 2461 commemo-

923 2475 1030 2505 ratio:
1054 2474 1148 2504 Verr.
1164 2484 1194 2504 v.
1211 2474 1264 2504 64.
1279 2475 1435 2505 mentione
1455 2478 1491 2503 et
1512 2483 1652 2515 usurpa-

924 2519 1015 2549 tione
1038 2517 1191 2548 civitatis.
1216 2517 1235 2536 *²
1251 2518 1286 2547 in
1301 2527 1400 2547 sensu
1414 2516 1551 2554 forensi,
1563 2527 1653 2548 men.-

924 2563 1042 2592 tionem
1067 2561 1175 2591 facere
1194 2560 1398 2591 hereditatis.
1425 2569 1471 2591 se.
1500 2570 1553 2601 ap.
1569 2570 1654 2601 prae-

926 2609 1034 2636 torem
1049 2603 1207 2644 petendo.

971 2650 1138 2679 Illeracz'zes
1155 2657 1287 2677 sumere
1301 2646 1383 2677 Nat.
1402 2647 1445 2677 D.
1464 2647 1510 2677 iii.
1529 2650 1581 2678 31.

970 2691 1127 2722 filei-cari.
1150 2691 1220 2721 Att.
1236 2691 1281 2720 ix.
1302 2693 1333 2722 5.
1357 2690 1427 2720 haec
1443 2691 1554 2721 officia
1568 2700 1653 2722 mer-

925 2736 1033 2766 canda
1049 2735 1118 2764 vita
1131 2738 1222 2774 puto.

969 2778 1160 2808 Mercedula
1190 2762 1389 2817 praediorum
1406 2776 1478 2807 Att.
1503 2776 1572 2807 xiii.
1599 2779 1651 2808 11.

926 2827 978 2852 est
996 2820 1140 2860 vectigal
1155 2820 1340 2850 locationis.
1358 2831 1388 2851 ν.
1406 2829 1536 2850 merces.

969 2865 1205 2896 Mercenarius.
1228 2863 1357 2896 Verni.
1373 2866 1426 2897 43.
1452 2864 1653 2896 mercenari·
1673 2869 1681 2903 'J

926 2919 985 2940 um
1000 2908 1210 2951 prooemium.
1230 2934 1234 2940 .
