1800 3131
129 55 213 94 3193

180 153 352 194 Princeps,
379 157 506 184 auctor.
529 153 630 185 Tusc.
655 156 676 186 i.
702 158 754 187 22.
790 156 860 195 ejus

140 199 293 229 inventor
306 203 340 227 et
350 199 511 238 princeps.
528 198 626 229 Arch.
645 202 671 229 l.
694 199 784 230 hune
801 201 863 230 mi-

141 241 175 271 hi
187 243 370 282 principem
391 244 424 270 et
440 241 480 271 ad
497 242 754 282 suscipiendam,
773 249 806 273 et
823 244 863 273 ad

137 285 389 324 ingrediendam
415 284 533 315 horum
561 286 748 316 studiorum
766 288 864 316 ratio—

145 338 225 358 nem
267 328 427 358 extitisse.
463 328 555 358 Verr.
583 329 603 359 i.
638 332 686 363 17.
712 330 865 369 princeps

138 371 278 402 consilii.
302 371 394 402 Verr.
420 382 448 401 v.
478 373 526 403 16.
551 372 670 402 ducem
687 377 720 402 te
739 374 865 412 princi-

130 425 271 456 pemque
287 415 444 455 praebere.
461 416 542 446 Sull.
556 419 586 446 3.
594 417 745 455 princeps
757 416 799 445 ad
815 426 865 446 sa·

139 459 256 490 lutem.
280 458 299 477 ⁵*
309 460 472 499 principes
489 460 638 489 civitatis
652 465 731 488 sunt
739 460 865 498 princi-

133 513 193 544 pes
216 503 441 542 optimatium.
473 513 502 532 v.
527 503 615 531 Sext.
646 505 698 533 45.
730 506 784 532 48.
811 505 874 536 49.-

141 547 194 577 66.
218 546 293 576 Sen.
310 556 342 585 p.
360 546 442 576 Red.
459 550 489 576 3.
515 545 577 575 Sed
593 547 772 584 optimates
788 545 864 575 κατ’

138 589 243 630 {gazin
268 591 432 630 principes
471 589 638 619 dicuntur.
679 589 735 618 Or.
781 589 802 618 i.
835 592 866 622 7.

134 634 326 675 principum
355 642 465 662 causa.
491 632 663 662 Dicuntur
686 634 801 661 tame'n
819 632 865 661 sie

139 678 242 707 etiam
254 677 411 716 primores
426 675 746 715 potentissimi,cum
761 684 867 715 popu-

141 719 276 757 larium,
293 724 367 750 tum
390 719 618 758 optimatium.
644 718 685 748 ad
701 719 776 749 Div.
796 719 817 748 i.
835 723 866 752 9.

134 765 297 805 principes
310 764 344 792 in
358 761 483 802 republ.
500 761 519 779 ⁵*
538 761 695 801 Princeps
712 763 867 797 Senatus,

139 807 191 838 Fr.
208 808 265 837 Or.
282 816 332 846 pr.
352 806 482 835 Scauro
499 805 632 845 proprie
648 808 698 834 est
714 807 753 842 is,
768 815 867 844 quem

141 851 269 881 Censor
284 850 445 879 Senatum
469 858 643 878 recensens
662 850 804 888 primum
823 848 869 878 le-

141 895 203 932 git.
226 893 290 922 Sed
305 893 351 922 sic
367 893 467 922 etiam
480 892 638 922 dicuntur
654 892 866 929 Consulares,

140 937 323 977 praesertim
349 936 564 976 potentiores,
590 945 650 965 nec
666 936 796 973 statim,
811 936 868 966 ubi

141 981 298 1019 Princeps
308 981 450 1010 Senatus
458 980 614 1016 occurrit,
631 979 869 1017 intelligendus

142 1025 183 1059 is,
201 1025 257 1063 qui
274 1024 404 1063 proprie
422 1022 555 1053 dicitur.
581 1033 611 1052 v.
628 1022 868 1062 wesseiingius

140 1068 221 1098 Obs.
238 1068 260 1097 i.
280 1070 310 1098 8.
329 1067 384 1097 ubi
401 1067 435 1096 in
451 1076 488 1096 eo
506 1067 650 1105 graviter
676 1071 825 1096 erratum
851 1076 870 1096 a

142 1111 303 1142 Panvinio
331 1110 437 1140 docet.
482 1109 643 1150 Princeps
665 1110 869 1149 juventutis,

141 1154 255 1185 Vatin.
273 1157 322 1184 10.
348 1153 389 1184 ad
406 1153 482 1184 Div.
497 1154 544 1184 iii.
565 1156 613 1184 ll.
637 1155 730 1193 cujus
748 1163 869 1183 nomen

141 1199 286 1237 primum
303 1197 454 1227 recitavit
468 1207 596 1234 censor,
609 1197 759 1227 ordinem
770 1207 870 1235 eque-

139 1246 244 1272 strem
262 1250 447 1271 recensens.
473 1240 538 1270 Sed
553 1251 611 1280 pro
627 1240 741 1270 Plane.
763 1243 812 1274 17.
836 1244 871 1269 et

142 1285 221 1316 alibi
246 1285 416 1324 Principes
445 1284 569 1314 ordinis
600 1284 762 1322 equestris
792 1287 872 1313 sunt

142 1330 272 1368 equites
289 1327 791 1368 locupletissimi,gratiosissimi
809 1327 868 1357 ἃς.

141 1371 281 1402 *Flam
309 1374 361 1403 23.
386 1376 425 1401 ut
435 1371 587 1410 princeps
604 1372 793 1410 principum
820 1380 870 1400 es-

141 1420 194 1446 set
214 1415 430 1446 Maeandrius.
454 1414 593 1454 *fgenus
624 1414 784 1451 militum,
813 1416 867 1453 qui

141 1459 222 1489 olim
254 1459 371 1499 gladiis
407 1458 616 1498 pugnabant,
648 1457 749 1487 medii
782 1458 872 1487 inter

142 1502 292 1533 hastatos
316 1506 351 1531 et
371 1502 513 1542 pilanos,
530 1505 565 1532 et
580 1501 660 1540 ordp
675 1501 746 1540 ejus
769 1510 871 1539 gene-

141 1546 197 1576 ris.
222 1546 262 1576 ad
277 1545 371 1576 Brut.
389 1548 419 1576 8.
445 1545 598 1575 Cretensi
613 1543 700 1574 bello
716 1549 870 1574 octavum

135 1591 320 1630 principem
336 1589 431 1619 duxit
444 1600 450 1618 x
476 1588 510 1618 h.
527 1598 556 1617 e.
570 1592 726 1618 octavum
736 1589 871 1628 princi-

137 1643 226 1673 pum
242 1632 406 1663 ordinem.

187 1677 388 1716 Principalis
413 1684 522 1705 causa.
546 1674 618 1705 Fat.
648 1677 700 1706 18.
725 1679 777 1705 est
801 1675 871 1705 effi-

134 1720 247 1757 ciens,
264 1730 337 1759 quae
350 1727 384 1749 et
400 1718 599 1749 antecedens
617 1718 739 1748 dicitur
755 1719 812 1749 ibi.

188 1763 413 1803 Principacas.
431 1762 514 1792 Cato
526 1765 575 1793 18.
591 1763 767 1792 sententiae
774 1764 871 1801 prin-

143 1809 270 1847 cipatus
282 1819 290 1835 .·
328 1807 361 1837 h.
389 1816 418 1836 e.
444 1806 552 1845 primo
578 1805 650 1835 loco
681 1806 784 1843 dicta,
813 1809 872 1836 aut

144 1852 215 1889 ejus
232 1850 380 1880 dicendae
402 1850 509 1890 primo
537 1849 609 1879 loco
629 1849 697 1887 jus.
720 1849 739 1868 *²
755 1850 789 1880 σὲ
803 1850 872 1889 ἥγι-

143 1894 258 1934 μονυιόν
284 1893 370 1933 quod
397 1893 504 1923 Graeci
522 1898 653 1924 vocant.
679 1892 756 1923 Nat.
775 1894 819 1924 D.
838 1894 871 1924 ii.

150 1941 198 1968 ll.
223 1947 358 1967 omnem
381 1940 536 1967 naturam
555 1946 688 1966 necesse
704 1942 756 1967 est
770 1936 873 1968 habe-

147 1991 182 2011 re
199 1982 232 2011 in
251 1991 284 2011 se
301 1981 446 2020 aliquem
458 1982 685 2020 principatum
703 1981 762 2011 διο.

189 2024 410 2065 Principium.
434 2024 505 2054 Fin.
524 2024 557 2054 ii.
578 2026 626 2054 ll.
661 2024 707 2054 iii.
725 2027 754 2055 5.
773 2025 871 2063 prin-

143 2069 231 2108 cipia
246 2068 425 2106 naturalia,
443 2072 523 2098 sunt
539 2067 638 2107 primi
655 2072 785 2098 naturae
810 2068 873 2097 im-

147 2116 259 2152 petus,
277 2112 460 2152 appetitus,
477 2111 698 2141 aversationes
716 2112 774 2141 8ιο.
806 2110 872 2141 Off.

147 2155 194 2186 iii.
216 2157 264 2186 12.
288 2166 327 2185 ea
336 2156 504 2195 principia
522 2159 652 2184 naturae
669 2154 783 2193 habes,
799 2155 874 2193 qui-

144 2199 206 2229 bus
219 2199 490 2239 parere—debes,
507 2203 545 2227 ut
559 2198 690 2228 utilitas
704 2202 766 2228 tua
782 2207 873 2227 com-

145 2243 257 2272 munis
271 2242 400 2273 utilitas
417 2242 473 2272 sit.
496 2241 515 2260 *²
530 2241 632 2271 Acad.
648 2241 688 2271 iv.
706 2242 758 2273 36.
777 2243 873 2282 prin-

143 2286 231 2325 cipia
247 2295 372 2323 rerum,
387 2289 467 2316 sunt
482 2285 651 2315 elementa
668 2285 727 2315 διο.

189 2329 315 2360 Prisce.
350 2329 431 2360 Coel.
460 2332 510 2359 14.
542 2335 655 2358 utrum
679 2338 732 2358 me
759 2338 872 2358 secum

145 2381 255 2403 severe
269 2376 303 2403 et
319 2373 463 2412 graviter
482 2377 517 2402 et
527 2374 634 2412 prisce
650 2382 746 2411 agere
763 2371 872 2410 malit,

147 2425 190 2446 an
206 2418 340 2446 remisse
367 2427 405 2446 ae
432 2415 552 2446 leniter
576 2420 612 2445 et
628 2416 764 2446 urbane.
790 2416 812 2445 i.
842 2425 872 2446 e.

146 2469 237 2489 more
255 2460 406 2503 antiquo,
425 2470 502 2489 cum
520 2459 628 2489 adhuc
644 2461 745 2499 prisci
761 2464 874 2489 essent

146 2512 255 2533 mores
275 2515 284 2541 ;
309 2504 330 2533 i.
347 2514 375 2533 e.
393 2503 542 2534 duriores
554 2507 588 2532 et
603 2504 796 2542 asperiores.
872 2504 879 2511 '

192 2546 348 2583 Privareg
365 2556 424 2586 pro
441 2546 580 2576 liberare
597 2546 674 2585 Agr.
692 2547 713 2576 i.
729 2549 760 2577 4.
786 2555 873 2576 unus

142 2594 300 2639 privatur
319 2590 451 2630 injuria.
476 2590 546 2620 Pin.
563 2591 585 2620 i.
601 2593 640 2624 37
645 2613 652 2621 .
678 2590 789 2620 dolore
800 2591 875 2630 pri-

145 2643 236 2672 vare.

189 2677 373 2713 Privatim,
423 2686 481 2716 per
525 2686 572 2715 se,
621 2686 681 2707 suo
727 2676 875 2707 nomine.

215 2724 265 2751 nt.
284 2722 314 2750 4.
339 2729 400 2749 nec
427 2720 568 2750 societas
589 2721 650 2751 tibi
673 2720 785 2757 debet,
814 2730 876 2750 nec

146 2765 301 2805 0„;atim
325 2763 485 2802 Quintius
512 2764 637 2795 debuit.
668 2765 687 2783 *²
705 2764 776 2794 Inv.
793 2764 815 2793 i.
843 2766 876 2794 4.

139 2807 338 2862 §rs-nentia
358 2805 489 2846 publice
507 2813 542 2837 et
552 2809 715 2846 privatim
729 2807 876 2837 abutun-

145 2864 222 2905 eloq
253 2850 287 2886 h.
302 2860 331 2883 e.
348 2850 385 2883 in
398 2850 505 2882 causis
531 2850 686 2893 publicis,
703 2852 738 2884 in
759 2861 828 2893 rep.
841 2854 877 2883 et

647 65 793 96 {Nnssx
822 64 1118 95 LAnM'rArrs.

905 157 940 186 in
965 157 1072 187 causis
1086 156 1238 196 privatis.
1260 153 1354 185 verr.
1369 155 1404 186 ii.
1419 157 1451 186 4.
1477 154 1630 188 homines

907 199 1037 240 publice
1054 201 1282 240 privatimque
1298 203 1471 229 venerunt.
1628 208 1633 212 ’

950 243 1122 280 Privatus,
1153 243 1210 273 uni
1251 243 1413 282 proprius.
1450 242 1567 283 Quint.
1597 246 1631 276 4.

900 288 1043 326 privaroe
1060 297 1122 324 res,
1146 289 1364 326 opponuntur
1387 286 1631 316 communibus.

908 329 976 359 Fin.
996 330 1040 360 iii.
1065 333 1090 360 1.
1115 330 1220 360 verbis
1238 330 1271 359 in
1289 329 1436 358 docendo
1452 330 1542 368 quasi
1555 331 1630 368 pri-

905 374 989 402 vatis
1018 377 1163 403 utuntur
1192 376 1226 403 et
1266 374 1344 402 suis.
1375 372 1394 390 ²*
1406 371 1445 401 de
1476 372 1627 412 singulis.

907 416 1006 446 Dom.
1027 420 1074 450 17.
1098 416 1186 455 leges
1194 417 1334 456 privatis
1347 415 1535 445 hominibus
1549 417 1632 446 irro-

907 468 984 498 gare
1003 470 1010 488 2
1035 460 1091 489 ubi
1108 465 1222 489 tamen
1240 459 1387 498 Scaliger
1401 463 1491 489 recte
1508 456 1629 498 corrigi

907 501 1012 532 voluit
1031 514 1037 531 z
1070 504 1184 542 privis.
1226 503 1381 543 *quincii
1411 508 1630 542 opponuntur

907 545 1053 584 regibus,
1069 549 1103 575 et
1119 546 1165 575 sic
1177 548 1391 585 magistratus
1402 555 1532 584 quoque
1541 555 1633 576 com-

908 589 1112 627 plectuntur.
1137 589 1213 619 Div.
1229 590 1251 619 i.
1269 592 1320 620 40.
1349 590 1429 619 item
1456 590 1633 628 magistra-

907 632 1008 662 tibus.
1034 632 1132 662 Catil.
1149 633 1199 664 iii.
1216 633 1246 662 6.
1263 633 1436 671 inpn‘mto
1452 633 1487 662 P.
1505 633 1633 662 Lentu.-

909 675 952 705 10.
978 675 1077 706 Catil.
1094 675 1115 706 i.
1136 678 1162 705 1.
1188 676 1222 705 P.
1239 676 1347 714 Scipio
1373 676 1526 705 Pontifex
1542 686 1632 706 max.

902 720 1056 758 primatus
1071 724 1219 749 vocatur.
1238 719 1292 748 ubi
1309 729 1339 749 ν.
1355 718 1518 748 Muretus.
1533 719 1632 759 Apud

908 761 1044 792 Livium
1067 766 1180 792 tamen
1198 773 1228 792 v.
1247 764 1299 793 59.
1315 762 1502 792 sacerdotes
1527 762 1633 792 flami-

913 815 1036 844 nesque
1052 812 1271 845 opponuntur
1279 807 1433 844 privatis.
1480 805 1636 836 Muretus

911 855 1023 879 autem
1041 849 1127 879 male
1144 850 1245 879 etiam
1267 850 1478 888 magistratus
1503 849 1637 888 provinae

912 893 1010 922 ciales
1023 894 1163 932 privatis
1179 898 1391 930 annumerat,
1407 892 1566 931 deceptus
1587 892 1635 922 lo-

912 945 950 965 co
976 935 1059 966 Phil.
1076 937 1120 966 xi.
1137 940 1166 967 8.
1191 946 1220 965 v.
1246 936 1448 967 Arntzenius
1475 935 1516 964 ad
1546 935 1635 966 Plin.

913 979 993 1008 Pan.
1012 983 1041 1012 7.
1065 980 1135 1010 Nee
1153 980 1207 1018 qui
1226 989 1303 1009 cum
1332 979 1471 1018 imperio
1486 978 1548 1016 est,
1561 980 1635 1018 pri-

910 1028 1005 1053 vaias
1020 1029 1083 1060 est,
1106 1026 1146 1052 ut
1162 1024 1262 1052 etiam
1279 1023 1418 1061 sigonio
1430 1023 1548 1052 visum.
1561 1023 1635 1053 Liv.

912 1067 1043 1096 xxxviii.
1069 1069 1098 1097 5.
1122 1066 1389 1106 triumphantem
1413 1066 1552 1105 opponit
1562 1067 1636 1106 pri-

909 1115 995 1147 vato,
1027 1110 1104 1148 quia
1119 1110 1152 1139 'ru
1179 1109 1351 1149 triumpho
1379 1118 1456 1138 cum
1494 1110 1636 1149 imperio

911 1161 972 1183 est.
1006 1153 1159 1191 *judicia
1177 1154 1313 1193 privata
1337 1152 1436 1182 Rosc.
1450 1152 1487 1184 C.
1503 1153 1534 1182 6.
1560 1162 1637 1192 quae

919 1201 999 1227 sunt
1015 1206 1189 1226 causarum
1201 1198 1426 1236 privatarum.
1438 1205 1467 1225 v,
1481 1205 1591 1226 causa.

957 1240 1190 1279 Pn'vilegiam.
1212 1240 1313 1270 Dom.
1334 1242 1382 1273 17.
1416 1243 1530 1268 vetant
1546 1239 1638 1279 leges

911 1292 1063 1321 sacratae,
1079 1287 1194 1314 vetant
1210 1282 1413 1319 xii.tabulae,
1425 1281 1513 1322 leges
1537 1284 1636 1323 privis

912 1327 1105 1357 hominibus
1129 1328 1268 1366 irrogari
1283 1339 1290 1356 ·.
1316 1326 1349 1356 id
1363 1329 1414 1355 est
1428 1327 1518 1355 enim
1530 1328 1637 1366 privi-

912 1372 1047 1409 legium.
1077 1370 1119 1400 cf.
1148 1371 1245 1401 Brut.
1271 1373 1323 1401 ⁶23.
1358 1369 1434 1400 Sen.
1460 1379 1494 1409 p.
1522 1371 1562 1401 R.
1587 1373 1640 1401 11.

912 1414 1002 1444 Sext.
1015 1417 1067 1445 30.
1090 1413 1172 1453 Leg.
1190 1415 1236 1444 iii.
1252 1416 1284 1444 4.
1304 1417 1353 1447 19.
1370 1413 1430 1443 διο.

957 1457 1039 1495 Pro,
1063 1458 1226 1496 exquisite
1252 1462 1287 1487 et
1310 1457 1447 1496 antique
1464 1456 1586 1488 dicitur
1601 1458 1638 1487 in

912 1500 974 1530 hac
991 1501 1108 1531 forma.
1123 1501 1216 1531 Verr.
1234 1501 1255 1530 i.
1279 1503 1333 1531 45.
1351 1509 1413 1539 pro
1440 1501 1550 1540 praede
1567 1501 1638 1531 litis

912 1544 1145 1575 vindiciarum.
1163 1544 1228 1575 vid.
1244 1553 1340 1584 praes.

959 1588 1162 1627 Prwgorus,
1184 1597 1307 1617 nomen
1322 1588 1445 1617 summi
1462 1588 1640 1627 magistra-

912 1634 967 1662 tus
995 1632 1029 1661 in
1059 1631 1257 1670 quibusdam
1280 1630 1402 1661 Sieiliae
1433 1631 1638 1661 civitatibus.

912 1675 1005 1706 Verr.
1022 1676 1064 1705 iv.
1080 1677 1132 1706 23.
1144 1675 1200 1704 ubi
1217 1685 1248 1704 v.
1260 1674 1343 1704 Intt.

960 1719 1125 1755 Prwvus,
1152 1728 1212 1758 pro
1238 1719 1340 1748 abavo
1356 1722 1406 1747 est
1422 1717 1463 1748 ad
1488 1718 1565 1749 Div.
1590 1718 1640 1748 iii.

917 1765 967 1792 ll.
991 1762 1047 1792 ubi
1059 1772 1088 1792 v.
1103 1761 1288 1792 Manutius.
1304 1768 1340 1791 et
1349 1761 1419 1792 Pin.
1431 1763 1478 1792 iii.
1497 1764 1546 1792 12.
1562 1761 1640 1792 add.

914 1806 1027 1845 Sigon.
1042 1805 1084 1835 ad
1097 1804 1171 1835 Liv.
1188 1805 1229 1835 iv.
1244 1808 1298 1836 48.

960 1849 1157 1886 Probabilis,
1175 1849 1232 1888 qui
1255 1848 1379 1888 placet,
1395 1849 1565 1888 probatur.
1582 1849 1642 1880 Or.

917 1893 938 1924 i.
956 1895 1008 1924 28.
1034 1892 1214 1933 discipulus
1224 1893 1411 1932 probabilis.
1424 1893 1467 1923 cf.
1481 1893 1515 1922 ii.
1532 1893 1586 1923 36.

960 1936 1120 1973 Probare,
1146 1945 1224 1966 cum
1253 1936 1364 1966 dativo
1384 1945 1547 1976 personae,
1570 1936 1642 1966 effi-

917 1989 990 2010 cere
1007 1989 1205 2019 quocunque
1223 1979 1334 2017 modo,
1350 1984 1390 2009 ut
1405 1979 1532 2018 aliquid
1540 1979 1639 2010 alicui

915 2028 1060 2061 rectum,
1081 2033 1211 2060 verum,
1229 2023 1364 2062 justum
1394 2023 1453 2053 διο.
1479 2023 1645 2055 videatur.

913 2066 1014 2097 Tusc.
1032 2067 1078 2097 iii.
1093 2070 1142 2098 10.
1175 2066 1257 2096 mihi
1274 2075 1341 2096 non
1359 2067 1500 2107 probant
1515 2066 1642 2097 medio-

915 2111 1052 2141 critates
1068 2120 1156 2141 suas.
1180 2109 1274 2140 Balb.
1289 2112 1341 2141 20.
1364 2119 1582 2150 possumusne
1597 2111 1642 2140 ti-

915 2154 948 2183 bi
960 2154 1101 2194 probare
1114 2157 1286 2184 auctorem
1302 2154 1448 2193 exempli
1464 2153 1638 2186 Marium?

915 2197 997 2228 Sull.
1015 2201 1043 2228 1.
1059 2197 1178 2237 Quint.
1193 2200 1247 2228 30.
1264 2198 1404 2237 probare
1422 2206 1556 2227 causam
1580 2197 1643 2228 ali-

916 2241 981 2272 cui.
1004 2240 1078 2272 Mil.
1095 2243 1148 2272 24.
1173 2240 1261 2280 quod
1277 2250 1340 2270 acu
1365 2246 1531 2280 punctum
1552 2241 1644 2271 vide-

914 2289 984 2321 tur,
995 2285 1132 2325 probari
1148 2294 1207 2324 pro
1223 2285 1295 2314 ictu
1319 2283 1522 2323 gladiatoris.
1548 2284 1643 2316 Verr-

915 2338 945 2359 v.
963 2331 1015 2360 30.
1041 2338 1141 2367 quem
1157 2338 1215 2368 pro
1237 2327 1295 2357 illo
1305 2328 1448 2368 probare
1464 2327 1574 2358 velles.
1591 2327 1635 2357 cf.

916 2372 951 2402 in
975 2371 1087 2402 Caecil.
1114 2372 1144 2402 6.
1171 2371 1294 2402 Caecin.
1319 2372 1373 2402 21.
1396 2371 1490 2402 Verr.
1521 2371 1567 2401 iii.
1587 2374 1644 2405 91.

917 2415 976 2446 διο.
1011 2415 1030 2433 ²*
1045 2415 1249 2452 examinare,
1279 2414 1477 2454 perspicere.
1509 2414 1589 2454 Agr.
1605 2415 1642 2445 ii.

916 2461 969 2489 34.
993 2459 1134 2498 probare
1148 2458 1286 2488 hostias,
1301 2468 1331 2487 v.
1349 2458 1512 2498 probatio.

960 2502 1129 2539 Probata»,
1155 2511 1308 2539 examen,
1331 2501 1508 2540 inspectio,
1533 2501 1646 2541 explo-

917 2546 1013 2576 ratio.
1045 2546 1098 2575 die
1124 2545 1378 2584 Besicbtigung.
1402 2544 1497 2574 Font.
1529 2547 1560 2574 4.
1583 2544 1647 2575 fal-

916 2598 991 2619 sum
1006 2593 1136 2619 est—et
1151 2590 1192 2619 ob
1212 2589 1430 2628 probationem
1458 2586 1639 2628 (operum‚)

917 2632 1006 2671 quod
1033 2632 1142 2662 multa
1167 2632 1354 2671 improbata
1390 2636 1479 2661 sunt.
1504 2631 1596 2661 verr.
1622 2632 1645 2661 i.

918 2679 970 2707 54.
990 2677 1136 2715 probatio
1163 2675 1278 2705 futura
1300 2677 1352 2703 est
1376 2679 1447 2705 tua.
1471 2674 1527 2713 qui
1553 2674 1645 2706 locus

919 2727 969 2749 est
996 2719 1161 2749 classicus.
1206 2718 1269 2748 Off.
1301 2718 1323 2747 i.
1354 2721 1407 2749 40.
1441 2717 1646 2749 athletarum

911 2764 1069 2803 probatio.
1098 2772 1127 2792 V.
1153 2761 1326 2792 Drakenb.
1353 2761 1395 2791 ad
1431 2760 1503 2790 Liv.
1525 2761 1567 2791 iv.
1592 2762 1647 2793 22.

918 2807 937 2825 ²¹²
952 2806 991 2836 In
1007 2815 1106 2835 sensu
1122 2805 1362 2845 philosophico,
1378 2805 1559 2846 opponitur
1572 2813 1650 2846 per·

920 2850 1079 2892 ceptioni.
1102 2849 1206 2883 Acad.
1221 2849 1264 2883 iv.
1281 2851 1334 2881 31.
