1804 3178
643 134 789 165 :snex
820 130 1115 170 ιΑτιΝιτΑτιε.

122 224 165 262 d,
179 232 242 255 nec
251 223 350 255 hodie
361 233 497 255 amno.
511 219 531 242 ⁰
543 223 578 254 in
593 222 790 264 syllogismo
801 229 853 255 est

124 277 303 304 mamere,
341 278 418 299 cum
455 267 572 307 majori
621 268 852 308 propositioni,

123 321 227 351 quam
250 319 381 348 vocant,
395 311 587 349 subjicimus
603 311 778 342 minorem.
794 311 854 342 Di-

123 354 192 385 vin.
208 356 242 386 ii.
259 358 310 386 52).
341 354 404 385 sed
429 364 507 384 cuin
535 354 583 384 bis
607 355 740 392 sumsit,
765 355 853 394 quod

125 397 229 430 voluit
249 399 334 439 (baec
356 404 408 428 est
430 398 611 438 propositio
634 400 751 438 major,
779 408 853 437 quae

125 442 277 473 Ciceroni
299 441 495 481 simpliciter
518 441 698 481 propositio
714 441 848 480 dicitur)

124 484 158 514 id
187 491 301 516 tamen
327 485 475 521 assumit,
501 485 588 524 quod
619 485 754 515 concedi
786 495 851 515 non

125 534 247 568 potest.
275 532 327 559 53.
342 529 487 559 Assumit
511 536 624 558 autem
648 529 852 570 Chrysippus

124 570 186 602 boc
210 571 332 602 modo:
357 574 442 602 Sunt
470 579 584 602 autem
610 573 664 602 Dii
693 574 752 602 &a
777 576 795 593 θ
817 574 851 603 in

123 614 296 646 rhetoricis
312 626 486 651 assumere,
509 623 558 645 cst
574 617 778 646 extrinsecus
796 626 852 657 pe-

121 664 194 688 tere
223 664 436 698 argumenta,
467 669 532 688 uou
564 669 603 689 ex
638 660 709 699 ipsa
740 670 850 690 causa.

120 700 204 742 Top.
221 703 252 732 2.
269 701 324 732 alii
342 702 404 732 loci
430 703 463 732 iu
482 712 521 732 eo
544 703 626 742 ipso,
644 703 684 733 de
700 713 765 742 quo
782 704 850 743 agi-

120 750 190 782 tur,
205 744 348 782 haerent,
372 746 428 776 alii
450 751 664 776 assumuntur
688 747 850 777 extrinse-

121 797 191 818 cus.
215 788 258 819 cf.
281 790 339 819 Or.
356 793 408 820 35.

163 832 334 863 Ass-unitio.
359 832 429 863 Pin.
457 834 503 863 iii.
528 836 558 863 5.
582 835 776 864 assumtione
800 834 848 863 di-

121 885 188 915 gna
201 881 282 906 suut
295 876 480 919 προηγμένα.
505 877 522 893 “
535 876 606 906 lnv.
621 877 641 907 i.
653 880 705 907 34.
723 888 848 908 assum-

120 921 163 949 tio
178 924 229 950 est
247 919 358 950 minor
374 920 556 960 propositio
571 919 763 960 syllogismi.

162 963 378 994 Assumeious.
417 962 488 993 lnv.
522 964 543 994 i.
583 967 630 994 11.
668 966 848 995 assumtit‘a

120 1006 330 1036 constitutio.
351 1006 432 1045 quid
454 1007 520 1037 sit?
546 1007 610 1038 vid.
626 1008 704 1038 ibid.

160 1050 273 1088 Asm,
288 1059 320 1087 a,
336 1059 405 1080 um.
429 1050 471 1080 ad
493 1051 570 1082 Div.
601 1051 643 1081 ix.
667 1053 719 1082 20.
744 1061 847 1091 usque

117 1092 284 1124 adaamm
306 1093 488 1123 vitulinum
515 1104 616 1134 opera
642 1095 846 1134 producitur.

118 1139 139 1158 θ
151 1137 224 1167 Att.
239 1137 296 1168 xii.
313 1137 344 1167 6.
362 1146 421 1177 pro
445 1138 508 1167 i<t0
531 1148 600 1168 asso
620 1138 702 1176 sole,
719 1148 784 1177 quo
807 1146 846 1169 tu

117 1179 239 1211 abusus
253 1190 288 1211 es
305 1181 339 1210 in
366 1180 499 1220 pratulo
525 1187 652 1219 nostro,
669 1192 688 1212 a
709 1189 744 1211 te
768 1183 847 1212 niti-

116 1223 201 1254 dum
213 1223 317 1255 solem
335 1232 542 1264 unctumque
558 1235 759 1265 repetemus,
779 1226 800 1255 i.
817 1236 845 1256 e.

142 1277 178 1297 ro
193 1278 245 1305 eo,
268 1278 334 1307 quo
359 1277 438 1297 usus
454 1277 488 1298 es
508 1269 580 1298 sine
598 1269 766 1299 unctione.
783 1269 845 1299 vid.

147 1311 277 1341 ucbner
291 1311 331 1341 ad
348 1310 439 1341 bunc
455 1310 476 1341 l.
490 1320 525 1342 et
542 1312 683 1342 Casaub.
699 1312 741 1342 ad
757 1312 846 1343 Pers.

116 1364 150 1394 p.
166 1355 241 1385 346.
256 1365 282 1385 s.
298 1360 338 1384 ut
352 1354 463 1394 placet
490 1355 657 1393 Manutio,
673 1365 733 1396 pro
759 1355 847 1386 inso-

115 1397 240 1428 latione
256 1399 327 1428 sine
343 1408 449 1436 coena,
463 1399 565 1429 etiam
577 1409 654 1429 cuin
671 1409 765 1429 coena
776 1399 843 1430 lau-

118 1448 156 1471 ta
171 1447 207 1472 et
222 1447 338 1473 uncta.
383 1445 403 1463 ¹*
416 1442 480 1482 Ωιι.
498 1442 548 1473 Fr.
564 1443 611 1472 iii.
631 1446 658 1473 1.
683 1443 716 1472 in
733 1442 847 1473 balne-

117 1485 195 1516 ariis
211 1495 286 1516 assa
304 1486 339 1516 in
364 1484 509 1516 alterum
535 1486 718 1526 apodyterii
741 1495 847 1525 angu-

116 1527 187 1559 lum
205 1529 366 1569 promovi.
395 1528 428 1559 h.
441 1538 470 1559 e.
493 1529 675 1567 sudatoria,
692 1535 731 1560 ut
746 1531 848 1560 Sene·

116 1581 157 1602 ca
168 1571 330 1612 appellat,
350 1582 377 1603 s.
391 1572 617 1610 sudationem,
635 1573 691 1603 ubi
706 1573 848 1604 sudaba-

114 1620 174 1646 tur
193 1620 344 1654 tantum,
358 1616 430 1646 sine
455 1615 591 1647 lotione.
613 1616 678 1647 vid.
708 1616 846 1647 Salmas.

114 1658 159 1690 ad
173 1658 336 1690 Carinum
361 1670 390 1690 c.
409 1663 459 1694 17.
485 1670 518 1700 p.
535 1663 610 1692 810.
626 1660 657 1690 b.
690 1660 846 1700 Figuram

116 1703 188 1743 ejus
203 1712 245 1733 ex
261 1703 400 1743 antiquo
424 1708 645 1734 monumento
663 1704 799 1734 exhibet
812 1704 845 1735 J.

115 1745 158 1776 A.
172 1746 342 1777 Fabricius
355 1747 545 1778 adSextum
558 1747 656 1788 Einp.
672 1757 705 1788 p.
715 1750 767 1778 30.
783 1748 845 1779 Ca-

114 1790 254 1821 saubon.
262 1790 305 1821 ad
314 1790 483 1832 Theophr.
497 1791 561 1834 mg}
573 1792 746 1831 ἀνωισχνυτ.
758 1802 790 1832 p.
801 1801 846 1822 m.

119 1834 191 1865 144.
207 1833 387 1874 distinguit
401 1844 510 1865 assam
525 1834 644 1864 cellam
667 1845 687 1864 a
712 1835 847 1865 sudato-

115 1877 178 1915 ria,
195 1881 229 1907 et
246 1878 282 1908 in
295 1877 469 1909 nonnullis
483 1877 610 1909 balneis
621 1884 766 1917 quatuor
781 1878 847 1908 cel·

115 1919 165 1951 las
179 1920 282 1951 fuisse
304 1921 366 1959 ait,
382 1922 416 1952 in
433 1922 553 1961 quibus
574 1926 697 1962 praeter
711 1922 847 1952 sudato-

115 1964 200 1994 riam
211 1964 408 2002 assafuerit,
418 1965 506 2004 quod
520 1975 560 1996 ex
577 1965 610 1995 h.
621 1965 641 1995 l.
651 1970 687 1995 et
701 1975 741 1995 ex
758 1965 846 1996 Dial.

114 2007 251 2038 Adriani
281 2017 360 2039 cum
389 2008 546 2049 Epicteto
568 2009 757 2039 confirmat.
806 2008 846 2039 ln

114 2049 189 2081 loco
204 2050 374 2082 Ciceronis
387 2052 521 2091 quidem
539 2061 606 2082 non
622 2052 744 2082 diserte
760 2063 780 2082 a
791 2062 846 2083 su-

114 2093 249 2125 datoria
263 2094 349 2125 cella
364 2094 585 2135 distinguitur
598 2105 683 2126 assa.
698 2096 848 2136 Quomo-

112 2137 157 2168 do
172 2142 287 2169 autem
301 2148 376 2169 assa
390 2138 475 2170 cella
499 2149 519 2168 a
541 2139 712 2169 sudatoria
726 2139 847 2170 discre-

116 2188 226 2221 paret,
248 2181 368 2213 vellem
391 2182 654 2213 demonstrasset
680 2181 847 2214 Casaubo-

120 2233 200 2256 nus.

158 2269 272 2300 Astra.
296 2268 365 2300 Att.
392 2269 427 2300 ii.
453 2271 506 2301 25.
529 2269 645 2300 tollere
666 2268 781 2300 laudes
805 2269 848 2300 ad

113 2316 220 2343 aetra.
246 2313 324 2343 ibid.
340 2315 394 2345 21.
421 2312 572 2344 decidere
595 2323 634 2343 ex
654 2314 762 2343 astris.
778 2314 799 2344 i.
817 2323 846 2344 e.

115 2355 271 2386 amittere
286 2356 433 2387 laudem.

158 2399 214 2430 At.
230 2400 332 2430 servit
355 2400 610 2439 objectionibus.
633 2400 726 2430 Verr.
754 2400 789 2430 ii.
813 2399 845 2430 6.

114 2442 161 2474 Ae
174 2443 266 2474 enim
281 2443 382 2474 istum
399 2444 460 2475 soli
477 2443 578 2474 Siculi
602 2446 849 2484 persequuntur

114 2485 176 2516 &a
201 2485 273 2519 rin.
287 2487 322 2517 ii.
336 2489 390 2518 24.
404 2488 449 2518 Ae
473 2488 565 2518 enim
585 2497 706 2526 sequor
721 2486 847 2517 utilita-

115 2532 186 2560 tem
203 2529 263 2560 &c-
280 2534 315 2560 et
328 2530 468 2562 infinitis
485 2530 565 2561 locis
581 2530 664 2561 aliis.
687 2529 846 2560 ‘saltem

115 2572 212 2604 Verr.
227 2573 274 2604 iii.
291 2575 344 2606 85.
372 2575 399 2605 si
418 2584 485 2605 non
500 2574 636 2612 bonam,
647 2578 683 2604 ac
697 2574 847 2613 aliquam

118 2616 282 2647 rationem
299 2617 415 2648 afferre
431 2619 491 2649 &c.

158 2660 253 2691 Ater.
277 2660 362 2692 Phil.
378 2662 413 2692 ii.
429 2662 478 2693 16.
495 2661 588 2692 albus
603 2665 714 2692 aterve
728 2660 846 2698 fueris,

115 2701 286 2742 ignorans.

158 2746 305 2778 Atomus.
319 2747 437 2780 femin.
459 2758 492 2788 g.
516 2747 760 2789 Corpusculum
784 2747 847 2777 mi-

116 2793 242 2820 nutum
255 2794 292 2820 et
306 2790 530 2830 individuum,
546 2802 612 2832 quo
628 2792 662 2822 in
677 2790 845 2831 explican-

116 2831 161 2862 da
174 2832 302 2873 origine
317 2835 434 2866 mundi
449 2835 611 2866 utebatur
632 2834 846 2866 Democritus

117 2879 154 2951 εὖ
175 2879 252 2916 post
272 2886 351 2908 eum
373 2878 550 2920 Epicurus.
580 2879 652 2910 Pin.
669 2879 690 2909 i.
712 2878 744 2908 6.
767 2877 845 2908 Nat.

156 2941 165 2949 .
178 2919 201 2953 i.
218 2920 271 2951 20.
295 2920 356 2953 dte.

1547 135 1626 185 197

939 226 1054 266 Aeque.
1077 227 1212 258 inservit
1236 229 1339 260 initiis
1361 234 1396 261 et
1418 234 1622 266 tran-itioni-

896 267 968 300 bus.
1006 271 1063 300 Or.
1082 271 1102 299 i.
1118 272 1169 301 22.
1194 272 1309 311 Aeque.
1327 274 1434 312 inquit
1443 275 1621 315 Sulpicius,

895 311 957 341 boc
967 313 1112 352 primuni
1130 323 1149 343 a
1163 316 1394 353 tequaeriuius.
1414 317 1514 357 chg.
1530 320 1574 348 iii.
1591 326 1623 354 9.

895 356 1000 395 Atque
1017 360 1054 386 ut
1080 356 1277 387 Flaminium
1301 363 1334 389 et
1350 370 1389 389 ea
1415 370 1488 398 qua·
1516 362 1622 400 prisca

894 403 973 429 sunt
1000 399 1196 438 relinquam.
1221 400 1316 431 Catil.
1342 403 1387 432 iii.
1405 403 1434 432 6.
1458 403 1561 442 Aeque
1583 405 1620 434 il-

894 441 964 478 lud,
989 443 1076 482 quod
1101 444 1246 483 primuni
1264 443 1451 475 facit-tulum
1479 446 1555 481 suit.
1571 447 1618 477 (ιι-

894 490 986 516 otum
1016 492 1116 525 atque
1141 490 1348 517 transactum
1371 492 1431 517 cst.
1462 489 1502 518 cf.
1526 490 1582 520 Or.
1599 491 1620 521 i.

893 531 924 559 4.
949 529 1020 559 init.
1047 529 1087 559 ad
1103 530 1178 560 Div.
1197 530 1238 559 xi.
1253 531 1304 561 ³28.
1322 532 1380 560 ἃς.
1415 534 1433 551 ⁰
1447 542 1523 562 cuni
1539 533 1620 563 adeo

894 573 926 602 in
953 573 1214 603 correctionibus
1245 573 1434 605 adhibetur.
1464 575 1616 614 inprimis

893 625 970 646 cum
995 616 1122 646 intendi
1152 618 1354 647 senteutiam
1386 618 1550 654 inlutum,
1581 625 1618 649 ut

892 660 948 696 sit,
964 659 1030 689 sive
1048 660 1166 699 potius.
1191 661 1260 690 Att.
1276 661 1298 691 i.
1318 664 1365 694 17.
1390 671 1451 699 ego
1467 662 1618 702 princeps

892 707 988 742 atque
1003 703 1084 733 adeo
1100 704 1264 734 secundus
1280 704 1339 734 fui.
1365 705 1460 735 Rosc.
1478 706 1551 735 Ani.
1569 709 1617 736 10.

893 745 954 776 hoc
979 747 1127 783 consilio,
1152 753 1248 787 atque
1274 748 1355 777 adeo
1385 747 1446 777 hac
1472 749 1620 779 amentia

893 789 1037 829 impulsi.
1053 793 1112 820 ἀς.
1142 791 1218 820 ibid.
1244 794 1296 821 35.
1319 791 1352 821 Si
1370 791 1539 830 prodierit,
1567 798 1619 822 al-

891 843 952 872 que
966 833 1060 869 adeo,
1075 844 1152 864 cum
1170 834 1336 874 prodierit.
1362 839 1380 855 ⁸
1397 835 1523 872 statim,
1539 845 1619 865 con-

891 877 1013 906 restim.
1037 877 1139 916 lag-g.
1158 879 1189 907 ii.
1206 880 1236 908 4.
1268 878 1300 907 bi
1318 878 1350 907 in
1371 878 1427 917 jus
1443 884 1549 915 vocat,
1565 883 1617 909 a!-

891 930 951 959 que
965 926 1031 950 eat.
1076 920 1163 951 Nam
1179 922 1226 950 sic·
1242 921 1433 959 legendum,
1449 921 1557 952 videre
1574 923 1620 952 vi·

891 964 917 993 ri
935 963 1033 994 docti.
1062 964 1101 994 de
1119 963 1180 994 hac
1201 965 1230 994 vi
1247 964 1417 1004 particulae
1434 964 1496 994 vid.
1514 965 1616 995 Gron.

890 1007 931 1036 ad
961 1007 1030 1037 Liv.
1046 1009 1131 1038 xxvi.
1147 1011 1199 1041 39.
1230 1008 1359 1038 Duker.
1386 1013 1420 1038 et
1442 1008 1548 1039 Drak.
1572 1008 1615 1039 ad

890 1051 989 1080 xxvii.
1001 1052 1053 1082 21.
1065 1055 1099 1081 et
1110 1051 1191 1081 alios
1208 1051 1341 1081 Davisio
1353 1051 1394 1081 ad
1407 1051 1471 1081 h.1.
1485 1052 1615 1082 citatos.

931 1094 1042 1134 Atqui.
1066 1094 1107 1124 ad
1122 1095 1196 1125 Div.
1213 1095 1253 1124 vi.
1270 1097 1300 1124 6.
1322 1097 1412 1134 alqui
1429 1095 1545 1125 utebar
1567 1095 1615 1125 sa-

891 1137 1111 1167 miliarissime
1129 1138 1267 1168 Caesare.
1283 1138 1324 1168 ad
1340 1139 1407 1168 Ait.
1421 1138 1473 1168 vii.
1484 1139 1616 1179 'sanquis'

890 1188 980 1211 certe
998 1180 1052 1210 ille
1078 1191 1174 1220 agore
1196 1181 1321 1211 debuit.
1354 1181 1431 1211 Nat.
1449 1182 1490 1211 Ι).
1519 1182 1551 1212 ii.
1581 1185 1613 1216 7.

889 1227 979 1263 utqui
992 1224 1202 1254 nihilmelius
1218 1229 1269 1254 est
1284 1224 1418 1254 mundo.
1462 1224 1555 1255 Verr.
1581 1225 1615 1255 ii.

891 1271 942 1302 59.
964 1268 1052 1307 Quid
1069 1278 1144 1298 vero
1159 1269 1170 1297 ?
1206 1267 1340 1298 niodum
1357 1272 1540 1298 statuarum
1557 1268 1615 1298 ha-

889 1311 957 1341 beri
984 1311 1114 1342 nullum
1149 1311 1284 1352 placet?
1326 1313 1419 1351 atqui
1454 1311 1615 1342 habeatur

890 1363 1023 1385 necesse
1040 1358 1101 1385 est.

931 1398 1173 1429 Atramentum.
1187 1398 1263 1429 Nat.
1276 1398 1318 1429 D.
1330 1399 1362 1428 ii.
1375 1401 1424 1429 50.
1438 1407 1556 1428 succus
1567 1407 1618 1428 se-

887 1441 963 1481 piae.
987 1442 1028 1472 ad
1049 1442 1123 1472 Div.
1146 1443 1189 1472 ix.
1205 1444 1257 1472 21.
1282 1446 1505 1472 atramentum
1528 1446 1619 1472 suto-

888 1485 975 1515 rium
990 1497 996 1514 ε
1023 1488 1073 1515 est
1089 1485 1326 1522 Chalcanthus,
1348 1495 1373 1515 s.
1389 1488 1428 1514 ut
1449 1484 1546 1515 bodie
1562 1495 1619 1515 vo·

889 1532 984 1558 catur
998 1528 1158 1559 vitriolus.
1175 1539 1204 1559 v.
1229 1528 1313 1559 Plin.
1331 1528 1437 1558 xxxiv.
1458 1530 1507 1559 12.

930 1572 1071 1602 Atratus
1106 1582 1182 1612 opp.
1217 1571 1339 1609 albato,
1365 1575 1479 1611 estque
1515 1571 1616 1610 idem.

889 1616 945 1654 qui
963 1615 1122 1656 pullatus,
1137 1616 1171 1645 in
1187 1615 1298 1646 Vatin.
1319 1618 1366 1646 13.

930 1659 1092 1690 Atrociter
1111 1659 1210 1696 ferre,
1227 1659 1299 1690 Mil.
1317 1661 1348 1689 Β.
1371 1657 1410 1688 de
1435 1658 1506 1695 lege
1523 1657 1617 1689 valde

888 1712 1013 1740 severa,
1029 1703 1081 1733 vel
1097 1703 1130 1732 in
1148 1702 1317 1732 hominem
1335 1702 1385 1731 vel
1401 1702 1435 1732 in
1449 1701 1587 1732 factum.

930 1746 1114 1777 Attendere.
1138 1746 1255 1776 Partit.
1271 1745 1327 1776 Or.
1345 1747 1397 1776 24.
1420 1745 1461 1775 de
1479 1745 1622 1775 necessi-

887 1793 957 1820 tate
973 1790 1152 1825 attendere,
1171 1790 1191 1819 i.
1207 1799 1237 1818 e.
1253 1789 1413 1828 cogitare,
1429 1797 1538 1827 agere.

930 1834 1112 1864 Attentare.
1137 1832 1230 1862 Verr.
1255 1832 1289 1862 ii.
1318 1835 1370 1863 54.
1393 1832 1544 1862 omnium
1569 1832 1619 1862 in-

889 1877 1003 1907 imicos
1028 1876 1206 1916 diligenter
1229 1884 1440 1914 cognoscere,
1461 1875 1618 1914 colloqui,

887 1925 1060 1951 attentare.
1087 1921 1108 1950 i.
1135 1929 1164 1949 e.
1190 1919 1387 1958 perspicere,
1415 1928 1479 1956 quo
1504 1919 1618 1948 animo

887 1964 979 1994 sint:
1004 1964 1060 1994 Or.
1088 1964 1141 1994 61.
1170 1967 1333 1993 attentare
1360 1961 1457 1991 fidem
1479 1961 1617 1999 judicis,

888 2007 1047 2037 dicuntur
1060 2011 1220 2043 oratores,
1238 2005 1293 2044 qui
1311 2004 1479 2035 blanditiis
1496 2005 1619 2035 oratio-

889 2051 939 2080 nis
956 2050 1105 2091 judicem
1129 2059 1149 2080 a
1164 2049 1298 2088 justitia
1317 2047 1479 2078 abducere
1495 2057 1619 2078 conan-

888 2100 955 2124 tur.
979 2094 1069 2124 Sext.
1084 2096 1115 2124 4.
1139 2102 1238 2132 quam
1257 2092 1371 2122 urbem
1388 2091 1427 2120 ab
1444 2090 1501 2120 illa
1515 2090 1618 2121 scele-

889 2141 960 2168 rata
975 2147 1077 2168 manu
1093 2137 1249 2167 attentari
1263 2134 1523 2174 suspicabamur.

932 2181 1129 2212 Attentatns.
1153 2179 1195 2209 ad
1216 2179 1310 2218 Quir.
1333 2187 1365 2218 p.
1386 2177 1425 2207 R.
1449 2180 1480 2211 7.
1504 2176 1617 2207 classi·

887 2229 1063 2260 attentata,
1085 2224 1118 2253 in
1131 2232 1231 2262 quam
1248 2223 1392 2261 impetus
1410 2220 1555 2250 hostium
1569 2219 1617 2250 sa-

888 2275 973 2298 ctuS.
996 2268 1052 2299 Or.
1076 2268 1122 2297 iii.
1146 2268 1198 2297 28.
1223 2264 1342 2295 melius
1353 2264 1462 2294 fuerat
1484 2268 1620 2303 praeter-

890 2312 949 2349 ire,
967 2321 1066 2351 quam
1094 2314 1288 2340 attentatum
1305 2307 1474 2337 deserere:
1499 2306 1621 2346 abjice-

889 2364 975 2391 cere,
992 2353 1079 2394 quod
1095 2362 1238 2393 coeperas
1255 2351 1391 2381 discere.

930 2398 1092 2429 Atteneus.
1130 2396 1226 2427 Rosc.
1256 2394 1368 2424 Amer.
1404 2396 1453 2424 15.
1491 2397 1619 2423 attenta

888 2446 924 2472 et
946 2442 1115 2472 rusticana
1136 2440 1215 2469 vita.
1237 2438 1354 2478 Quint.
1371 2440 1401 2468 3.
1425 2435 1617 2477 paterfami-

889 2485 948 2515 lias
966 2484 1110 2525 prudens
1126 2489 1159 2512 et
1175 2486 1330 2513 attentus.

931 2530 1106 2559 Attenuaee
1128 2526 1247 2556 dicere.
1272 2525 1368 2556 Brut.
1392 2526 1444 2554 55.
1467 2527 1518 2553 est
1540 2522 1616 2553 boni

887 2572 1026 2602 oratoris
1043 2571 1075 2600 in
1090 2578 1210 2609 genere
1222 2568 1316 2598 tenui
1330 2567 1503 2604 versantis,
1515 2565 1618 2604 idem,

888 2615 976 2655 quod
990 2623 1114 2654 presse,
1128 2611 1215 2651 quod
1231 2613 1261 2642 ei
1275 2610 1444 2650 jungitur.

930 2658 1117 2689 Attenuatis.
1132 2656 1318 2685 verborum.
1342 2654 1491 2684 Herenn.
1509 2653 1549 2683 iv.
1568 2655 1618 2683 11.

888 2706 922 2732 et
938 2704 989 2732 21.
1013 2710 1071 2740 pro
1088 2700 1326 2729 contractione.

930 2745 1140 2776 Attenuueus.
1161 2742 1219 2772 Or.
1245 2744 1297 2772 30.
1319 2743 1493 2771 attenuata
1512 2738 1620 2769 multa

889 2787 1000 2825 babet,
1017 2787 1038 2817 i.
1061 2797 1089 2816 e.
1114 2796 1132 2816 e
1156 2795 1276 2824 genere
1298 2783 1423 2815 subtili.
1447 2782 1541 2813 Brut.
1566 2783 1618 2812 82.

888 2834 1062 2862 attenuata
1077 2829 1182 2859 nimia
1198 2827 1357 2867 religione
1377 2826 1494 2857 oratio.
1515 2824 1619 2855 subti-

889 2875 928 2906 lis
944 2874 986 2904 ad
995 2873 1210 2913 jejunitatem
1226 2880 1342 2910 usque.

931 2918 1070 2956 Attinet,
1091 2925 1175 2957 opus
1197 2923 1262 2954 est,
1284 2913 1450 2945 convenit.
1472 2911 1564 2942 Verr.
1587 2920 1619 2940 v.

935 2971 956 2991 ο
980 2963 999 2992 3
