1815 3209
167 165 233 206 442

169 266 347 297 lectionem
364 266 408 298 N.
419 265 581 300 'Heinsius
597 274 632 301 et
649 269 717 302 Cel.
737 272 905 304 Duker-us.

172 311 332 355 Defendit
355 317 470 343 contra
491 314 523 344 «1.
547 315 648 345 Gron.
667 326 719 356 ap.
742 316 850 347 Tacit.
867 318 905 347 A.

171 354 221 384 iv.
239 357 292 385 43.
320 355 375 385 ubi
402 357 516 387 eadem
541 359 716 399 scriptura.
761 360 805 390 Et
828 366 907 391 sunt

170 397 236 428 alia
258 408 387 438 quoque
412 401 548 431 nomina
571 402 704 432 diversae
720 405 906 443 scripturas,

171 445 211 471 ut
226 442 334 472 Arabs
349 448 383 473 et
397 444 539 475 Arabus.
563 445 654 484 Virga
671 446 746 477 AEn.
762 448 816 477 vii.
833 448 907 479 605.

171 485 267 515 Ovid.
285 485 364 517 Her.
382 497 431 517 xv.
449 488 501 521 76.
518 489 575 518 nbi
591 499 620 519 v.
643 489 724 519 lntt.

215 528 444 569 Erymanthia
475 531 597 569 bellua,
623 532 653 562 T
656 543 722 563 use.
748 533 782 563 ii.
810 537 841 564 Ρ..
867 534 907 564 ab

171 570 384 612 Erymantho
408 579 521 605 monte
540 575 708 606 Areadiae:
735 577 908 616 Eryman-

170 616 260 646 thius
275 626 365 657 aper,
382 617 481 648 Tusc.
500 619 540 649 iv.
553 621 605 650 22.

213 660 385 700 Erythras,
401 663 493 693 Verr.
511 663 530 692 i.
552 666 599 697 19.
619 663 776 702 oppidum
794 663 908 694 Ioniae.

215 703 373 742 Esernia,
400 715 425 735 s.
451 704 628 744 AEserm'a,
648 707 689 736 ad
714 707 817 737 Attic.
840 707 907 738 viii.

173 749 222 777 11.
246 748 405 788 oppidum
421 749 623 779 Samnitium
640 749 682 779 ad
696 749 813 780 laevam
828 750 908 781 Vul-

168 791 274 821 turni.

214 834 385 874 Emonia,
399 834 438 864 de
455 834 534 866 Nat.
551 836 651 867 Deor.
667 836 713 867 iii.
730 838 782 868 25.
800 847 906 877 mons,

169 877 205 907 in
227 887 292 916 quo
314 878 428 908 Romae
449 889 523 918 pars
547 880 666 920 posita,
690 890 710 910 a
732 890 796 920 quo
819 882 907 912 dice-

167 921 268 951 batur
283 921 463 961 Esqm'lz'na
475 927 587 962 porta,
606 923 739 954 Cluent.
760 927 808 956 13.
824 926 906 956 item

168 964 203 994 in
220 964 327 995 Pison.
345 967 396 995 23.
415 966 473 996 &c.

212 1008 418 1047 Euphrates,
430 1009 549 1039 fluvius
559 1009 658 1047 Asiae,
668 1010 831 1041 terminus
845 1011 907 1041 im-

168 1051 251 1091 perii
275 1051 371 1082 Rom.
395 1052 485 1084 ultra
510 1063 610 1093 quem
637 1054 751 1085 Parthi
776 1053 906 1085 liabita-

168 1095 260 1125 bant.

212 1138 378 1177 Euripus,
394 1149 453 1179 pro
475 1139 564 1170 Mur.
584 1143 631 1171 15.
656 1141 779 1171 dicitur
800 1141 834 1171 in
851 1151 907 1180 ge-

169 1191 246 1211 nere
264 1192 322 1221 pro
338 1183 424 1213 freto
441 1182 579 1223 longiori
593 1190 626 1213 et
639 1185 796 1221 tenuiori,
810 1185 905 1224 quale

169 1225 354 1255 Euboicum
371 1232 434 1263 est,
445 1227 761 1258 'l'aurominitanum
774 1229 808 1258 in
824 1228 905 1258 Siei-

168 1268 212 1299 lia
229 1269 288 1300 dre.
306 1270 345 1299 de
369 1270 512 1301 Euboico
527 1281 557 1301 v.
579 1272 783 1302 Chalcidicas
799 1272 835 1303 E
838 1273 906 1302 nri-

161 1322 240 1353 pus.

212 1356 373 1393 Eurotas,
390 1356 431 1386 ad
448 1357 518 1388 Att.
535 1369 585 1388 xv.
602 1363 633 1393 9.
664 1359 783 1389 fluvius
804 1359 906 1390 Laeo—

167 1400 232 1430 niae
241 1410 341 1440 prope
354 1400 521 1440 Spartam,
539 1402 656 1432 nobilis
669 1403 906 1433 certaminibus

167 1447 202 1473 et
225 1444 532 1482 exercitationibus,
549 1455 622 1484 quae
639 1455 659 1475 a
675 1446 846 1486 Spartanis
865 1447 907 1477 ad

167 1497 246 1516 eum
273 1487 502 1526 habebantur3
533 1499 562 1519 V.
585 1486 684 1519 Tusc.
710 1500 740 1520 ν.
771 1493 823 1521 34.
850 1491 906 1520 ubi

168 1536 375 1560 memoratur
389 1543 395 1560 :
437 1542 553 1562 cursus
588 1533 629 1562 ab
667 1533 809 1564 Eurota.
856 1534 908 1564 Ad

167 1574 260 1604 fluvii
283 1575 389 1614 ripam
413 1575 572 1606 sedebant
595 1581 810 1616 spectatores.
828 1577 907 1607 hinc

168 1618 330 1658 proverbii
352 1619 418 1648 vim
442 1619 562 1649 habere
584 1620 714 1658 dicunt,
730 1621 774 1651 ad
796 1620 907 1651 Euro-

167 1665 239 1691 tam
261 1662 382 1699 sedere,
399 1666 437 1693 ut
459 1663 516 1700 sit,
539 1663 679 1694 aliorum
703 1665 850 1695 miserias
873 1668 908 1695 et

167 1704 296 1736 labores
312 1707 456 1737 otiosum
472 1711 633 1746 spectare.
660 1707 725 1738 Sed
739 1708 908 1739 Eurotam

167 1747 294 1779 Brutus
330 1749 518 1790 appellabat
554 1752 675 1788 rivum,
707 1752 763 1791 qui
796 1751 908 1782 villam

169 1791 378 1823 Lanuvinam
402 1794 541 1833 rigabat.
587 1794 704 1834 Itaque
727 1795 774 1825 ad
797 1795 909 1826 Euro-

169 1840 240 1866 tam
255 1837 363 1867 sedere
379 1842 428 1867 est
445 1838 480 1867 in
495 1837 572 1868 villa
587 1839 731 1869 otiosum
747 1839 880 1869 versari.

214 1880 374 1911 Eurinus
383 1886 516 1921 pontus,
530 1891 619 1912 mare
636 1883 724 1912 inter
740 1883 908 1924 Europam

169 1927 206 1954 et
221 1923 347 1962 Asiam,
364 1934 464 1966 supra
480 1926 728 1966 Propontidem.

523 2056 557 2087 F.

219 2141 425 2178 Fabrateria,
442 2142 484 2173 ad
508 2143 582 2174 Div.
607 2143 650 2174 ix.
674 2144 726 2173 ⁶24.
749 2143 909 2184 oppidum

170 2184 365 2216 Volscorum
392 2186 434 2217 ad
460 2197 593 2217 amnem
620 2186 776 2226 Trerum,
813 2187 909 2218 hodie

170 2229 362 2260 Facvatera.

215 2273 390 2311 Falernas,
403 2284 482 2313 ager
493 2275 534 2304 ad
545 2275 670 2305 radices
684 2275 807 2304 montis
821 2275 910 2304 Mas-

170 2316 230 2346 sici
243 2317 277 2346 in
290 2318 484 2359 Campania,
499 2319 573 2348 vino
585 2318 714 2349 nobilis.
727 2329 756 2348 ν.
774 2319 910 2349 Gaurus

171 2369 272 2390 mom‘.

216 2404 411 2443 Falernum,
432 2405 516 2436 Phil.
539 2406 608 2437 xiii.
633 2409 662 2437 5.
686 2406 849 2447 praedium
874 2405 908 2435 in

173 2456 252 2487 agro
270 2447 418 2478 Falerno.

217 2491 376 2527 Htliseas,
389 2501 433 2522 sc.
451 2502 540 2531 ager,
551 2493 639 2522 circa
656 2493 796 2523 maleo-50⁶·
810 2493 910 2522 Etru-

171 2535 229 2566 riae
246 2535 417 2574 oppidum,
435 2538 527 2574 cuius
545 2536 661 2566 incolae
675 2537 806 2568 Falisci.
819 2536 859 2566 de
871 2546 910 2566 eo

172 2589 201 2609 v.
220 2578 335 2608 Heius.
353 2579 404 2608 ad.
421 2580 516 2610 ovid.
533 2581 607 2610 Am.
624 2581 670 2610 iii.
693 2583 738 2610 13.
756 2581 829 2610 init.

218 2622 406 2658 Ferentani,
428 2623 561 2654 Cluent.
581 2624 632 2657 69.
655 2623 772 2653 incolae
796 2623 909 2663 oppidi

173 2666 317 2697 Ferentz'i
340 2667 373 2695 in
397 2667 529 2706 Apulia,
551 2667 651 2697 vicini
676 2667 842 2697 Venusiae.
856 2667 910 2697 Sic

172 2709 281 2748 vulgo.
320 2709 383 2739 Sed
403 2710 551 2741 Graevius
568 2711 650 2740 bene
668 2715 781 2740 censet
798 2710 911 2749 legen-

173 2753 253 2783 dum
280 2752 451 2791 Frentani,
481 2755 537 2793 qui
563 2759 641 2783 sunt
673 2754 773 2784 vicini
797 2754 910 2784 Maru-

172 2797 270 2834 cinis,
287 2797 483 2835 quibuscum
501 2797 522 2827 1.
540 2808 567 2828 ο.
578 2798 782 2836 junguntur.
807 2797 910 2834 Nam,

172 2850 240 2870 non
268 2840 365 2870 modo
392 2841 522 2871 nullum
553 2845 605 2870 est
633 2841 820 2871 Ferentium
852 2845 911 2871 aut

172 2885 350 2916 Ferentzmz
362 2885 397 2914 in
411 2884 541 2925 Apulia,
558 2884 646 2923 quod
661 2884 760 2923 vulgo
774 2888 911 2924 putant,

172 2928 230 2957 sed
254 2937 294 2958 ne
320 2928 496 2958 Ferentani
519 2928 667 2968 quidem,
690 2933 729 2958 ut
752 2937 828 2957 mea
845 2928 912 2957 fert

170 2972 298 3012 opinio,
307 2971 367 3001 ulli
383 2977 474 3002 sunt.
490 2971 589 3012 Apud
605 2971 723 3002 Horat.
736 2971 846 3002 Carin.
864 2971 911 3002 iii.

676 181 822 211 INDEX
851 181 1218 213 GEOGR'APHICUS·

947 275 979 304 4.
995 283 1055 313 pro
1068 274 1200 305 Ferenti
1212 273 1388 314 legendum
1410 283 1428 304 e
1440 273 1533 305 MSS.
1547 277 1584 305 'et
1601 273 1685 308 Edd.

948 317 1145 356 quibusdam
1158 328 1235 348 cuni
1251 319 1472 357 Cuningamio
1485 319 1614 349 Forenti
1624 331 1634 348 :
1650 324 1686 350 et

949 361 1127 392 Ferentani
1145 361 1286 402 Apuliae,
1304 362 1392 401 apud
1414 361 1546 391 Livium
1570 362 1687 403 depra-

948 405 1015 434 vati
1038 409 1129 441 sunt,
1149 412 1185 435 ut
1207 405 1289 435 vidit
1309 405 1341 435 δ.
1360 406 1409 435 Fr.
1426 406 1624 442 Gronovius,
1641 405 1687 436 le-

949 447 1160 487 gendumque
1178 449 1355 479 Forentani
1371 460 1387 478 e
1407 449 1498 479 MSS.
1515 449 1558 479 ix.
1580 451 1628 479 15.
1651 453 1687 480 et

949 490 1012 520 alio
1028 491 1100 521 loco
1116 492 1292 522 Forentum
1315 502 1374 532 pro
1396 493 1570 522 Ferenlnm
1590 492 1634 522 ib.
1658 502 1686 524 e.

951 535 1002 564 20.
1016 540 1055 564 ut
1067 535 1167 564 etiam
1184 536 1321 566 Dukero
1333 541 1367 565 et
1383 536 1554 566 Drakenb.
1567 535 1687 576 placet.

951 577 1118 608 Ferentini
1133 586 1212 608 sunt
1228 580 1261 609 in
1278 579 1374 609 Latio
1391 586 1425 609 et
1443 580 1587 610 Etruria.
1618 578 1688 610 Ali-

948 624 1002 650 ter
1027 625 1142 652 tamen
1164 623 1285 653 statuit
1308 622 1426 654 cellar.
1448 623 1487 653 G.
1504 623 1542 654 A.
1558 628 1584 654 t.
1608 623 1629 654 i.
1653 633 1696 664 pe
1717 652 1719 654 .

994 707 1131 745 Fesuloe,
1157 707 1254 739 Catil.
1278 709 1323 739 iii.
1347 709 1377 739 6.
1406 709 1439 739 ii.
1470 713 1501 744 9.
1527 709 1687 750 oppidum

950 749 1029 781 olim
1047 751 1190 782 Etruriae
1208 752 1249 781 ad
1265 752 1431 792 Apennini
1448 753 1573 783 radices
1586 762 1688 793 prope

951 794 1163 825 Florentiam.
1207 794 1299 825 Sulla
1321 795 1485 827 coloniam
1502 797 1546 827 ibi
1563 796 1687 827 eonsti-

949 839 1028 868 tuit.
1076 838 1172 868 Unde

994 882 1163 920 Fesutam‘,
1181 882 1270 912 Mur.
1291 883 1343 913 24.

993 925 1167 963 Fibrenus,
1184 925 1265 965 Leg.
1289 926 1322 956 ii.
1351 928 1376 956 l.
1401 925 1532 963 fluvius,
1549 925 1606 965 qui
1630 935 1691 966 per

949 967 1144 1008 Arpinatem
1165 969 1332 1000 Ciceronis
1350 969 1490 999 fundum
1508 969 1688 1001 ferebatur.

993 1012 1176 1051 FicuIense,
1202 1013 1244 1043 ad
1269 1013 1340 1043 Att.
1365 1013 1421 1043 xii.
1446 1015 1498 1044 34.
1526 1012 1689 1054 praediiun

949 1064 1050 1095 prope
1065 1058 1155 1087 viam
1171 1056 1388 1094 Ficulensem,
1405 1066 1479 1096 quae
1496 1066 1618 1086 nomen
1631 1056 1698 1087 lia-¹

949 1098 1027 1129 buit
1050 1109 1070 1129 a
1092 1100 1194 1129 veteri
1219 1100 1298 1130 urbe
1322 1101 1458 1131 Ficulea
1480 1109 1507 1130 S.
1530 1100 1690 1132 Fieucnea

953 1142 1054 1181 (unde
1077 1147 1112 1172 et
1139 1143 1333 1174 Fz'cutnense
1360 1142 1543 1182 scribitur,)
1571 1144 1604 1174 in
1630 1143 1689 1174 Sa-

948 1185 1048 1223 binis,
1066 1186 1157 1216 ultra
1171 1196 1302 1216 sacrum
1320 1191 1480 1217 montem.

992 1230 1136 1268 Fidenoe,
1153 1229 1269 1270 Agrar.
1285 1231 1318 1260 ii.
1342 1233 1394 1262 35.
1417 1230 1577 1271 oppidum
1597 1231 1690 1262 Sabi-

950 1283 1080 1303 norum.

992 1316 1159 1354 Firmum,
1176 1317 1218 1347 ad
1234 1317 1305 1347 Att.
1323 1317 1389 1347 viii.
1409 1319 1458 1348 12.
1474 1317 1634 1358 oppidum
1654 1318 1690 1350 in

949 1370 1032 1399 agro
1044 1361 1176 1390 Piceno.
1202 1361 1291 1390 unde
1309 1361 1477 1398 Firmani,
1492 1361 1576 1392 Phil.
1592 1362 1646 1392 vii.
1658 1365 1690 1394 8.

993 1405 1165 1435 Flaminia
1176 1405 1244 1442 via,
1257 1405 1490 1443 antiquissima
1500 1408 1535 1435 et
1547 1405 1690 1436 celeber-

949 1447 1046 1485 rima,
1066 1448 1173 1478 Roma
1194 1448 1322 1478 ferebat
1341 1458 1400 1488 per
1422 1448 1593 1479 Etruriam
1617 1448 1690 1480 Ari-

950 1492 1079 1521 minum
1103 1501 1225 1530 usque:
1257 1495 1420 1522 straverat
1443 1492 1480 1523 C.
1508 1492 1691 1523 Flaminius

951 1535 1076 1565 Censor
1091 1534 1129 1565 A.
1149 1535 1189 1565 U.
1205 1543 1355 1565 nxxxm.
1371 1535 1460 1565 unde
1481 1545 1603 1566 nomen
1622 1545 1692 1566 soi·-

948 1578 1024 1608 tita.
1068 1578 1186 1608 Strabo
1219 1578 1240 1608 l.
1263 1589 1293 1608 v.
1319 1589 1352 1619 p.
1376 1582 1450 1610 333.
1473 1579 1525 1610 ed.
1557 1589 1632 1610 nov.
1655 1583 1692 1611 et

948 1621 1136 1661 Bergierius
1168 1622 1207 1652 de
1231 1622 1290 1651 viis
1322 1622 1418 1653 Rom.
1449 1622 1540 1662 publ.
1566 1623 1613 1653 iii.
1637 1625 1691 1654 21.

950 1665 1006 1704 qui
1023 1666 1219 1696 Strabonem
1245 1666 1406 1705 sequitur.
1430 1665 1501 1697 Liv.
1525 1667 1636 1697 xxxix.
1658 1668 1691 1698 2.

949 1709 1031 1739 dicit
1048 1719 1068 1739 a
1084 1709 1235 1739 Bononia
1249 1709 1291 1739 ad
1306 1709 1476 1740 Arretium
1488 1720 1508 1740 a
1521 1709 1553 1740 J.
1571 1709 1692 1740 Flami-

950 1753 1006 1782 nio
1029 1756 1170 1783 stratam
1194 1763 1264 1783 esse
1289 1753 1390 1790 viam,
1413 1753 1472 1783 sed
1493 1763 1533 1783 ea
1559 1753 1625 1784 alia
1638 1754 1693 1785 via

950 1800 1011 1826 est.
1035 1796 1123 1826 Nam
1139 1796 1197 1827 illa
1212 1806 1231 1826 a
1243 1797 1400 1834 Censore,
1412 1796 1497 1834 haee,
1515 1801 1555 1827 ut
1576 1796 1691 1828 Livius

950 1839 1072 1870 diserte
1087 1840 1204 1878 tradit,
1220 1850 1240 1870 a
1256 1840 1400 1871 Consule
1412 1840 1575 1871 Flaminio
1585 1845 1693 1873 strata

950 1890 1013 1913 est.

994 1927 1218 1959 Flumentana
1227 1931 1328 1967 porta
1343 1927 1472 1965 Romae,
1488 1926 1531 1958 ad
1546 1927 1619 1959 Att.
1634 1927 1691 1959 vii.

994 2014 1144 2051 Formio,
1159 2015 1378 2054 municipium
1392 2013 1479 2044 Latii
1493 2014 1526 2043 in
1537 2013 1692 2047 Aruncis.

995 2059 1223 2095 Ivbrmiannm,
1251 2058 1291 2088 ad
1314 2058 1385 2087 Att.
1413 2059 1434 2087 i.
1464 2060 1496 2087 4.
1529 2058 1692 2098 praedium

953 2101 1120 2132 Ciceronis
1138 2102 1171 2132 in
1191 2112 1270 2141 agro
1288 2101 1462 2131 Formiano
1476 2111 1578 2141 prope
1596 2101 1692 2132 Caie-

950 2149 1033 2175 tam.
1050 2145 1087 2175 it.
1105 2155 1156 2185 ep.
1179 2149 1226 2175 10.
1257 2145 1299 2175 ad
1315 2145 1390 2175 Div.
1408 2144 1464 2175 lib.
1481 2145 1544 2174 xvi.

996 2189 1225 2226 Formianum,
1243 2188 1284 2218 ad
1301 2188 1372 2218 Att.
1389 2198 1440 2218 κν.
1461 2189 1509 2218 13.
1527 2187 1692 2228 praedium

952 2231 1132 2262 Dolabellae
1150 2242 1251 2272 prope
1270 2232 1425 2262 Formias.

996 2276 1118 2306 Forum
1142 2277 1231 2316 Apiz',
1248 2275 1290 2306 ad
1315 2275 1387 2305 Att.
1410 2275 1431 2304 i.
1457 2277 1506 2305 10.
1530 2274 1692 2315 oppidum

952 2318 1040 2349 Latii
1057 2320 1190 2356 veteris,
1208 2329 1308 2360 prope
1327 2324 1396 2348 tres
1414 2317 1594 2348 Tabernas.
1639 2318 1693 2349 De

951 2362 1013 2392 hoc
1027 2373 1147 2402 genere
1164 2363 1374 2403 oppidorum,
1388 2371 1461 2400 quae
1476 2362 1561 2392 Fora
1577 2361 1694 2392 dicun·

950 2412 1020 2442 tur,
1037 2407 1105 2445 agit
1123 2406 1276 2446 Sigonius
1289 2406 1367 2436 Ant.
1382 2405 1456 2435 Jur.
1473 2404 1549 2435 Ital.
1566 2405 1600 2435 ii.
1618 2407 1647 2436 5.

996 2450 1119 2480 Forum
1154 2450 1352 2485 Cornelium,
1377 2449 1418 2478 ad
1450 2448 1526 2479 Div.
1557 2449 1613 2479 xii.
1640 2458 1694 2488 ep.

953 2496 983 2523 5.
1003 2503 1061 2523 seu
1090 2494 1242 2530 Cornelii,
1261 2492 1418 2533 oppidum
1444 2491 1634 2531 Lingonum
1652 2491 1694 2523 ad

952 2537 1038 2566 viam
1063 2537 1273 2573 Flaminiam,
1290 2535 1418 2565 dietum
1443 2545 1463 2565 a
1482 2535 1518 2565 L.
1541 2534 1695 2567 Cornelio

952 2580 1054 2610 Sulla.

997 2625 1121 2654 Forum
1142 2623 1315 2653 Gallorum
1332 2621 1372 2652 ad
1389 2622 1464 2652 Div.
1483 2633 1514 2652 x.
1531 2625 1583 2653 30.
1600 2621 1695 2661 oppi-

953 2667 1032 2697 dum
1051 2668 1084 2697 in
1102 2667 1210 2697 Gallia
1225 2666 1412 2705 Cispadana
1429 2666 1463 2695 in
1480 2666 1533 2695 via
1548 2665 1694 2697 AEmilia.

997 2709 1120 2740 Forum
1142 2711 1242 2745 Jalz'i,
1259 2709 1300 2739 ad
1326 2709 1402 2739 Div.
1428 2719 1460 2739 x.
1491 2712 1540 2742 17.
1564 2707 1696 2740 colonia

952 2753 1033 2784 ‹Julii
1051 2754 1189 2784 Caesaris
1207 2754 1241 2783 in
1258 2752 1366 2782 Gallia
1382 2752 1601 2783 Narbonensi.

999 2797 1118 2827 Forum
1139 2797 1280 2833 Voconii,
1299 2795 1340 2826 ad
1357 2796 1432 2826 Div.
1450 2806 1480 2825 x.
1497 2805 1550 2835 ep.
1571 2798 1619 2829 17.
1635 2804 1695 2835 op·

953 2841 1069 2880 pidum
1099 2840 1215 2871 Galliae
1245 2839 1470 2870 Narbonensis
1500 2848 1602 2879 prope
1631 2839 1694 2868 flu-

955 2894 1032 2914 men
1054 2884 1273 2924 Argenteum.
1310 2882 1375 2913 Sed
1400 2892 1452 2923 ep.
1479 2885 1532 2913 34.
1558 2886 1610 2912 est
1635 2882 1695 2912 Vo-

954 2929 1109 2958 contium.

999 2969 1172 3010 Fregellae,
1188 2969 1348 3011 oppidum
1366 2969 1563 3001 Volscorum
1579 2968 1615 3000 in
1625 2967 1695 3000 *Las
1712 2969 1718 2973 '
