1815 3209
191 184 244 222 28

187 280 221 311 lo
237 285 312 322 post
325 281 366 313 L.
389 282 579 315 Postumius
603 285 738 325 Consul,
755 291 794 318 ut
810 298 918 318 serva-

187 330 294 365 retur,
317 326 466 358 edixerat
497 328 575 360 ibid.
606 329 676 360 xlii.
702 333 750 361 10.
801 330 918 372 Itaque

186 378 228 398 ex
258 368 320 400 hac
350 369 422 411 lege
452 371 646 403 Mamertini
684 373 730 404 M.
763 373 918 405 Crassum

185 413 353 451 quendam
379 421 528 455 repetere
558 422 788 457 susceperunt,
813 428 832 447 a
854 429 919 458 quo

187 460 304 487 tamen
315 458 448 498 incepto
461 463 576 498 postea
587 469 759 491 recessere.
775 471 833 501 pro
846 461 920 492 Bal-

186 499 230 529 bo
246 510 274 530 c.
289 502 343 531 23.
389 500 428 532 In
447 502 545 539 hujus
569 503 649 542 legis
672 509 823 544 tempore
847 514 919 544 gra-

186 543 274 573 viter
288 549 378 574 errat
393 545 558 584 Sigonius,
572 547 626 586 qui
643 557 716 577 eam
732 547 834 578 latam
851 558 920 578 csse

187 586 301 626 paullo
330 592 405 628 post
429 589 602 620 Claudiam
625 591 685 628 ait,
709 591 748 621 de
771 591 802 621 J.
827 591 920 622 Prov.

187 627 235 660 iii.
262 633 289 661 l.
313 641 456 671 eumque
479 639 614 664 secutus
637 633 790 664 Balduin.
812 635 918 665 duris-

187 682 238 712 pr.
255 673 347 706 Muc.
365 685 396 715 p.
417 679 487 707 101.
507 676 640 716 aliique,
659 687 735 707 cum
752 678 825 718 plus
843 688 919 708 cen-

185 721 263 747 tum
280 719 374 749 annis
391 719 479 749 inter
493 725 669 760 utramque
687 721 829 759 intersit.
853 720 920 752 Ita-

188 770 253 799 que
270 760 386 792 Cicero
402 762 442 792 de
458 763 522 793 Off.
539 764 584 793 iii.
606 768 653 795 ll.
678 774 697 794 a
721 765 845 802 Penno,
863 767 919 805 qui

187 808 264 842 post
293 805 402 845 legem
433 805 605 837 Claudiam
636 808 732 845 vixit,
755 813 790 838 et
812 807 919 849 legem

186 857 284 878 suam
307 848 345 879 A.
371 848 411 879 U.
434 857 589 881 ncxxvn.
610 851 846 891 promulgavit,
862 863 918 893 pe-

186 892 335 932 regrinos
350 893 589 924 exterminatos
605 894 687 925 dicit
707 896 798 935 apud
806 900 920 935 patres

185 939 322 974 nostros,
339 946 361 966 α
384 936 492 976 Papio
517 947 632 978 nuper.
676 938 820 978 Quidam
842 949 919 970 vero

187 978 269 1008 duas
286 979 373 1018 leges
390 983 512 1019 putant
526 980 609 1012 latas
626 992 646 1012 a
667 982 782 1023 Papio,
797 993 828 1013 v.
845 981 918 1014 Ma-

187 1026 262 1052 nut.
280 1023 321 1052 ad
336 1023 450 1062 Agrar.
467 1026 488 1054 i.
504 1027 536 1055 4.

230 1066 382 1104 PAleA,
419 1067 452 1098 C.
484 1067 618 1107 Papirii
656 1069 821 1108 Carbonis,
854 1080 919 1109 qua

184 1108 279 1146 tulit,
297 1115 334 1140 ut
355 1111 493 1141 eundem
509 1113 582 1142 trib.
600 1113 687 1152 pleb.
703 1114 792 1143 tocies
807 1124 919 1144 creare

186 1154 308 1191 liceret,
325 1155 444 1194 quoties
452 1157 593 1195 populas
608 1157 713 1186 vellet.
758 1156 842 1187 Eam
855 1157 919 1188 dis-

186 1206 319 1227 suasere
336 1197 370 1227 P.
386 1197 575 1237 Africanus,
591 1199 726 1237 Laefius,
739 1200 805 1230 alii.
850 1201 919 1232 No-

186 1244 240 1270 cte
257 1245 416 1280 sequente
432 1243 473 1272 ob
492 1242 578 1272 hanc
600 1243 707 1283 legem
723 1244 918 1275 interfectus

187 1288 249 1314 est.
295 1284 364 1314 Cic.
381 1285 415 1315 in
431 1285 546 1324 Laelio,
565 1297 593 1317 c.
610 1289 663 1318 25.
681 1292 716 1317 et
738 1287 810 1318 aliis
827 1287 918 1319 locis.

190 1327 233 1369 cf.
251 1327 341 1368 Epit.
357 1327 428 1359 Liv.
444 1329 467 1359 l.
488 1330 551 1360 cix.

231 1371 382 1409 PAP1R1A,
406 1372 459 1402 lex
483 1373 662 1404 tribunitia
680 1374 816 1405 incertae
839 1380 919 1406 aeta-

185 1415 244 1452 tiS,
260 1425 328 1454 qua
341 1416 509 1446 sancitum
526 1422 588 1455 est,
606 1427 646 1447 ne
672 1419 742 1458 quis
765 1419 846 1449 oedes
861 1424 920 1450 aut

185 1469 423 1499 quamcumque
452 1470 535 1497 rem,
562 1465 699 1498 terram,
723 1472 833 1500 aram,
856 1465 919 1502 lig—

185 1505 280 1540 num,
297 1500 423 1543 injussa
432 1503 547 1543 populi
562 1510 771 1536 consecraret.
794 1505 921 1537 Auctor

186 1545 252 1576 fuit
268 1546 312 1587 ρ.
331 1547 502 1587 Pctpz'rms.
535 1547 603 1578 Cic.
620 1559 678 1588 pro
696 1549 805 1579 Domo
821 1560 849 1580 c.
867 1554 918 1583 50.

229 1589 401 1620 PEDUCAEA
425 1591 464 1621 (Ie
485 1593 621 1629 incestu,
646 1592 685 1622 de
711 1592 789 1623 Nat.
816 1593 917 1624 Deor.

186 1633 235 1662 iii.
258 1636 311 1665 30.
334 1633 403 1664 lata
425 1645 445 1664 a
468 1635 567 1665 Sexto
591 1636 750 1666 Peducoeo
771 1637 850 1667 trib.
872 1637 917 1677 pl.

184 1676 224 1706 A.
242 1676 283 1707 U.
300 1686 402 1708 Dcxl..
449 1678 544 1708 Hanc
560 1679 668 1719 legem
683 1679 808 1710 frustra
818 1681 920 1712 audet

184 1730 203 1749 e
219 1719 332 1760 legum
352 1731 491 1752 numero
513 1723 658 1753 eximere
681 1723 854 1754 Boliierius
877 1725 919 1755 ad

182 1762 206 1793 l.
224 1775 252 1795 e.
277 1775 354 1794 cum
378 1765 492 1796 Cicero
514 1766 636 1796 diserte
659 1767 761 1805 dicat,
779 1770 918 1806 rogatio-

183 1817 256 1838 m’m
270 1808 308 1838 de
320 1809 440 1839 incesta
449 1822 458 1838 :
475 1820 547 1849 quae
560 1811 659 1840 verba
669 1811 918 1851 interpretatio-

184 1860 263 1882 nem
279 1851 349 1882 Viri
365 1854 487 1883 summi
504 1853 601 1892 plane
618 1860 792 1894 respuunt.
829 1855 918 1886 Nam

181 1896 271 1925 actio
282 1895 434 1926 Peducaei
446 1897 480 1926 iu
494 1897 682 1935 Metellum,
696 1898 736 1927 de
748 1908 814 1937 qua
828 1898 918 1929 hunc

181 1937 294 1969 locum
325 1949 365 1969 ex
390 1939 510 1970 Ascon.
537 1941 572 1970 in
597 1941 789 1972 Milonianae
813 1953 841 1972 c.
868 1946 916 1974 12.

182 1982 437 2023 interpretatur,
450 1994 516 2014 non
529 1984 594 2014 fuit
611 1985 739 2024 rogatio
755 1985 794 2015 de
811 1986 916 2017 inces-

179 2029 234 2063 tu,
251 2026 309 2057 sed
325 2028 453 2066 rogatio
468 2029 592 2068 potius,
607 2033 656 2066 ut,
671 2029 826 2068 quoniam
845 2029 917 2060 Me-

177 2069 280 2100 tellus
312 2071 398 2101 male
422 2072 619 2110 judicasset,
649 2079 745 2102 extra
765 2073 916 2104 ordinem

172 2113 279 2151 judex
311 2114 442 2145 Cassius
474 2117 746 2146 constitueretur.
799 2116 915 2156 Neque

180 2156 252 2187 haec
284 2159 412 2197 rogatio
441 2162 577 2189 tautum
602 2160 729 2190 indicat
752 2162 915 2201 corrupti-

179 2209 280 2231 onem
310 2202 448 2232 humani
480 2203 618 2242 ingenii,
650 2213 750 2242 quam
781 2203 838 2234 illa
874 2205 914 2235 de

178 2244 322 2283 incestu,
333 2255 373 2275 ex
391 2256 455 2285 qua
465 2247 679 2286 intelligitur,
691 2248 794 2278 etiam
809 2249 914 2288 poenis

178 2296 248 2318 esse
264 2288 416 2319 homines
433 2300 453 2320 a
474 2291 579 2321 tantis
595 2290 773 2321 sceleribus
789 2292 914 2322 abster-

177 2331 309 2362 rendos.

216 2374 269 2405 M.
292 2376 387 2406 aux-11
411 2377 518 2407 Pmm
541 2378 619 2408 trib.
642 2377 688 2418 pl.
706 2378 913 2419 temporibus

177 2418 216 2448 C.
240 2418 381 2450 Gracchi
404 2421 442 2451 A.
467 2420 509 2451 U.
532 2430 686 2452 Dcxxvu.
711 2432 810 2461 quam
833 2422 915 2452 tulit

175 2462 216 2492 cle
231 2465 418 2502 peregrinis
440 2475 481 2495 ex
496 2466 575 2495 urbe
597 2463 771 2506 ejiciendis.
816 2465 914 2496 Hanc

175 2504 285 2545 legem
310 2507 535 2538 intermissam
559 2509 759 2540 instauravit
781 2509 913 2550 Papius.

175 2558 205 2578 v.
223 2551 275 2579 Zea:
292 2550 415 2591 Papia.
446 2551 486 2581 de
502 2552 566 2582 Off.
582 2553 628 2582 iii.
649 2555 697 2583 ll.

219 2592 372 2625 PHlmPPl
389 2594 441 2625 lex
456 2596 607 2634 Agraria
622 2596 686 2626 Off.
704 2596 737 2626 ii.
754 2597 806 2626 21.
852 2596 914 2627 Est

173 2635 214 2666 L.
244 2636 363 2667 Marcii
393 2638 551 2679 Philippi,
582 2640 638 2678 qui
669 2639 778 2679 legem
808 2639 912 2670 talem

172 2678 255 2709 tulit
284 2681 319 2711 in
341 2682 518 2712 tribunatu
541 2683 579 2713 A.
603 2691 743 2713 Dcxmx.
767 2683 912 2713 similem

174 2722 389 2759 Gracchanae.
421 2726 484 2755 Sed
501 2736 578 2756 cum
599 2727 630 2756 ei
647 2727 840 2757 resisterent
855 2737 913 2767 op-

173 2766 322 2805 timates,
339 2768 435 2798 facile
452 2769 539 2799 vinci
561 2779 594 2800 se
618 2775 653 2800 et
676 2770 843 2809 antiquari
866 2770 912 2800 le-

173 2815 249 2848 gem
267 2821 380 2850 passus
397 2817 458 2842 est.

217 2853 349 2885 Pisoms
365 2856 404 2886 de
424 2856 618 2895 repetundis.
643 2857 708 2887 vid.
730 2858 913 2898 Calpurnia

172 2897 212 2926 de
227 2899 422 2937 repetundis.

215 2941 365 2972 PLAUTIA
381 2943 433 2973 vel
450 2944 577 2973 PLOT1A
596 2945 750 2983 agraria,
765 2945 910 2974 tribuni—

172 2984 221 3014 tia
237 2985 374 3017 incertae
387 2988 509 3025 aetatis,
522 2987 579 3017 sed
591 2987 703 3027 paullo
716 2993 793 3018 ante
809 2988 910 3018 flavii

776 184 920 228 mna-x
943 199 1118 229 LEGUM.

961 289 1158 328 rogationen
1174 288 1255 327 lata,
1272 298 1345 328 quae
1368 289 1397 320 ei
1414 288 1530 320 similis
1545 289 1624 330 fuit,
1639 300 1699 322 au·

963 337 1056 362 ctore
1074 332 1233 363 Cicerone
1250 332 1291 362 ad
1307 332 1377 364 Att.
1394 334 1415 363 i.
1437 336 1483 364 13.

1006 376 1132 405 Ptom.
1146 373 1345 416 judiciaria,
1369 377 1463 415 cujus
1486 377 1614 408 mentio
1635 387 1697 419 pro

968 418 1110 449 Cornelio
1122 417 1201 460 maj.
1212 430 1274 450 reo.
1289 420 1317 450 I.
1344 420 1426 450 Lata
1438 425 1488 450 est
1501 431 1520 450 a
1531 420 1580 451 M.
1591 421 1701 451 Plau-

965 463 1007 491 tio
1032 463 1177 500 Silvano,
1200 463 1374 500 Strabone,
1397 469 1431 494 et
1455 464 1582 494 Catone
1607 463 1699 496 Coss.

965 505 1003 535 A.
1035 505 1075 536 U.
1106 514 1242 537 Dctxw.
1289 507 1337 536 Ea
1365 507 1437 547 lege
1461 507 1592 547 judicia
1621 517 1699 538 cum

964 549 1131 587 equitibus
1157 554 1192 579 et
1220 551 1428 581 senatoribus
1452 550 1702 582 communicata

964 596 1057 628 sunt,
1079 592 1166 631 quod
1195 592 1234 631 Q.
1266 593 1420 624 Scrvilius
1452 594 1564 635 Caepio
1594 599 1629 625 et
1657 593 1698 625 L.

964 635 1092 665 Drusus
1108 635 1233 666 frustra
1249 641 1474 667 tentaverant.
1518 637 1606 668 Nam
1622 642 1698 669 tum

963 688 980 707 e
996 679 1187 718 Smnprom'a
1198 678 1271 719 lege
1283 680 1411 720 equites
1421 680 1700 721 solijudicabant.

964 721 1029 752 vid.
1045 722 1164 753 Ascon.
1181 721 1223 752 ad
1239 722 1259 753 l.
1277 733 1305 753 c.

1007 766 1147 804 PLorrA,
1171 765 1319 805 ejusdem
1342 767 1420 797 trib.
1444 768 1484 799 de
1505 769 1538 798 vi
1560 769 1702 799 armatis

964 810 1156 847 homenibus,
1164 815 1204 840 ut
1215 809 1255 840 de
1269 811 1340 850 ejus
1357 811 1466 851 capite
1481 815 1701 850 quaereretur,

964 853 1020 892 qui
1037 854 1102 883 vim
1122 853 1265 883 fecisset.
1311 854 1390 893 Ejus
1413 864 1500 894 saepe
1523 855 1652 886 mentio
1668 865 1703 885 a-

964 896 1032 935 pud
1049 896 1258 934 Ciceronem,
1273 907 1303 926 v,
1327 907 1356 926 c.
1372 907 1431 937 pro
1456 897 1528 928 Mil.
1545 908 1574 928 c.
1594 901 1643 929 13.
1658 898 1702 929 ad

964 940 1039 970 Div.
1062 941 1129 970 viii.
1153 943 1183 971 8.
1207 940 1249 970 ad
1274 940 1345 970 Att.
1369 942 1410 971 iv.
1433 941 1499 971 vid.
1523 941 1635 981 Sigon.
1658 941 1706 972 dev

961 983 1039 1013 Jud.
1060 983 1094 1013 ii.
1118 987 1170 1014 33.
1215 984 1279 1014 Sed
1302 985 1347 1014 ibi
1371 985 1517 1024 graviter
1538 989 1628 1015 errat
1650 985 1700 1015 vir

962 1026 1093 1064 doctus,
1109 1037 1186 1057 cum
1202 1037 1275 1058 eam
1293 1027 1402 1068 legem
1419 1029 1621 1059 auctoritate
1637 1028 1700 1059 Ca-

960 1070 1025 1100 tuli
1055 1069 1159 1101 latam
1194 1071 1289 1108 dicit,
1319 1071 1467 1111 adeoque
1498 1071 1579 1102 duas
1609 1071 1700 1112 leges

962 1113 1140 1144 confundit
1159 1119 1194 1144 et
1217 1124 1277 1155 pro
1298 1124 1368 1145 una
1389 1114 1503 1153 habet,
1520 1125 1594 1155 quae
1610 1115 1700 1156 apud

964 1157 1158 1187 Ciceronem
1193 1167 1280 1198 saepe
1318 1158 1583 1198 distinguuntur.
1628 1159 1699 1198 Lex

965 1202 1106 1231 Lutatia
1133 1201 1254 1239 Catuli,
1278 1201 1318 1231 dc
1342 1211 1407 1241 qua
1428 1211 1540 1242 supra,
1557 1203 1701 1233 severior

963 1245 1028 1274 fuit
1047 1245 1170 1282 Plotia,
1187 1249 1221 1275 et
1242 1245 1353 1275 sanxit
1377 1250 1550 1286 praeterea,
1566 1250 1605 1276 ut
1628 1246 1702 1285 qui-

963 1289 1169 1327 buscumque
1193 1288 1321 1325 diebus,
1337 1289 1439 1318 etiam
1457 1289 1563 1326 festis,
1580 1289 1700 1328 quibus

964 1331 1058 1362 nulla
1072 1332 1314 1362 exercebantur
1328 1332 1470 1372 judicia,
1487 1332 1526 1363 de
1551 1333 1581 1363 vi
1596 1333 1701 1372 quaeri

964 1376 1074 1415 posset
1095 1385 1134 1405 ex
1160 1376 1273 1405 Plotia
1297 1375 1381 1415 lege.
1427 1375 1544 1415 Itaque
1568 1385 1636 1406 non
1659 1376 1701 1408 de

967 1419 1090 1456 Plotia,
1114 1418 1172 1448 sed
1201 1419 1241 1448 de
1274 1419 1414 1449 Lutatia
1445 1419 1626 1460 capiendus
1649 1424 1702 1451 est

966 1462 1082 1492 Cicero
1110 1472 1170 1502 pro
1195 1462 1298 1493 Coelio
1327 1463 1367 1492 ab
1392 1463 1466 1493 init.
1489 1473 1566 1493 curn
1591 1462 1700 1503 legem

964 1516 1034 1536 esse
1051 1506 1144 1542 dicit,
1157 1516 1230 1545 quae
1247 1506 1395 1545 quotidie
1411 1507 1515 1546 quaeri
1524 1507 1644 1545 jubeat
1660 1506 1701 1537 de

964 1550 993 1579 vi
1011 1550 1147 1579 armatis
1163 1549 1364 1580 hominibus.
1389 1550 1549 1580 Ceterum
1561 1550 1642 1590 quid
1656 1551 1702 1582 sit

962 1594 1022 1631 vis,
1046 1594 1142 1623 docet
1167 1593 1283 1623 Cicero
1305 1603 1364 1633 pro
1388 1593 1533 1624 Caecina.
1579 1593 1701 1624 Caelius

962 1646 1014 1677 ep.
1031 1640 1060 1668 8.
1077 1637 1205 1673 scribit,
1217 1636 1452 1677 Sempronium
1464 1637 1592 1668 Rufum
1603 1637 1702 1668 tulis·
1732 1670 1734 1673 y

962 1690 996 1710 se
1028 1681 1212 1710 accusatori
1242 1680 1303 1710 sub
1332 1679 1457 1710 Tuccio
1480 1680 1702 1720 calumniam,

962 1734 1105 1763 eumque
1122 1733 1217 1754 rcum
1233 1723 1349 1753 fecisse
1366 1723 1439 1764 lege
1457 1724 1569 1754 Plotia
1584 1722 1623 1754 dc
1639 1725 1682 1755 vi.

1008 1768 1160 1798 Potum-:m
1167 1764 1366 1807 judiciaria,
1379 1767 1449 1798 lata
1463 1768 1503 1797 ab
1524 1768 1581 1798 οη.
1599 1768 1699 1798 Pom-

957 1813 1028 1850 peio
1038 1811 1072 1841 in
1083 1810 1268 1841 Consulatu
1277 1811 1423 1840 secundo
1432 1811 1470 1841 A.
1480 1810 1522 1841 U.
1531 1819 1700 1842 Dcxcvul.

963 1865 1028 1894 qua
1048 1854 1120 1894 lege
1143 1859 1294 1884 servatur
1316 1854 1450 1893 quidem
1473 1855 1626 1892 Aurelia,
1642 1855 1702 1886 sed

962 1898 1024 1928 hoc
1054 1899 1223 1937 adjicitur,
1246 1902 1285 1928 ut
1315 1897 1522 1938 amplissimo
1551 1908 1592 1928 ex
1622 1907 1702 1928 cen-

961 1952 1013 1979 su,
1029 1952 1046 1972 e
1070 1942 1243 1979 centuriis,
1261 1941 1359 1971 aliter
1381 1951 1481 1980 quam
1505 1942 1700 1980 ante,judi-

961 1995 1014 2015 ces
1028 1985 1232 2025 legerentur.
1242 1985 1307 2015 vid.
1322 1985 1442 2015 Ascon.
1458 1985 1500 2015 ad
1513 1985 1700 2016 Pisonianae

961 2039 989 2059 c.
1006 2033 1057 2063 39.
1076 2029 1155 2068 Ejus
1171 2029 1300 2059 mentio
1313 2028 1403 2068 apud
1415 2028 1521 2059 Cicer.
1536 2029 1572 2058 in
1588 2028 1700 2060 Pison.

961 2072 982 2102 l.
1000 2083 1027 2103 c.
1045 2072 1129 2103 Phil.
1146 2073 1167 2103 i.
1185 2075 1214 2103 8.
1260 2072 1310 2102 Ex
1324 2072 1376 2102 his
1392 2071 1607 2111 intelligitur,
1619 2082 1710 2116 quo-¹

960 2116 1059 2146 modo
1075 2116 1237 2156 capienda
1256 2116 1326 2146 sint
1348 2115 1520 2145 Plutarchi
1541 2116 1641 2146 verba
1663 2116 1700 2151 in

960 2160 1130 2200 PompeiO,
1146 2170 1178 2199 p.
1194 2162 1268 2190 350.
1283 2159 1459 2189 edAVech.
1475 2158 1530 2192 τὰς
1543 2156 1627 2202 δίκας
1640 2169 1700 2190 πε-

956 2201 1051 2245 ριεῖδεν
1058 2201 1143 2236 αὖθις
1154 2203 1189 2236 εἷς
1201 2202 1251 2236 φὺς
1261 2201 1370 2236 ἱππέας
1379 2201 1451 2242 νῦμῳ
1455 2201 1700 2244 μεταφερομένας·

958 2257 1078 2287 nempe
1096 2248 1154 2277 ita.
1200 2247 1275 2276 Non
1293 2246 1390 2276 modo
1415 2255 1482 2283 non
1504 2245 1697 2290 adversatus

958 2293 1008 2320 est
1038 2290 1203 2330 rogationi
1232 2290 1389 2326 Aurenae,
1413 2299 1480 2329 qua
1508 2289 1638 2328 equites
1660 2289 1696 2319 in

957 2335 1154 2364 societatem
1180 2333 1386 2372 judiciorum
1416 2338 1600 2371 vocantur3
1638 2332 1698 2362 sed

959 2377 1077 2407 deinde
1100 2378 1203 2408 etiam
1230 2377 1347 2407 eodem
1377 2375 1555 2414 consulatu
1578 2376 1700 2406 confir-

959 2421 1075 2458 mavit,
1091 2421 1161 2451 lata
1175 2420 1248 2460 lege
1264 2421 1299 2450 in
1315 2420 1457 2450 eandem
1478 2419 1706 2462 sententiam,

958 2465 1016 2495 sed
1033 2465 1162 2504 adjecto
1178 2464 1288 2505 capite
1304 2463 1345 2493 de
1361 2473 1476 2494 censu.
1514 2462 1516 2465 ’

1002 2509 1155 2538 Pompeia
1170 2508 1208 2538 de
1223 2508 1267 2545 vi,
1277 2513 1329 2537 est
1349 2507 1408 2538 Cn.
1419 2507 1569 2547 Pompeii
1583 2506 1619 2536 in
1629 2509 1700 2536 ter·

957 2552 1006 2582 tio
1022 2552 1199 2582 consulatu
1215 2551 1253 2581 A.
1270 2550 1311 2580 U.
1335 2559 1428 2581 Dcm.
1445 2549 1527 2587 lata,
1541 2559 1608 2589 qua
1621 2559 1698 2593 san-

958 2596 1063 2626 citum
1081 2590 1143 2632 est,
1161 2599 1198 2625 ut
1212 2595 1251 2625 de
1265 2594 1348 2624 eoede
1363 2595 1398 2623 in
1413 2595 1468 2624 via
1482 2594 1592 2633 Appia
1594 2591 1699 2633 facta

957 2643 1052 2669 emera
1069 2639 1211 2669 ordinem
1233 2638 1450 2678 quoereretnr:
1479 2636 1563 2667 Eam
1587 2635 1698 2679 legem

957 2692 1136 2722 cognoscas
1152 2681 1232 2712 licet
1255 2691 1273 2711 e
1295 2681 1484 2712 Miloniana
1505 2678 1540 2711 et
1562 2679 1698 2710 Asconii

956 2726 1177 2765 Argumento.

1000 2770 1155 2799 POMPEIA
1167 2770 1206 2798 αἰ.»
1217 2769 1342 2799 ambitu
1357 2767 1505 2807 ejusdem
1524 2766 1582 2797 C‘n.
1595 2765 1697 2811 P⁰⁷.²²“

951 2814 1019 2853 peiet
1033 2813 1174 2842 tertium
1195 2811 1361 2848 Consulis,
1378 2811 1420 2841 ad
1438 2811 1513 2841 Att.
1528 2815 1560 2840 x.
1583 2811 1615 2840 4.
1631 2819 1698 2849 qua

957 2857 1086 2895 gravior
1101 2865 1199 2896 poena
1213 2860 1248 2885 et
1263 2855 1412 2886 breviora
1431 2852 1558 2894 judicia
1573 2851 1698 2888 consti-

954 2904 1031 2930 tuta
1060 2905 1151 2930 sunt.
1195 2898 1284 2929 Nam
1314 2902 1422 2928 ternae
1443 2901 1582 2931 tantum
1604 2895 1696 2940 horae

956 2943 997 2973 ad
1013 2943 1193 2973 dicendum
1209 2942 1296 2972 datae
1313 2946 1406 2980 sunt,
1423 2942 1459 2971 in
1474 2940 1581 2970 Bruto
1597 2949 1626 2970 c.
1641 2942 1697 2974 95.

955 2987 1029 3018 add.
1047 2986 1117 3017 Att.
1133 2986 1202 3017 xiii.
1213 2989 1265 3021 49.
1280 2986 1338 3017 ubi
1355 2989 1405 3016 est
1421 2985 1557 3016 dierum
1567 2982 1697 3024 praesti-
