1804 3178
651 163 795 193 INDEX
828 163 1104 194 msromcus.

145 259 206 285 nu
230 252 378 291 veniens,
408 262 522 295 pacem
547 252 636 283 inter
662 252 872 294 philosophos

144 296 253 327 faeere
265 298 405 338 suscipit
414 302 449 328 et
467 303 642 337 propterea
657 297 794 327 ridetur.
811 299 872 328 liu-

84 339 87 342 ’
135 337 412 381 jussuuersuu.

196 384 333 422 Gellius,
356 384 437 415 Har.
467 393 552 422 resp.
583 384 635 417 27.
668 383 738 413 Λα.
769 384 810 413 iv.
841 386 871 414 3.

145 425 338 458 Clodianus.
353 427 446 458 Sext.
463 429 514 457 51.
531 427 641 458 Vatin.
658 429 688 459 2.
714 427 812 457 hoino
823 438 874 459 se·

146 469 286 500 ditiosus
302 476 336 500 et
351 470 529 511 popularis.

195 513 303 549 Gemi,
321 513 382 544 Cn.
405 519 439 543 et
463 514 553 543 Sext.
578 513 652 543 Div.
671 513 691 543 i.
709 515 760 544 QG.
791 514 870 553 Log.

134 556 168 586 ⁵.
183 557 215 587 2.
246 556 394 586 historici
411 556 522 588 Latini
541 557 687 592 lanffuidi
701 563 733 586 ct
749 559 871 595 iim-iti,

143 599 185 630 de
202 600 318 640 quibus
340 600 403 630 vid.
428 599 570 630 Vossmm
589 601 627 629 dr
648 602 757 630 histor.
775 603 831 631 lat.
850 602 869 632 i.

144 645 177 674 8.
205 644 264 673 alii
286 643 325 673 de
350 652 414 674 uno
442 644 500 674 Cn.
520 645 664 682 capiunt.
696 644 819 675 Palu-ic.
838 647 871 675 in

144 684 190 716 B.
216 686 293 717 Lat.
320 687 422 718 Indic.
446 689 524 717 citat
549 686 585 718 L.
609 687 752 717 Gellium
771 700 787 718 e
807 689 873 719 (sic.

144 728 185 759 de
200 729 306 769 legg.

194 773 282 810 Gelo,
300 773 341 804 N.
358 772 400 805 D.
426 774 471 804 iii.
496 777 548 805 34.
576 774 751 814 Tyrannus
775 775 870 816 Sjra·

145 825 302 847 cusanus.

194 859 364 897 Geminus,
393 860 493 892 Tusc.
532 860 553 890 i.
593 862 643 894 37.

149 903 375 934 Serviliorum.

189 946 231 977 L.
265 948 453 978 Genucilius
479 946 616 981 Gir-vus,
634 945 675 976 ad
701 947 775 978 Div.
804 949 871 978 xiii.

145 992 198 1021 53.
227 991 260 1020 in
278 989 497 1030 Hellesponto
513 991 710 1028 negotiator.
871 1020 878 1023 ,

192 1033 225 1064 C.
257 1033 352 1068 Geta.
377 1042 437 1074 pro
464 1033 598 1063 cluent.
623 1035 675 1064 42⁷.
703 1044 719 1064 e
745 1035 871 1065 Senatu

144 1076 270 1115 ejectus
298 1086 317 1106 a
342 1075 380 1106 L.
407 1075 546 1107 Metello
573 1083 606 1106 et
634 1077 694 1107 Cn.
722 1077 871 1109 Domitio

144 1119 236 1151 Coss.
252 1129 369 1150 censor
382 1121 452 1160 ipse
468 1126 541 1160 post
557 1119 664 1150 faetus
680 1126 742 1151 cst.

186 1163 254 1194 M‘.
277 1163 420 1201 Glabrio,
430 1173 471 1194 ex
486 1164 716 1203 ,deuiis-,filius
731 1167 872 1195 auctoris

144 1208 225 1246 legis
252 1207 375 1238 Aciliae.
411 1205 507 1237 Brut.
537 1207 589 1237 63.
621 1217 717 1237 avum
758 1208 874 1238 habuit

143 1249 339 1288 Scaevolam,
362 1249 477 1280 tardus
507 1251 651 1292 ingenio.
681 1251 755 1281 Act.
786 1252 807 1281 i.
837 1252 870 1281 in

142 1293 238 1324 Verr.
254 1295 285 1325 (Ζ.
302 1300 425 1334 praetor
439 1300 473 1324 et
490 1295 648 1333 quaesitor
665 1295 697 1323 in
715 1304 815 1325 causa
832 1295 869 1325 C.

144 1336 268 1368 Verris.
298 1337 416 1367 Manil.
445 1341 476 1372 9.
507 1342 636 1377 partem
664 1338 828 1368 exercitus
853 1349 873 1368 a

145 1380 288 1412 Lucullo
304 1381 435 1421 accipit.
474 1380 617 1420 Harusp.
635 1390 718 1420 resp.
735 1382 765 1412 6.
790 1392 872 1421 pon-

144 1423 238 1454 tifex.
264 1423 318 1455 De
325 1425 526 1464 prcenomine
547 1424 758 1454 (nabi-ionum
777 1436 804 1454 υ.
823 1426 871 1456 H.

145 1467 287 1498 Reland.
304 1466 437 1508 proefat.
461 1468 506 1498 ad
530 1467 573 1498 P.
596 1467 739 1498 Relcmdi
762 1468 873 1500 Fuscos

149 1510 240 1542 Cous.
256 1513 322 1532 *θ’
337 1512 369 1542 2.

193 1554 330 1591 Glauce,
345 1553 425 1584 Nat.
442 1552 485 1584 D.
502 1554 549 1584 iii.
566 1556 618 1585 ⁶23.
649 1564 733 1585 uxor
748 1555 841 1595 Upis.

191 1597 225 1628 c.
247 1597 400 1633 clama,
417 1606 434 1626 ε
449 1596 610 1635 Serviliis,
627 1597 666 1628 de
682 1599 738 1629 or.
755 1600 801 1629 ni.
817 1602 871 1630 41.

144 1641 180 1672 ii.
195 1642 249 1672 61.
272 1647 307 1670 et
321 1641 374 1672 65.
395 1639 539 1680 Harusp.
555 1651 640 1681 resp.
658 1643 709 1673 524.
726 1643 871 1672 Marium

144 1683 210 1715 alio
245 1689 397 1724 tempore
435 1683 562 1721 laudat,
593 1684 658 1714 alio
693 1686 872 1725 vituperat.

145 1727 228 1758 Rab.
251 1731 282 1762 7.
306 1732 429 1768 praetor
451 1727 628 1758 seditiosus
653 1728 742 1759 Coss.
766 1730 873 1760 Mario

144 1777 181 1802 et
201 1771 241 1802 L.
264 1769 407 1801 Valerio.
432 1770 531 1801 Catil.
555 1772 600 1801 iii.
624 1772 654 1802 6.
686 1779 808 1812 praetor
824 1774 873 1803 iu-

143 1814 321 1846 terficitur.
337 1814 430 1844 Verr.
448 1814 469 1844 i.
484 1819 516 1850 9.
540 1814 647 1855 legem
664 1815 704 1846 de
716 1823 872 1856 repetun-

144 1858 195 1889 dis
206 1857 301 1896 tulit,
317 1858 356 1888 de
368 1867 435 1898 qua
448 1867 480 1888 v.
495 1857 571 1889 Ind.
587 1859 695 1898 Legg.

194 1901 410 1942 Glaucippus,
440 1901 556 1941 Agrar.
587 1902 608 1932 i.
639 1906 670 1933 4.
715 1908 873 1943 exceptus

145 1944 219 1985 lege
238 1945 350 1984 Papia,
367 1954 433 1984 qua
447 1946 612 1984 peregrini
628 1947 858 1985 ejiciebantur.

191 1988 234 2019 P.
267 1988 432 2024 Globulus,
456 1987 562 2019 Flacc.
593 1991 645 2021 32.
672 1993 725 2021 34.
752 1995 876 2030 praetor

145 2031 250 2063 Asiae:
266 2042 283 2062 e
295 2035 392 2071 gente
408 2031 561 2062 Servilia.

196 2075 336 2114 Gorgias
362 2075 553 2112 Leontinus,
581 2075 652 2106 lnv.
676 2077 697 2106 i.
726 2080 756 2108 5.
786 2078 874 2108 anti-

135 2119 325 2158 quissimus
341 2118 409 2148 sere
424 2118 550 2156 rhetor,
560 2118 599 2149 de
611 2120 764 2151 omnibus
777 2121 873 2151 rebus

146 2166 314 2193 oratorem
330 2162 457 2202 optime
472 2161 582 2192 dicere
597 2171 691 2202 posse
705 2164 874 2195 existima-

146 2206 207 2236 vit.
222 2205 316 2236 Orat.
333 2206 354 2236 i.
371 2207 422 2236 2⁶2.
454 2205 500 2235 iii.
517 2207 569 2237 32.
600 2205 670 2235 Fin.
695 2207 728 2236 ii.
748 2211 776 2237 l.
808 2209 874 2248 pri-

148 2258 223 2279 mus
239 2249 273 2279 in
290 2253 456 2279 conventu
472 2258 570 2279 ausus
585 2255 636 2279 est
649 2259 794 2288 poscere,
809 2261 876 2290 qua

149 2292 190 2322 de
213 2302 248 2323 re
271 2293 409 2332 quisque
429 2291 529 2322 vellet
545 2288 669 2323 auilire.
687 2294 716 2323 ei
733 2294 874 2334 Delphis

149 2346 170 2366 a
182 2340 258 2367 tota
271 2335 400 2366 Graecia
423 2345 488 2365 non
513 2336 678 2374 inaurata,
695 2337 753 2367 sed
776 2348 875 2368 aurea

147 2384 263 2410 statua
277 2379 388 2420 posita
401 2384 462 2409 est.
493 2379 588 2409 Brut.
609 2381 656 2410 1⁶2.
681 2390 790 2410 rerum
810 2382 876 2411 sin-

149 2422 303 2463 gularum
328 2422 534 2453 laudationes
551 2423 876 2463 vituperationesque

146 2466 294 2507 scripsit,
309 2465 397 2497 locos
412 2475 618 2498 communes.
634 2467 683 2497 Ab
695 2468 750 2497 hoc
763 2477 877 2498 nomen

149 2510 245 2544 habet
253 2509 400 2540 Platonis
412 2508 562 2549 dialogus
574 2516 691 2541 contra
702 2510 877 2552 sophistas.

150 2553 207 2584 Or.
225 2554 246 2583 i.
266 2556 316 2584 ll.

201 2596 352 2636 Gorg-ius,
367 2596 408 2627 ad
424 2595 548 2626 Heren.
560 2596 601 2627 iv.
615 2598 666 2628 52.
693 2597 878 2638 pedissequi

151 2649 286 2670 nomen.

201 2683 352 2724 Gorg-ias,
369 2683 411 2713 ad
426 2683 502 2714 Div.
518 2684 581 2713 ivi.
598 2685 650 2714 21.
674 2683 800 2721 rhetor,
813 2695 877 2723 quo

153 2727 201 2758 M.
226 2727 342 2757 Cicero
367 2726 411 2756 fil.
429 2726 568 2757 Athenis
593 2727 688 2757 initio
713 2737 789 2757 usus
813 2734 876 2765 cst,

151 2769 211 2800 sed
226 2769 338 2810 paullo
354 2774 441 2810 post,
454 2770 550 2811 jussu
566 2771 681 2810 patris,
694 2771 830 2801 dimisit.
848 2782 877 2800 v.

152 2813 192 2843 de
205 2823 239 2843 eo
254 2813 467 2844 Ruhnkenius
475 2813 574 2854 prof.
590 2814 636 2843 ad
651 2814 771 2844 Rutilii
789 2815 877 2854 Lupi

154 2857 250 2887 libros
277 2857 461 2897 defiguris
483 2866 518 2896 p.
544 2867 575 2887 x.
600 2867 676 2886 nam
705 2859 726 2887 ii
755 2861 834 2889 sunt
859 2868 876 2887 e

149 2899 270 2945 graecis
285 2899 416 2938 Gorgiae
433 2899 530 2940 hujus
545 2901 700 2939 expressi.

201 2942 320 2984 Gorgo,
333 2943 427 2975 Vcrr.
442 2944 484 2974 iv.
501 2944 553 2978 56.
583 2943 734 2976 Medusa.

685 871 870 900 cognomen

1559 161 1634 197 105

967 253 999 284 C.
1031 254 1222 292 Gorgonius,
1247 255 1301 286 Br.
1327 258 1379 286 48.
1413 266 1511 296 cqucs
1540 258 1636 290 Rom,

917 297 1023 336 qualis
1041 298 1072 327 in
1089 298 1227 327 dicendo
1243 299 1354 329 fucrit.

964 340 1013 371 77.
1035 341 1214 376 Gracchus,
1234 341 1302 371 luv.
1322 342 1342 371 i.
1359 344 1410 371 30.
1437 342 1541 372 l‘atcr.
1559 344 1636 374 Lxrl.

919 385 971 418 27,
998 384 1158 423 Scipionis
1175 383 1252 423 Asr,
1266 386 1343 414 min.
1361 395 1462 414 socrr.
1482 385 1572 416 Brut.
1587 390 1638 417 ⁴20.

920 427 954 457 P.
972 426 1015 456 fil.
1031 427 1080 457 bis
1097 427 1220 457 (Jnnsul
1236 433 1271 457 ct
1291 428 1425 457 Censor.
1446 429 1515 466 ejus
1535 431 1638 459 oratio

918 471 1033 500 Graeca
1049 470 1136 510 apud
1154 470 1528 507 Rhodios,vir‹lisvrxuffi
1548 472 1638 502 l'rov.

919 514 1016 544 (lons.
1034 517 1064 544 8.
1090 514 1122 543 iu
1143 514 1316 544 tribunatu
1335 515 1370 544 L.
1388 515 1530 553 Scipioni
1550 516 1639 544 :uia-

918 558 998 594 tico,
1015 557 1077 587 etsi
1103 557 1249 591 inimico,
1270 563 1384 587 uum-n
1408 556 1495 587 solus
1518 559 1640 588 amilio

919 645 960 674 D.
979 645 1012 674 ii.
1030 647 1060 674 4.
1086 644 1160 674 Div.
1175 645 1196 674 i.
1218 647 1265 677 17.
1279 645 1338 674 ac.
1362 644 1476 673 vitio-v
1490 644 1640 674 consules

919 693 1022 723 creat,
1040 687 1074 716 Ρ.
1091 688 1276 727 Scipionem
1294 693 1325 717 et
1352 688 1388 717 (Σ.
1416 687 1576 725 Figulum.
1601 699 1639 718 εἰ

919 730 1102 760 Consulatu
1119 731 1302 760 Sardiniam
1319 731 1459 760 obtinet.
1483 731 1537 759 Or.
1565 731 1583 760 i.
1608 736 1639 765 9.

919 774 1043 803 Ccusor
1072 773 1242 803 libertinos
1272 780 1304 803 et
1344 773 1501 812 reliquam
1535 774 1638 804 set-cm

918 816 1031 856 populi
1049 817 1082 847 iu
1098 818 1239 847 urbanas
1255 818 1360 847 tribus
1378 818 1523 856 conjicit.
1537 819 1640 848 Alilcr

917 861 989 890 Liv.
1013 859 1076 890 xlv.
1105 863 1152 890 15.
1187 860 1328 890 Ciceroni
1350 862 1501 890 consentit
1516 861 1638 891 Auctor

918 904 956 934 tle
973 903 1059 934 Viris
1073 905 1192 934 illustr.
1210 904 1278 933 inv.
1296 905 1315 934 i.
1333 907 1383 934 30.
1416 905 1536 933 iterum
1555 905 1641 934 Con-

918 947 969 976 sul
995 947 1044 984 fit,
1062 947 1149 986 quod
1170 948 1202 976 iu
1221 948 1369 977 Censura
1385 947 1431 977 nil
1448 947 1525 977 set-it
1543 948 1640 977 insci-

917 998 994 1020 ente
1018 990 1155 1029 collega.
1181 991 1255 1021 Div.
1273 991 1293 1020 i.
1315 994 1361 1021 13.
1393 991 1425 1020 ii.
1449 993 1500 1024 ¹29.
1532 991 1641 1030 prodi-

918 1034 1009 1072 gium
1027 1035 1200 1073 anguium,
1216 1034 1302 1073 quod
1319 1035 1346 1063 ci
1365 1034 1512 1064 oblatum
1530 1042 1592 1064 est.

963 1077 1014 1108 Τι’.
1037 1078 1216 1114 Gracchus,
1233 1077 1284 1107 Τί.
1310 1077 1354 1107 fil.
1379 1078 1412 1107 Ρ.
1430 1077 1472 1107 Ν.
1489 1076 1639 1116 Africani

916 1131 956 1150 ea·
969 1121 1050 1160 filia
1076 1131 1178 1160 nepos.
1202 1121 1297 1151 Brut.
1324 1123 1375 1154 ⁶27.
1402 1126 1637 1160 praeceptorem

915 1163 1033 1193 habuit
1045 1163 1269 1203 Diophantem
1283 1164 1524 1204 Mitylenaeum.
1541 1174 1641 1194 causa.

916 1207 1107 1237 tribunatus
1122 1207 1282 1244 seditiosi,
1298 1208 1335 1237 (Ie
1351 1218 1416 1247 qua
1432 1209 1494 1237 vitl.
1508 1207 1588 1237 Vcll.
1606 1208 1638 1237 ii.

917 1251 947 1281 92.
977 1250 1072 1280 Brut.
1104 1252 1154 1281 25.
1186 1260 1206 1280 a
1234 1250 1280 1281 M.
1312 1251 1450 1280 Octavio
1476 1251 1639 1291 pati-’ntia

914 1293 1092 1332 frangitur.
1115 1293 1209 1323 Brut.
1225 1296 1277 1328 97.
1301 1293 1491 1332 eloquentia
1505 1294 1587 1333 ejus,
1604 1299 1639 1323 et

915 1337 1091 1367 orationes.
1108 1337 1171 1367 Off.
1189 1338 1210 1367 i.
1225 1339 1277 1368 ⁶22.
1305 1348 1325 1367 a
1342 1337 1376 1367 P.
1392 1337 1515 1367 Nasica
1536 1338 1639 1367 inter-

916 1386 1025 1410 emtus
1041 1386 1102 1410 est.
1119 1380 1159 1410 cf.
1175 1381 1216 1410 ad
1233 1381 1311 1411 Hcr.
1330 1381 1370 1410 iv.
1388 1384 1439 1411 55.

964 1424 995 1454 C.
1018 1424 1196 1461 Gracchus,
1211 1423 1262 1453 Ti.
1280 1424 1313 1454 F.
1331 1424 1365 1453 P.
1382 1423 1424 1454 N.
1442 1424 1522 1453 Har.
1541 1423 1638 1464 Resp.

916 1470 968 1498 20.
998 1472 1103 1498 morte
1127 1467 1237 1497 fratris
1266 1467 1386 1498 Tiberii
1408 1468 1574 1497 excitatur
1599 1467 1640 1497 ad

916 1511 1108 1541 seditiones.
1126 1510 1201 1541 Div.
1220 1512 1240 1541 i.
1264 1512 1316 1541 ⁶26.
1346 1511 1558 1550 Quaesturam
1582 1520 1639 1551 pe-

915 1556 1018 1584 tentis
1045 1554 1223 1584 somnium.
1258 1554 1391 1584 cluent.
1423 1557 1474 1585 54.
1505 1553 1571 1589 lex,
1597 1563 1639 1584 ne

917 1599 989 1636 quis
1000 1598 1128 1635 judicio
1145 1598 1436 1628 circumveniatur.
1460 1597 1522 1627 Off.
1537 1597 1569 1626 ii.
1585 1599 1637 1628 21.

917 1640 1148 1680 largitionibus
1173 1641 1326 1671 :erarium
1348 1641 1511 1671 exhaurit.
1537 1640 1637 1671 Tusc.

918 1685 961 1714 iii.
994 1687 1046 1715 ΩΟ.
1086 1689 1246 1724 patronus
1277 1685 1382 1715 aerarii
1414 1684 1524 1714 haberi
1555 1683 1638 1714 vult.

916 1728 1014 1758 Dom.
1041 1733 1072 1763 9.
1097 1728 1146 1758 lex
1171 1728 1211 1758 de
1234 1728 1422 1768 provinciis.
1444 1728 1483 1758 de
1502 1728 1642 1767 Legibus·

915 1769 984 1812 ejus
997 1776 1028 1801 et
1037 1771 1166 1809 fratris
1182 1782 1211 1802 v.
1231 1772 1302 1802 Iml.
1323 1771 1464 1811 Legum.
1488 1771 1580 1801 Orat.
1605 1771 1638 1801 ii.

916 1816 968 1849 67.
996 1825 1058 1854 pro
1082 1815 1152 1853 ejus
1178 1815 1287 1856 capite
1316 1824 1434 1845 aurum
1462 1824 1639 1854 repensum

915 1866 964 1888 cst
1002 1857 1243 1898 Septumuleio,
1277 1858 1353 1888 add.
1386 1859 1476 1889 Ptin.
1510 1857 1557 1888 H.
1588 1857 1638 1888 N.

916 1902 1026 1932 xxxiii.
1058 1905 1088 1932 3.
1127 1902 1182 1932 Br.
1212 1902 1264 1932 26.
1303 1903 1486 1931 orationem
1523 1906 1640 1931 contra

916 1955 991 1975 euin
1024 1945 1139 1975 habuit
1163 1945 1200 1975 C.
1227 1944 1380 1975 Fannius.
1410 1945 1465 1976 Br.
1489 1948 1540 1975 33.
1571 1943 1640 1974 elo-

915 1989 1162 2027 quentissimus.
1193 1989 1249 2019 Or.
1277 1989 1322 2018 iii.
1354 1989 1405 2019 (io.
1435 1989 1468 2019 in
1498 1987 1638 2018 dicendo

916 2042 994 2062 usus
1023 2040 1073 2062 est
1098 2032 1246 2069 homine,
1271 2032 1326 2071 qui
1357 2032 1502 2062 eburnea
1527 2030 1640 2061 fistula

915 2076 1047 2105 inflaret
1061 2086 1193 2113 sonum,
1206 2086 1270 2114 quo
1286 2075 1378 2105 illum
1396 2080 1453 2104 aut
1470 2082 1639 2105 revocaret

915 2129 935 2149 a
951 2120 1054 2149 nimia
1070 2119 1296 2156 contentione,
1312 2123 1371 2148 aut
1387 2119 1561 2149 reinissum
1581 2128 1637 2148 ex-

913 2163 1043 2193 citaret.

965 2206 1142 2243 Gracchus,
1173 2206 1282 2236 Rabir.
1314 2204 1406 2235 Perd.
1443 2208 1475 2239 7.
1513 2214 1638 2241 servus,

917 2257 1032 2291 postea
1054 2249 1240 2286 libertinus,
1264 2249 1332 2288 qui,
1349 2248 1426 2288 quia
1447 2258 1481 2277 se
1505 2258 1564 2288 pro
1585 2247 1637 2279 Ti.

919 2292 1059 2323 Gracchi
1077 2293 1144 2323 lilio
1161 2293 1307 2332 gerebat,
1324 2291 1449 2321 artibus
1467 2292 1638 2322 Saturnini

916 2337 1070 2366 tribunus
1102 2336 1144 2376 pl.
1175 2346 1251 2365 cum
1284 2336 1354 2375 ipso
1382 2335 1491 2364 factus
1517 2340 1580 2373 cst,
1605 2341 1639 2365 et

917 2390 993 2410 cum
1011 2391 1049 2409 co
1066 2379 1265 2420 Capitolium
1282 2378 1466 2418 occupavit.

968 2424 1139 2461 (ira’ccius,
1156 2423 1195 2452 ad
1220 2422 1294 2452 Div.
1319 2422 1362 2452 xi.
1379 2425 1409 2456 7.
1432 2423 1480 2452 1⁶2.
1511 2422 1639 2452 ridetur

915 2467 950 2496 in
985 2468 1128 2497 erere-itu
1159 2466 1261 2497 Brun·
1289 2467 1431 2506 aliquem
1461 2466 1565 2496 Iocum
1595 2469 1640 2495 te-

917 2512 1032 2540 unisse.

960 2554 1003 2583 P.
1034 2554 1188 2590 Granius,
1204 2552 1298 2583 Vcrr.
1321 2562 1350 2583 ν.
1374 2555 1425 2587 59.
1453 2551 1643 2592 negotiator

918 2597 952 2627 in
969 2597 1090 2627 Sicilia.

961 2641 1003 2681 Q.
1036 2640 1194 2675 (irtmius,
1217 2649 1338 2677 praeeo,
1354 2639 1525 2668 homiuum
1549 2648 1639 2668 sum-

918 2694 1061 2718 morum,
1075 2683 1194 2719 Crassi,
1208 2682 1333 2719 Catuli,
1344 2682 1550 2721 aliorumque
1567 2691 1641 2722 pro-

920 2732 994 2768 pter
1024 2727 1236 2759 dicacitatem
1266 2725 1451 2762 familiaris,
1483 2725 1536 2763 qui
1579 2735 1638 2754 nuc

918 2770 1057 2800 summis
1079 2770 1155 2799 viris
1179 2770 1339 2808 pepercit,
1353 2768 1408 2798 scd
1431 2778 1545 2799 eorum
1561 2768 1642 2798 vitia

921 2813 1021 2843 libcrc
1046 2813 1239 2853 perstrinxit.
1262 2818 1295 2842 et
1322 2813 1468 2851 impune.
1494 2822 1521 2842 v.
1546 2813 1639 2843 Brut.

920 2859 972 2887 43.
990 2857 1042 2887 46.
1066 2857 1122 2885 Or.
1141 2856 1174 2886 ii.
1190 2856 1241 2886 60.
1254 2859 1305 2888 70.
1334 2855 1443 2885 Plane.
1465 2858 1510 2885 1⁴.

963 2900 1012 2930 ΑΙ.
1034 2900 1215 2935 Gratidius,
1234 2899 1384 2938 Anyiitias.
1402 2899 1501 2937 Legg.
1522 2898 1566 2927 iii.
1592 2897 1639 2926 10.

922 2942 987 2974 sert
1001 2943 1109 2983 legem
1126 2942 1329 2974 tabellariani
1347 2942 1475 2983 Arpini,
1492 2941 1543 2971 cui
1565 2939 1641 2970 resi·
