1800 3131
157 143 239 198 185·

197 259 387 300 Aliquanto,
404 259 527 300 multo,
543 259 657 302 longe,
673 263 767 296 Verr.
792 266 813 296 i.
831 268 884 297 54.

152 302 233 341 iste,
271 304 328 343 qui
372 305 541 345 aliquanto
582 306 656 347 plus
695 310 884 348 cogitasset.

151 346 315 386 Quanto?
351 348 485 379 Decisio
516 349 607 380 facta
633 355 705 382 erat
731 361 802 383 ch
830 361 883 384 ns.

151 389 272 420 Verres
295 395 410 422 autem
437 396 513 432 post
542 395 673 434 accepit
704 404 813 426 DLXM.
843 396 885 427 ad

151 432 230 464 Div.
249 434 292 465 ix.
308 436 361 467 26.
385 440 469 467 extr.
493 437 671 477 epulamur
694 448 761 469 non
785 440 884 471 modo

151 486 221 508 non
237 483 355 509 contra
369 478 582 519 legem—sed
606 482 708 512 etiam
732 482 822 513 intra
837 483 884 513 le-

151 529 241 560 gem,
259 525 294 551 et
310 523 444 562 quidem
461 525 638 564 aliquanto.
677 525 721 555 Et
734 526 781 556 sic
797 536 884 556 sern-

150 574 212 605 per
228 569 263 595 et
279 565 451 606 aliquanto
467 572 502 597 et
521 567 732 607 aliquantum
748 569 882 601 dicitur.

149 617 181 637 v.
199 614 313 639 notam
332 615 481 640 nostram
506 611 546 640 ad
571 613 709 642 Sueton.
729 613 812 642 Caes.
830 616 882 646 87.

149 651 203 682 Sic
220 656 254 683 et
276 653 486 693 aliquantum
510 664 568 694 pro
592 654 752 686 multum.
780 655 881 686 Tusc.

148 704 179 726 ν.
197 696 228 727 6.

191 740 328 780 Aliquis.
360 740 460 770 Tusc.
485 740 531 771 iii.
560 744 609 772 18.
641 742 761 773 sivero
777 744 879 774 etiam

147 783 282 823 aliquid.
307 794 366 823 per
382 783 532 822 ιῦφημίιιι,
546 784 586 815 de
603 795 637 815 re
654 785 814 818 Venerea.
831 788 880 818 Si·-

147 827 236 857 milis
261 825 385 866 εὐφημία
407 832 456 857 est
481 827 514 857 in
539 827 607 858 his:
632 829 659 859 si
677 830 756 869 quid
778 832 808 861 ei
825 841 879 861 ac-

147 870 283 900 ciderit:
307 877 358 900 et:
381 870 407 900 si
421 871 501 910 quid
518 872 690 910 acciderit,
704 873 744 903 de
758 879 877 913 morte,

146 913 239 943 clade
256 913 385 943 bellica.
409 914 497 954 *pro
513 915 597 946 alius
618 917 702 956 quis.
728 917 791 948 Off.
809 919 830 948 i.
847 923 878 953 7.

145 962 205 987 aut
217 958 278 995 ira,
292 962 351 987 aut
364 959 476 998 aliqua
492 960 745 998 perturbatione
758 962 877 992 incita-

143 1006 211 1031 tus.
233 1001 274 1031 cf.
288 1002 344 1032 Or.
359 1002 458 1033 ii.42.
480 1008 515 1032 et
528 1003 573 1032 ibi
586 1003 699 1034 Pearc.
716 1004 877 1045 *Reperi-

142 1048 201 1074 tur
224 1045 326 1075 etiam
351 1047 453 1085 aliqui
475 1056 535 1086 pro
558 1048 686 1087 aliquis.
716 1049 781 1079 vid.
800 1059 829 1079 v.
847 1060 876 1080 c.

142 1087 246 1119 Acad.
264 1089 306 1119 iv.
323 1090 374 1121 26.
399 1089 595 1120 annularius
611 1092 723 1131 aliqui.

185 1133 417 1173 Aliqzcz‘spz'am,
428 1143 486 1174 pro
496 1135 583 1164 alius
589 1136 760 1176 quispiam.
773 1135 874 1167 Tusc.

142 1175 187 1206 iii.
206 1181 237 1210 9.
261 1187 290 1207 v.
305 1182 375 1207 not.

183 1221 300 1251 Aliter.
338 1220 439 1251 Tusc.
471 1221 518 1252 iii.
549 1225 602 1254 30.
633 1223 731 1253 aliter
759 1223 876 1255 ferunt

140 1266 242 1303 atque
276 1268 317 1295 ut
347 1264 418 1295 aliis
450 1270 602 1296 auctores
633 1266 783 1298 fuerunt.
824 1278 874 1298 se-

141 1313 264 1347 quente
281 1312 315 1338 et
332 1308 371 1338 ad
389 1310 461 1339 Att.
480 1320 510 1339 x.
532 1313 580 1340 11.
604 1310 647 1340 xi.
666 1313 718 1342 23.

182 1353 287 1383 Alius.
328 1352 400 1383 Att.
431 1353 495 1383 xvi.
531 1356 579 1384 14.
614 1355 710 1384 aliud
737 1364 778 1385 ex
808 1357 874 1386 alio

138 1396 302 1434 scribere;
327 1403 367 1426 ut
380 1396 533 1435 quodque
550 1398 584 1427 in
601 1402 753 1428 mentem
768 1399 872 1430 venit.

138 1438 224 1470 Phil.
242 1440 276 1470 ii.
293 1443 345 1471 33.
377 1441 441 1470 alio
456 1440 520 1471 die.
543 1441 701 1479 formula,
717 1452 783 1481 qua
799 1446 873 1472 ute-

135 1483 262 1514 bantur
277 1484 333 1523 qui
352 1484 490 1514 comitia
511 1485 774 1515 obnunciatione
794 1486 873 1516 ‹liri-

137 1528 286 1558 mebant.
318 1527 374 1557 Or.
398 1529 451 1559 22.
484 1528 601 1558 eadem
625 1539 675 1559 res
692 1531 755 1560 alio
771 1537 871 1569 atque

136 1572 202 1601 alio
217 1571 316 1601 verbo
337 1571 437 1602 elata.
470 1571 489 1589 *²
501 1571 660 1610 diversus,
678 1573 870 1604 abhorrens.

136 1614 179 1644 ad
202 1615 278 1645 Div.
302 1615 336 1644 ii.
363 1617 393 1646 2.
427 1625 488 1645 nec
520 1616 700 1655 quicquam
728 1618 823 1647 aliud
852 1628 872 1648 a

137 1658 294 1688 libertate
322 1659 516 1689 communi:
557 1660 614 1690 uhi
642 1665 760 1691 tamen
787 1670 871 1691 non-

137 1702 223 1733 nulli
241 1702 316 1732 libri
332 1703 499 1732 omittunt
517 1713 546 1733 a.
578 1703 596 1722 ²*
609 1714 668 1744 pro
686 1703 805 1742 altero,
821 1715 871 1735 se-

137 1746 259 1776 cundo.
284 1745 325 1775 ad
339 1746 433 1786 Quir.
450 1757 482 1786 p.
495 1747 576 1777 Red.
596 1750 626 1778 5.
650 1751 685 1778 et
701 1748 745 1778 ibi
762 1748 870 1779 Graev.

135 1789 242 1819 *alioe
257 1790 292 1819 in
309 1799 384 1828 gen.
409 1791 486 1821 Div.
504 1791 536 1820 ii.
557 1794 605 1821 13.
629 1792 705 1822 alioe
719 1792 868 1831 pecudis.

135 1833 178 1863 ad
192 1833 268 1864 Div.
285 1834 352 1863 viii.
382 1836 408 1863 1.
440 1834 535 1864 aliud
556 1835 682 1865 sentire
707 1840 742 1865 et
764 1835 869 1875 loqui,

134 1887 195 1917 pro
211 1881 246 1907 et
261 1877 365 1907 aliud.
411 1877 464 1908 Sic
488 1882 523 1908 et
545 1877 622 1908 alibi
641 1878 758 1909 Cicero
774 1879 869 1911 dixit.

135 1921 177 1951 ad
200 1921 271 1951 Att.
295 1921 350 1951 xii.
374 1924 428 1952 40.
460 1921 700 1960 aliud—aliud,
716 1933 777 1963 pro
793 1933 868 1964 par-

133 1965 380 2004 tim—partim.
586 1968 589 1972 ’

176 2009 302 2048 Allego.
330 2008 428 2039 Rosc.
451 2008 525 2039 Am.
549 2014 580 2044 9.
611 2011 736 2048 allegat
753 2011 792 2041 iis
808 2011 867 2041 ho-

134 2052 242 2083 mines
274 2051 412 2082 nobiles.
450 2053 622 2083 submittit
646 2054 688 2083 ad
717 2064 786 2092 eos,
810 2055 867 2094 qui

133 2106 212 2126 eum
227 2097 266 2126 iis
283 2100 397 2135 agant.
441 2096 511 2127 Not
526 2109 531 2126 :
559 2096 694 2127 Publice
710 2097 869 2136 legantur

132 2139 300 2176 homines,
313 2140 368 2178 qui
385 2139 461 2170 inde
477 2139 579 2180 legati
597 2141 776 2180 dicuntur3
800 2142 867 2182 pri-

131 2183 236 2213 vatim
252 2183 455 2223 allegantur,
471 2184 562 2213 unde
580 2184 726 2224 allegati.

176 2228 348 2266 Allegalio.
378 2227 472 2257 Verr.
487 2228 508 2258 i.
529 2229 578 2258 16.
606 2228 725 2267 quibus
741 2229 867 2267 allega-

133 2271 269 2301 tionibus
299 2270 392 2301 illam
425 2271 487 2301 sibi
525 2271 731 2312 legationem
762 2282 866 2312 expu-

133 2316 260 2354 gnavit.

177 2359 358 2397 Allegatus.
386 2359 450 2398 Qu.
475 2358 528 2389 Fr.
551 2358 585 2388 ii.
609 2361 640 2389 3.
669 2358 792 2389 Nerius
814 2359 865 2388 in-

133 2400 196 2432 dex
212 2402 317 2432 edidit
334 2402 375 2432 ad
397 2404 554 2441 alleg-atos
571 2402 631 2432 &c.
664 2402 798 2432 Manut.
814 2403 865 2432 in-

131 2450 352 2486 terpretatur,
370 2451 493 2486 praeter
515 2456 582 2483 eos,
601 2455 681 2485 quos
699 2446 772 2485 jam
795 2446 864 2476 edi-

132 2489 240 2526 derat,
270 2491 513 2520 nominaverat.
556 2500 621 2528 quo
658 2489 727 2519 fere
765 2499 864 2520 sensu

131 2532 218 2563 Plin.
236 2533 316 2563 Pan.
332 2536 384 2567 70.
408 2533 470 2563 hoc
493 2533 626 2563 senatui
649 2534 864 2572 allegandum

132 2577 259 2617 putavi.
279 2577 300 2606 i.
313 2588 342 2606 e.
360 2576 632 2616 significandum.
663 2576 721 2607 sed
733 2577 863 2615 dubito,

131 2630 175 2650 an
192 2621 283 2650 aurei
300 2621 402 2650 seculi
418 2621 461 2651 sit
476 2621 541 2651 ista
557 2621 650 2651 notio
672 2620 773 2650 verbi.
820 2621 865 2651 Et

130 2662 253 2694 Nerius
287 2674 392 2694 unum
423 2665 570 2694 Sestium
601 2664 765 2701 ediderat,
795 2674 863 2694 non

129 2707 254 2747 plures.
282 2707 316 2737 F.
333 2707 455 2738 Junius
473 2708 596 2737 rectius
617 2707 777 2747 allegatos
792 2718 862 2738 esse

131 2750 214 2781 dicit
229 2760 298 2787 003,
316 2761 396 2789 quos
412 2751 511 2790 vulgo
534 2752 712 2790 deputatos
729 2756 862 2788 vocant,

130 2795 249 2833 quibus
267 2794 464 2825 mandatum
481 2795 539 2832 sit,
551 2795 641 2825 adire
657 2795 815 2832 indicem,
828 2799 864 2825 et

129 2838 254 2869 indicia
289 2838 416 2868 audire.
453 2838 524 2868 scil.
557 2839 598 2868 ad
628 2838 788 2877 allegatos
815 2839 863 2868 di-

130 2887 224 2911 etum
250 2885 313 2918 est,
337 2887 376 2911 ut
399 2881 600 2922 adjudices.
626 2893 656 2911 ν.
680 2883 714 2912 in
737 2883 791 2912 ad.
815 2882 862 2912 sie

128 2931 180 2955 est
202 2925 306 2955 etiam
330 2925 463 2955 Cluent.
492 2928 541 2957 13.
572 2925 636 2957 vid.
657 2925 744 2967 inpr.
760 2926 862 2957 Gron.

129 2968 171 2999 ad
186 2969 258 3000 Liv.
273 2969 380 3000 xxxvi.
401 2973 449 3000 11.

673 172 821 204 INDEX
849 173 1147 206 LATINITATIS.

971 268 1093 299 Allevo.
1117 268 1245 299 minuo.
1268 265 1340 299 Inv.
1360 268 1381 299 i.
1399 269 1454 300 42.
1483 268 1587 303 *Ate
1601 269 1661 304 vii.

931 313 959 341 1.
988 313 1212 342 allevaturum
1229 322 1348 351 corpus
1366 322 1411 343 sc.
1429 323 1449 343 a
1463 312 1558 345 febri.

969 355 1089 386 Alcida.
1120 356 1186 396 Qu.
1210 355 1262 386 Fr.
1284 356 1319 386 ii.
1337 356 1366 386 6.
1398 355 1529 388 Servius
1545 359 1661 392 allisus

926 402 992 435 est,
1009 399 1112 429 ceteri
1145 399 1381 430 conciduntur.
1412 400 1432 430 i.
1456 410 1486 431 e.
1517 401 1551 431 in
1574 403 1661 442 peri-

926 440 1041 471 culum
1066 443 1171 481 venit,
1196 443 1284 482 quod
1312 443 1428 482 evasit,
1453 444 1556 475 ceteri
1579 455 1659 476 con·

926 483 1140 516 demnantur.
1166 486 1232 517 vid.
1249 486 1350 518 Gron.
1374 487 1416 517 ad
1438 487 1556 518 SeneC.
1577 488 1659 520 Nat.

925 526 991 567 Qu.
1010 528 1044 558 ii.
1061 531 1115 559 44.

968 571 1090 610 Alligo.
1122 571 1246 603 dicitur
1262 572 1301 602 de
1317 573 1471 604 omnibus
1488 574 1599 614 rebus,
1615 575 1656 606 de

925 614 1044 652 quibus
1075 615 1220 655 obligare
1255 616 1388 647 dieitur.
1435 617 1570 648 Cluent.
1603 619 1658 652 56.

923 657 1036 688 Rabir.
1055 658 1089 688 P.
1113 662 1144 693 7.
1175 658 1248 698 lege
1271 661 1419 699 alligari.
1450 660 1586 692 Cluent.
1602 665 1656 694 55.

924 700 1036 732 Rabir.
1061 702 1095 732 P.
1119 702 1150 732 6.
1186 703 1369 741 quaestione
1396 713 1482 734 nova
1504 707 1655 745 alligari.

922 744 1019 775 Rose.
1049 745 1143 776 Com.
1175 747 1223 776 12.
1254 746 1472 786 stipulatione
1499 751 1654 788 alligare.

921 787 1022 819 Tusc.
1054 789 1088 819 ii.
1125 792 1174 823 17.
1206 788 1328 820 vulnus
1350 792 1502 829 alligare.
1531 793 1609 823 Div.
1632 793 1656 825 i.

923 834 974 863 54.
1002 832 1119 863 oculus
1150 833 1319 872 alligatus,
1347 843 1446 873 quem
1477 834 1587 866 locum
1619 840 1656 867 et

921 874 1063 906 formam
1087 876 1243 916 loquendi
1268 876 1415 913 vindicat
1437 877 1580 910 Gronov.
1612 879 1655 911 ad

920 918 993 949 Liv.
1008 920 1062 950 vii.
1078 922 1130 951 24.
1163 920 1205 951 cf.
1222 920 1263 950 ad
1283 921 1360 951 sen.
1384 930 1437 960 ep.
1460 923 1514 956 94.
1546 922 1655 955 Flacc.

924 965 973 996 17.
1002 965 1144 1002 alligare
1159 973 1193 993 se
1217 964 1352 994 scelere.
1383 964 1495 995 Plane.
1518 968 1572 996 33.
1596 966 1652 996 be-

920 1007 1042 1037 neficio
1057 1008 1209 1046 alligari.
1231 1018 1260 1038 v.
1290 1007 1453 1047 Obligare.
1487 1008 1600 1049 *Leg.
1617 1010 1653 1041 ii.

920 1051 973 1080 20.
1006 1050 1113 1080 Sacris
1129 1052 1277 1089 alligari,
1295 1051 1466 1090 dicuntur,
1484 1053 1538 1091 qui
1559 1062 1655 1084 sacra

918 1092 1106 1124 hereditate
1122 1098 1181 1125 aut
1199 1105 1397 1135 quacunque
1420 1096 1549 1126 ratione
1565 1097 1652 1128 acci-

918 1136 1027 1176 piunt.
1072 1137 1161 1168 *On
1199 1138 1246 1168 iii.
1279 1141 1333 1169 44.
1369 1140 1514 1178 alligare
1550 1141 1653 1172 verba

918 1185 1012 1210 certa
1027 1180 1100 1220 lege
1117 1190 1241 1211 versus.
1269 1181 1370 1212 *Fim
1386 1183 1420 1212 ii.
1437 1185 1490 1213 24.
1518 1193 1559 1213 ne
1577 1184 1650 1214 sine

916 1223 1032 1254 fructu
1047 1226 1208 1263 alligatus
1221 1226 1264 1255 sis
1279 1235 1325 1255 sc.
1343 1226 1461 1256 amico.
1485 1226 1651 1258 *Cluent.

917 1268 970 1298 64.
993 1269 1173 1306 alligatum.
1189 1268 1317 1308 nuptiis
1335 1268 1473 1299 haberet
1495 1270 1531 1300 in
1554 1275 1650 1311 pote-

916 1316 1015 1342 state.
1045 1312 1064 1330 *
1076 1313 1147 1342 Att.
1165 1312 1233 1342 viii.
1252 1313 1301 1342 16.
1317 1314 1457 1351 alligari
1471 1318 1571 1353 atque
1587 1314 1652 1344 im·

915 1355 1023 1394 pedii-i
1039 1365 1073 1385 re
1089 1355 1210 1396 aliqua.
1241 1356 1320 1386 ibid.
1339 1356 1374 1387 ii.
1401 1359 1451 1388 18.
1479 1357 1585 1388 virtus
1599 1360 1651 1389 al-

916 1400 1036 1438 ligata.

957 1443 1088 1473 Alluclo.
1112 1443 1192 1474 Nat.
1209 1443 1252 1473 D.
1270 1443 1304 1473 ii.
1325 1446 1377 1478 39.
1408 1453 1500 1474 mare
1522 1447 1650 1475 terram

915 1493 1076 1526 appetens
1100 1486 1251 1517 litoribus
1275 1488 1407 1517 alludit.
1431 1497 1461 1518 v.
1481 1486 1651 1530 Gesnerus

915 1529 957 1559 ad
975 1530 1152 1560 Columell.
1169 1531 1210 1560 iv.
1228 1532 1281 1561 20.
1299 1532 1329 1562 2.
1361 1530 1454 1561 Orat.
1471 1531 1493 1561 i.
1515 1532 1568 1562 56.
1597 1533 1650 1562 al-

914 1574 1025 1604 ludere
1040 1574 1144 1612 varie,
1161 1574 1297 1611 dicitur,
1315 1575 1371 1613 qui
1389 1574 1534 1614 aliquem
1549 1575 1649 1606 variis

914 1618 1100 1648 rationibus
1114 1617 1322 1657 aggreditur,
1334 1622 1374 1647 ut
1386 1622 1446 1647 aut
1461 1617 1500 1648 de
1512 1623 1650 1649 senten-

911 1661 962 1691 tia
977 1660 1133 1699 deducat,
1144 1661 1249 1691 autin
1261 1671 1356 1691 suam
1367 1663 1573 1692 sententiam
1589 1661 1648 1692 ad-

913 1704 1026 1736 ducat.

955 1749 1065 1779 Alsas.
1090 1748 1240 1787 frigidus.
1264 1748 1329 1788 Qu.
1353 1748 1406 1779 Fr.
1430 1748 1476 1778 iii.
1496 1751 1525 1779 l.
1541 1750 1573 1779 2.
1599 1747 1649 1780 nil

912 1789 1094 1834 ἀποδυτηρίῳ
1110 1793 1220 1823 alsius.
1237 1792 1279 1822 cf.
1295 1791 1367 1822 Att.
1383 1792 1426 1822 iv.
1442 1795 1472 1822 8.

954 1835 1060 1866 Alter.
1084 1836 1119 1866 in
1146 1835 1354 1866 numerando
1380 1835 1550 1866 interdum
1578 1836 1649 1876 pri-

911 1889 1019 1916 mum,
1047 1880 1218 1910 interdum
1248 1879 1435 1910 secundum
1465 1879 1647 1918 significat.

911 1923 953 1953 ad
984 1924 1061 1953 Div.
1092 1924 1150 1954 xii.
1182 1925 1235 1955 25.
1267 1925 1369 1953 altero
1396 1923 1553 1953 vicesimo
1579 1923 1646 1955 die.

910 1966 1044 1996 Manut.
1078 1967 1185 1997 Graev.
1219 1966 1352 1997 Cortius
1378 1967 1649 2006 interpretantur

909 2010 1068 2041 secundo.
1092 2021 1122 2041 v.
1149 2010 1280 2041 Duker.
1307 2009 1349 2040 ad
1375 2009 1448 2041 Liv.
1475 2011 1566 2050 Epit.
1590 2013 1646 2045 49.

910 2054 985 2084 init.
1009 2054 1072 2084 Off.
1090 2055 1124 2085 ii.
1145 2057 1193 2085 13.
1217 2055 1316 2084 alteri
1338 2053 1400 2084 alae
1416 2058 1468 2084 est
1483 2055 1554 2085 uni.
1576 2054 1644 2085 vid.

910 2104 979 2127 not.
1005 2100 1024 2119 ’ἢ
1041 2107 1100 2138 pro
1116 2099 1290 2135 alteruter,
1308 2097 1410 2128 Acad.
1427 2098 1461 2128 ii.
1476 2100 1531 2129 43.

950 2142 1140 2172 Altereatio.
1171 2141 1368 2181 disputatiO,
1398 2151 1472 2180 quae
1503 2141 1646 2172 interro·

909 2185 1018 2224 gando
1031 2190 1066 2215 et
1075 2185 1305 2225 respondendo
1317 2190 1461 2221 constat,
1474 2185 1509 2214 in
1520 2190 1643 2216 senatu

908 2229 1115 2268 autjudicio.
1129 2228 1234 2259 Gloss.
1244 2227 1371 2258 Philox.
1384 2227 1531 2267 ἀμοιβαῖος
1541 2227 1644 2268 λὸγας..

908 2272 1112 2312 particulam
1128 2272 1319 2310 hujusmodi
1334 2271 1564 2302 altercationis
1577 2272 1643 2303 vid.

907 2316 980 2346 Att.
997 2317 1018 2347 i.
1041 2317 1090 2346 16.
1120 2315 1276 2346 Clodium
1293 2315 1377 2354 fregi
1394 2315 1429 2345 in
1448 2319 1569 2346 senatu
1592 2317 1644 2346 al-

908 2361 1081 2391 tereatione
1094 2359 1268 2399 ejusmodi.
1292 2359 1334 2388 ef.
1357 2359 1399 2389 iv.
1428 2361 1477 2389 13.
1502 2359 1544 2389 ad
1564 2359 1644 2391 Div.

907 2404 928 2433 i.
957 2405 988 2434 2.
1019 2404 1116 2434 Brut.
1143 2406 1197 2434 44.
1229 2402 1446 2442 *disputatio
1471 2412 1644 2441 quaecum-

908 2457 982 2486 que.
1007 2447 1088 2477 Nat.
1104 2447 1148 2477 D.
1162 2447 1183 2476 i.
1198 2446 1229 2476 6.
1249 2445 1357 2476 oritur
1369 2445 1451 2476 mihi
1463 2455 1589 2485 magna
1599 2445 1641 2476 de

907 2500 942 2520 re
959 2492 1128 2521 altercatio
1143 2500 1223 2520 cum
1238 2488 1379 2520 Velleio.

950 2535 1107 2565 Altera-or.
1126 2533 1166 2563 de
1178 2534 1316 2564 alternis
1330 2537 1483 2563 actorum
1499 2532 1642 2563 interro-

907 2578 1097 2616 gationibus
1113 2581 1147 2607 et
1162 2576 1430 2617 responsionibus
1447 2577 1482 2606 iu
1492 2576 1643 2615 judiciis.

905 2620 1003 2652 Brut.
1014 2625 1067 2652 43.
1093 2622 1230 2651 Crassus
1241 2620 1429 2651 altercando
1441 2619 1570 2649 invenit
1582 2630 1641 2660 pa-

907 2675 976 2695 rem
1001 2665 1183 2695 neminem.
1206 2674 1237 2695 v.
1259 2663 1403 2694 Budaeus
1421 2663 1463 2693 ad
1480 2662 1641 2695 Pandeet.

932 2731 938 2738 .
956 2719 1001 2738 m.
1018 2711 1071 2740 48.

906 2719 927 2749 p
949 2753 1117 2783 Alternus.
1147 2750 1225 2781 Vat.
1257 2754 1307 2782 ll.
1341 2751 1472 2780 alterna
1501 2749 1642 2782 consilia

906 2796 1052 2835 rejicere.
1070 2806 1100 2825 v.
1118 2794 1192 2825 Ind.
1207 2795 1274 2825 LL.
1299 2793 1369 2824 Lex
1384 2793 1531 2824 Vatinia.
1543 2793 1639 2826 Verr-

907 2840 939 2870 ii.
962 2843 1011 2870 13.
1037 2841 1174 2870 alterna>
1189 2838 1352 2868 civitates.
1375 2837 1489 2868 Plane.
1516 2839 1566 2868 15.
1589 2839 1640 2867 al-

906 2884 993 2913 terni
1003 2882 1147 2921 judices.
1163 2881 1241 2912 ibid.
1253 2881 1352 2911 Arch.
1369 2884 1418 2912 10.
1434 2882 1555 2911 alterni
1567 2890 1640 2911 ver·

906 2937 973 2956 sus.
993 2927 1015 2956 i.
1035 2936 1063 2956 e.
1085 2925 1215 2965 generis
1231 2925 1380 2966 elegiaci.
1396 2935 1427 2956 v.
1443 2924 1587 2956 Gronov.
1601 2924 1638 2955 in

908 2971 994 3001 stat.
1010 2980 1038 3001 c.
1056 2972 1086 3002 Β.
