1800 3131
185 66 244 112 ΤΖ

194 164 248 196 bi,·
281 163 368 194 unde
391 164 501 195 mi'nor
522 163 594 195 Att.
624 164 694 195 viii.
719 170 750 200 9.
787 166 921 196 dicitur.

700 75 849 104 INDEX
879 72 1144 104 flls'mmcvs
1151 91 1160 103 ι

964 165 1006 195 ad
1021 165 1097 196 Div.
1115 165 1180 195 xvi.
1196 166 1248 197 22.
1281 163 1382 196 homo
1401 164 1578 204 pessimus,
1594 156 1690 205 flugi-

195 207 304 238 Asinii
320 207 477 239 Pollionis
493 214 639 248 quaestor
659 209 726 239 fuit
742 210 777 240 in
802 209 923 250 Hispa·
963 209 1079 239 tiosus.
1108 209 1277 249 Quidum.-
1303 208 1471 239 Bilienus:
1495 209 1581 249 quod
1604 209 1692 240 idem

198 251 277 281 nia:
302 251 372 291 ejus
397 252 526 292 flagitia
547 258 864 284 commemorantur.
881 252 924 283 ad
963 262 1078 282 nomen
1093 256 1151 282 est.

195 294 276 326 Div.
292 305 324 326 x.
340 297 393 327 32.
423 297 461 326 de
475 306 508 326 eo
522 306 552 326 v.
569 295 663 327 Plin.
680 297 727 328 H.
744 297 792 328 N.
808 307 838 326 v.
857 300 887 328 5.

242 338 385 376 Balbus,
401 339 484 370 Sull.
504 343 551 374 19.
582 339 694 371 Fausti
711 340 861 371 libertus.

246 382 386 419 Balbus,
410 394 443 424 p.
471 383 575 414 Coelio
603 387 650 414 11.
681 391 855 414 accusator
878 383 925 414 M.

200 425 407 466 Coelii.j;;rte
421 431 467 457 est
483 427 526 456 P.
545 426 700 458 Octavius
714 428 852 459 Balbus.

244 471 345 501 Balbi
369 470 447 509 duo,
462 470 557 501 Orat.
580 471 627 501 iii.
647 473 700 503 21.
732 472 846 501 Stoici.
861 471 926 501 vid.

199 510 235 543 in
252 514 414 544 Lucilius.

243 557 437 594 Balbutius,
454 557 589 588 Cluent.
607 558 658 588 60.
689 558 840 588 Larinas.

243 600 455 639 Balearicus,
479 601 520 631 de
544 601 620 631 Div.
644 602 665 631 i.
689 603 719 632 2.
758 600 927 631 Metellus.

198 654 230 675 v,
246 643 409 675 Metellus.

242 688 367 726 Bauio,
382 688 422 727 Q.
438 688 534 719 Rosc.
551 691 583 721 7.

196 729 341 762 lenonis.

241 775 291 806 Μ.
308 775 496 809 Bambalio,
512 773 596 805 Phil.
613 775 647 805 ii.
664 775 717 806 36.
739 779 786 805 est
801 775 845 816 Q.
863 777 926 807 Fa-

197 817 285 856 dius,
300 818 348 848 M.
365 818 499 848 Antonii
512 828 612 857 socer,
624 823 723 858 pater
739 817 872 850 Fulvioe.

244 862 410 899 Buncbal,
426 861 601 892 Venerius.
617 862 748 892 Verrin.
765 863 812 892 iii.
831 866 882 898 39.

243 906 361 936 Barba
382 906 522 942 (assius,
541 905 625 936 Phil.
649 907 718 936 xiii.
738 908 768 936 2.
800 907 926 937 amicus

199 947 338 979 Caesaris
357 953 391 978 et
406 949 559 985 Antonii,
575 950 669 988 cujus
686 954 831 988 quaestor
845 951 924 988 fuit,

199 999 316 1023 autore
334 993 498 1032 Appiano,
515 992 610 1022 Civil.
626 993 647 1023 l.
666 1003 693 1022 v,

245 1037 441 1073 Barbulius,
459 1035 544 1066 Phil.
563 1037 633 1067 xiii.
650 1039 680 1068 2.

198 1081 280 1110 saris
296 1085 330 1109 et
346 1079 496 1109 Antonii.

244 1124 418 1162 Barclylis,
438 1123 533 1153 offic.
556 1123 591 1153 ii.
619 1126 667 1154 11.
706 1123 857 1164 Illyric-us
881 1125 927 1154 la-

195 1170 265 1205 tro,
274 1173 410 1208 propter
425 1167 621 1206 aequabilem
639 1168 760 1207 praedae
774 1169 928 1208 partitio-

198 1220 444 1250 nem,magnas
466 1221 543 1250 opes
567 1211 695 1241 habuit.
718 1212 818 1250 Apud
837 1213 928 1243 Groe-

198 1264 248 1285 cos
264 1256 416 1294 quosdam
430 1256 584 1285 scribitur
598 1254 773 1295 Bardyllis.
788 1266 818 1286 v.
835 1256 928 1286 Wes-

197 1298 317 1337 Seling.
335 1298 375 1328 ad
393 1298 579 1328 Diodorum
597 1298 661 1328 xvi.
676 1309 708 1338 p.
724 1302 799 1333 409.

242 1343 424 1379 Βανηαίιε,
442 1342 512 1373 Att.
529 1343 594 1372 xiv.
614 1344 662 1376 19.

243 1385 292 1416 M.
317 1386 479 1424 Basilius,
494 1396 521 1417 s.
545 1386 693 1423 Basilus,
718 1385 852 1417 Cluent.
876 1389 928 1418 38.

197 1425 352 1459 Senator.

245 1472 407 1509 Basilius,
421 1472 463 1502 ad
478 1472 553 1502 Div.
569 1473 613 1502 vi.
633 1476 680 1503 15.
709 1473 929 1512 Caesarianus,

201 1517 258 1556 qui
275 1522 391 1556 postea
405 1517 440 1546 in
457 1527 535 1546 eum
552 1517 748 1555 conjuravit.

245 1560 408 1597 Basilius,
431 1559 516 1590 Phil.
546 1561 580 1590 ii.
606 1563 659 1591 41.
698 1560 864 1600 gladiator
890 1561 930 1592 de

201 1610 301 1643 grege
318 1604 365 1633 M.
381 1603 532 1634 Antonii.

245 1647 395 1684 Basilus,
415 1647 485 1677 Att.
505 1648 560 1677 vii.
584 1651 614 1681 9.
652 1647 790 1678 bustum
814 1648 931 1687 Basili,

198 1687 294 1721 locus
311 1691 346 1720 in
362 1691 416 1720 via
431 1691 538 1730 Appia
554 1690 739 1721 latronibus
757 1692 909 1723 infestus.

245 1734 386 1766 Basilus
402 1734 572 1764 Minucius
587 1746 593 1764 :
618 1744 648 1764 v.
666 1736 701 1764 in
717 1734 898 1766 ,Minucius

611 696 735 718 nomen
753 687 927 719 Comicutn

711 1037 838 1067 amicus
856 1037 927 1068 Ca!-

247 1778 388 1815 Bassus,
401 1778 442 1808 ad
454 1778 530 1808 Div.
547 1778 602 1808 vii.
620 1780 672 1809 20.
688 1779 753 1809 vid.
776 1780 931 1810 Coecz'lius.

245 1821 375 1853 Bassus
390 1821 550 1852 Lucilius.
565 1832 596 1851 v.
612 1822 647 1851 in
664 1822 824 1853 Lucilius.

247 1865 408 1902 Battara,
426 1865 467 1895 ad
481 1865 557 1896 Div.
573 1866 628 1895 vii.
645 1870 675 1900 9.
698 1876 762 1906 pro
777 1877 837 1906 quo
851 1868 911 1897 alii
924 1880 933 1896 .-

202 1906 358 1939 Vacerra.
396 1909 528 1940 videtur
555 1908 748 1950 familiaris
788 1909 934 1942 Trebatii

191 1951 314 1993 juisse.

249 1996 440 2034 Buttonius,
455 1996 527 2027 Att.
551 1998 593 2026 vi.
617 1999 647 2027 8.
678 1998 805 2028 amicus
828 1997 934 2028 Attici

202 2043 242 2070 et
258 2040 440 2070 Ciceronis,

248 2083 299 2114 M
310 2084 463 2122 Bebrius,
473 2083 606 2114 Cluent.
623 2084 672 2115 16.
685 2085 826 2116 Senator
837 2085 934 2117 Rom.

249 2125 481 2167 Bellerophon,
497 2127 596 2158 Tusc.
613 2128 660 2157 iii.
678 2128 730 2159 26.

255 2171 290 2202 C.
301 2171 431 2201 Annius
442 2171 625 2209 Bellienus,
639 2171 735 2202 Font.
747 2183 775 2202 c.
785 2175 816 2203 4.
833 2172 936 2203 Hunc

205 2223 272 2244 non
294 2215 461 2244 diversum
484 2225 506 2246 α
531 2215 569 2245 C.
591 2214 736 2245 Billieno
771 2218 813 2255 (v.
837 2216 931 2256 infir.)

201 2262 306 2299 putat
338 2257 514 2288 Trmunus
549 2259 668 2289 Comm.
701 2257 738 2289 T.
771 2260 799 2290 I.
821 2270 857 2299 p.
883 2265 934 2295 90.

207 2302 294 2341 quod
322 2303 403 2331 mihi
425 2306 606 2342 temporum
635 2303 722 2333 ratio
744 2305 937 2344 permittere

206 2354 273 2374 non
287 2345 427 2375 videtur.
474 2347 547 2376 ,Nec
567 2356 682 2376 verum
704 2351 762 2385 est,
779 2357 853 2377 eum
877 2349 936 2378 Iea-

209 2389 314 2419 buisse
328 2389 475 2418 duarum
489 2391 639 2428 gentium
655 2392 789 2421 nomina
798 2402 862 2432 per
877 2391 936 2421 ad-

207 2433 376 2471 optionem.
400 2432 571 2463 Bellienus
592 2438 640 2463 est
653 2436 844 2472 cognomen?
864 2436 938 2466 Nec

205 2476 346 2515 demque
360 2475 545 2506 Betilienus
556 2478 775 2516 reponendum
786 2489 850 2518 pro
862 2478 936 2508 Bel-

207 2518 332 2556 lienus,
348 2520 407 2549 etsz·
428 2521 462 2549 z'n
479 2529 578 2550 numo
593 2523 747 2560 occurrit,
763 2527 795 2552 et
810 2522 938 2553 Senecoe

206 2563 410 2592 reddendum
441 2564 583 2594 videtur.
630 2565 672 2595 Ν
671 2566 745 2596 imis
770 2575 853 2605 sape
882 2568 938 2596 Ιιοο

202 2615 326 2636 >nomen
342 2608 376 2636 in
392 2607 482 2636 libris
495 2609 645 2638 aecum-it.

256 2649 298 2680 L.
322 2649 505 2688 Bellienus,
521 2651 604 2682 Phil.
630 2651 663 2681 ii.
681 2652 734 2682 36.
766 2652 938 2692 Pompeia-

211 2702 289 2730 nus,
307 2694 402 2732 cujus
425 2693 542 2724 domus
565 2699 642 2735 post
657 2695 783 2726 caedem
800 2696 939 2728 Caesaris

211 2736 351 2766 incensa
365 2741 416 2767 est
432 2745 465 2767 et
481 2737 687 2778 deflagravit.

257 2779 440 2818 Bellienus,
458 2780 500 2810 ad
517 2781 648 2812 Divers.
664 2782 733 2813 viii.
755 2786 804 2814 15.
837 2793 941 2815 verna

211 2822 390 2854 Demetrii.
438 2825 524 2855 Cum
547 2826 702 2865 praesidio
725 2833 777 2856 est
789 2826 940 2858 Inteme-

194 2866 258 2899 mi.
305 2867 333 2898 A
348 2877 414 2908 quo
429 2868 516 2901 forte
532 2878 601 2901 non
617 2869 764 2902 diversus
781 2878 832 2902 est
848 2871 934 2905 alter

1009 294 1127 334 Belus,
1140 296 1219 327 Nat.
1237 296 1280 326 D.
1296 295 1342 325 iii.
1359 295 1408 325 16.
1433 294 1595 326 Indorum
1606 295 1694 327 Her·

966 338 1068 370 cules.

1011 383 1053 413 L.
1070 382 1184 414 Bestia
1198 392 1215 413 e
1236 382 1424 422 Calpurniis
1438 381 1534 412 Brut.
1552 385 1604 413 34.
1634 381 1695 412 bo-

968 436 1031 456 nus
1059 427 1215 456 tribunus
1246 426 1368 463 Plebis,
1399 425 1566 466 Popilium
1605 435 1625 456 a
1653 425 1694 457 C.

969 469 1118 499 Graccho
1135 469 1309 509 expulsum
1325 479 1385 500 sua
1408 469 1581 509 rogatione
1597 468 1695 500 resti-

968 513 1050 550 tuit,
1081 518 1157 553 post
1193 513 1405 544 consulatum
1436 522 1612 553 oppressus
1643 515 1696 543 est

970 556 1042 595 lege
1066 556 1228 587 Mamilia.
1255 557 1312 587 Or.
1337 558 1370 587 ii.
1396 560 1448 591 70.
1481 567 1502 587 a
1524 556 1562 587 C.
1585 556 1695 587 Mem·

971 600 1038 630 mio
1075 607 1262 630 accusatur.
1299 600 1414 631 Bestia
1443 604 1490 630 est
1519 608 1695 639 cognomen

971 643 1321 683 Calpurniaefamilc'oe.

1013 687 1142 724 Bestia,
1160 686 1244 717 Phil.
1262 687 1330 717 xiii.
1351 689 1401 717 12.
1417 686 1498 717 Coel.
1519 690 1568 718 ll.
1596 696 1695 717 accu-

970 738 1063 762 satur
1078 732 1117 761 dc
1132 732 1275 768 ambitu,
1292 732 1326 760 in
1352 731 1513 770 petitione
1529 735 1696 770 praeturae.

969 775 1161 805 defenditur
1191 785 1210 804 a
1233 776 1406 805 Cicerone.
1441 774 1505 814 Ωιι.
1529 773 1581 804 Fr.
1606 774 1641 804 ii.
1664 777 1696 805 3.

969 818 1055 849 Phil.
1073 820 1127 848 xii.
1145 822 1176 849 Β.
1207 824 1241 848 et
1258 818 1342 848 Phil.
1358 819 1403 848 xi.
1421 821 1450 849 5.
1481 816 1696 849 consulatum

969 863 1003 892 in
1014 862 1111 892 Bruti
1126 862 1236 892 locum
1253 863 1352 902 petit.

1015 906 1053 936 T.
1063 905 1232 943 Betucius,
1243 906 1380 936 Burrus
1387 906 1531 936 Asculum
1536 914 1585 934 us.
1600 904 1698 935 Brut.

969 950 1022 980 46.
1051 949 1179 988 aliquot
1194 951 1400 980 orationibus
1423 948 1536 979 Asculi
1560 948 1698 986 habitis,

969 998 1003 1022 et
1020 1003 1089 1022 una
1104 993 1218 1023 Romae
1238 998 1356 1023 contra
1379 993 1585 1032 Caepionem,
1603 992 1698 1022 nobi-

969 1036 1022 1073 lis,
1039 1037 1093 1066 cui
1110 1037 1275 1076 Caepionis
1291 1047 1346 1067 ore
1363 1036 1534 1077 respondit
1548 1035 1666 1066 AElius.

1013 1079 1111 1117 Bias,
1142 1080 1258 1110 Parad.
1289 1081 1311 1110 i.
1342 1080 1460 1111 Priene
1492 1080 1611 1119 patria.
1655 1079 1696 1109 de

970 1124 1078 1154 Amic.
1098 1124 1146 1154 16.
1163 1134 1180 1154 e
1197 1131 1325 1164 septem
1342 1124 1566 1164 Sapientibus.

1013 1167 1063 1198 M.
1079 1168 1235 1205 Bibulus,
1251 1167 1323 1197 Att.
1340 1168 1361 1198 i.
1383 1171 1431 1202 17.
1459 1167 1598 1197 Caesaris
1614 1167 1698 1197 ami-

970 1212 1084 1241 citiani
1118 1213 1250 1250 quaerit,
1281 1211 1443 1242 aedilitate
1480 1215 1515 1240 et
1550 1218 1700 1251 praetura

971 1255 1142 1291 omissam,
1173 1263 1212 1285 ut
1249 1255 1462 1286 consulatum
1497 1264 1537 1285 eo
1565 1254 1698 1285 facilius

971 1307 1206 1338 consequatur.
1251 1299 1332 1329 Har.
1354 1299 1455 1338 Resp.
1478 1299 1531 1330 23.
1569 1299 1700 1328 Caesare

971 1342 1100 1382 collega
1115 1343 1150 1372 in
1168 1342 1354 1373 Consulatu
1369 1342 1459 1382 leges
1471 1342 1700 1372 ferentesem-

971 1397 1031 1427 per
1060 1391 1168 1416 servat
1199 1387 1238 1416 de
1264 1386 1358 1422 coelo.
1381 1386 1481 1417 Dom.
1511 1388 1560 1417 15.
1590 1389 1703 1416 servat

972 1431 1012 1461 de
1044 1430 1139 1468 coelo,
1171 1441 1248 1460 cum
1287 1430 1399 1460 Caesar
1434 1430 1474 1460 de
1510 1429 1703 1469 adoptando

974 1474 1089 1505 Clodio
1113 1473 1222 1513 legem
1246 1474 1419 1504 Curiatam
1443 1473 1521 1504 fert.
1538 1472 1652 1503 Vatin.
1668 1477 1700 1508 9.

971 1517 1126 1548 Vatinius
1141 1518 1218 1548 trib.
1236 1517 1282 1558 pl.
1304 1517 1483 1548 Consulem
1507 1517 1543 1547 in
1567 1516 1703 1547 vincula

973 1562 1079 1599 ducit,
1102 1562 1237 1600 reliquis
1266 1561 1410 1591 tribunis
1434 1561 1525 1591 mitti
1549 1561 1704 1599 jubenti-

972 1606 1045 1636 bus.
1061 1606 1133 1635 Att.
1149 1606 1184 1635 ii.
1205 1609 1252 1639 19.
1275 1606 1346 1645 ejus
1362 1605 1494 1641 edictis,
1511 1613 1584 1643 quae
1601 1604 1703 1635 domo

973 1649 1105 1680 abditus
1121 1650 1199 1690 (vim
1215 1650 1476 1680 Coesarianorum
1485 1648 1615 1686 timens)
1630 1647 1705 1686 dat,

973 1694 1128 1723 irascitur
1143 1694 1336 1733 Pompeius,
1352 1692 1438 1731 quod
1463 1692 1501 1722 iis
1524 1691 1705 1723 laceratur.

974 1739 1027 1769 21.
1044 1737 1084 1767 In
1102 1738 1267 1767 Caesarem
1284 1737 1404 1766 acerba
1413 1735 1530 1766 edicta
1544 1735 1615 1773 dat,
1627 1744 1703 1774 quae

974 1781 1052 1811 inde
1074 1781 1281 1811 Archilochia
1307 1780 1478 1817 dicuntur,
1502 1779 1626 1820 populo
1648 1789 1705 1813 ve-

975 1825 1152 1854 hementer
1174 1829 1280 1864 grata.
1303 1824 1404 1855 Dom.
1427 1824 1480 1855 26.
1514 1830 1640 1861 censet,
1663 1827 1705 1853 ut

975 1868 1151 1909 pontifices
1168 1868 1207 1898 de
1224 1868 1322 1898 domo
1347 1867 1516 1898 Ciceronis
1539 1871 1706 1898 statuant.

975 1912 1018 1942 ad
1032 1912 1110 1943 Div.
1126 1923 1177 1942 xv.
1197 1916 1224 1942 l.
1251 1911 1433 1942 Proconsul
1449 1911 1562 1951 Syriae.
1576 1911 1635 1941 xii.
1654 1914 1706 1945 19.

977 1966 1077 1995 quam
1094 1956 1152 1985 diu
1168 1954 1283 1985 Parthi
1299 1956 1335 1985 in
1347 1955 1519 1995 provinc-ia
1529 1955 1600 1992 ejus
1611 1958 1706 1993 sunt,

976 1999 1156 2029 Antiochia
1178 2009 1212 2030 se
1235 2003 1344 2036 tenet,
1367 1999 1449 2029 urbe
1472 1999 1615 2029 munita.
1638 1998 1706 2029 viii.

977 2044 1008 2074 6.
1040 2048 1158 2073 eontra
1179 2043 1318 2073 Parthos
1342 2042 1428 2073 male
1445 2049 1585 2082 pugnat.
1600 2041 1636 2072 ii.
1656 2045 1706 2076 17.

978 2087 1131 2117 Ciceroni
1170 2086 1360 2127 proconsuli
1401 2086 1528 2116 Ciliciae
1566 2085 1707 2116 invidet.

977 2129 1073 2161 Brut.
1102 2135 1120 2165 7
1125 2134 1155 2164 7.
1187 2130 1389 2171 scriptitavit
1414 2134 1582 2160 accurate.
1610 2128 1706 2161 Bello

978 2175 1065 2204 civili
1083 2174 1193 2214 periit.

1021 2217 1188 2255 Baianus,
1211 2217 1253 2248 ad
1275 2217 1351 2248 Div.
1373 2217 1440 2247 xvi.
1457 2218 1510 2248 22.
1541 2216 1628 2248 idem
1651 2217 1708 2257 qui

977 2261 1160 2298 Bellienus,
1177 2263 1233 2292 ubi
1245 2271 1277 2291 v.

1026 2306 1060 2336 C.
1085 2305 1250 2342 Bilienus,
1275 2304 1372 2335 Brut.
1398 2307 1452 2338 47.
1490 2303 1627 2343 aequalis
1657 2303 1708 2336 M.

977 2349 1074 2379 Bruti
1089 2349 1178 2380 Jcti.
1208 2348 1376 2378 laudatur.
1390 2358 1422 2378 v.
1438 2349 1513 2378 ibid.

1023 2393 1062 2423 A.
1079 2391 1236 2430 Binnius,
1254 2391 1388 2422 Cluent.
1407 2395 1460 2426 59.
1487 2401 1570 2431 copo
1594 2391 1635 2423 ‹le
1654 2391 1709 2422 via

980 2436 1112 2466 Latina.

1023 2481 1123 2518 Bion,
1144 2479 1244 2510 Tusc.
1268 2479 1314 2509 iii.
1339 2478 1393 2510 26.
1431 2478 1502 2518 ejus
1525 2479 1711 2520 apophthe-

1003 2534 1069 2554 ma.

979 2534 1002 2564 g
1024 2567 1236 2606 Bithynicus,
1253 2566 1294 2596 ad
1313 2566 1388 2596 Div.
1406 2566 1448 2596 vi.
1469 2566 1518 2596 16.
1553 2567 1711 2597 Coesaaeia-

980 2621 1044 2641 nus
1067 2621 1084 2641 e
1103 2614 1202 2650 gente
1226 2610 1397 2650 Pompeia,
1409 2609 1468 2650 fil.
1492 2609 1536 2651 ῼ.
1559 2609 1712 2650 Pompeii

982 2654 1165 2694 Bithynia,
1181 2654 1222 2685 A.
1239 2655 1286 2685 N.
1302 2665 1323 2684 α
1337 2653 1498 2692 Bithynia
1521 2654 1640 2691 dictus,
1655 2654 1711 2684 de-

981 2700 1069 2728 victa
1097 2709 1120 2729 a
1147 2702 1255 2738 patre.
1285 2697 1367 2727 Post
1404 2702 1539 2727 mortem
1574 2697 1712 2728 Caesmis

984 2740 1106 2772 Sicilia>
1116 2740 1331 2781 proetorfuz't.

1027 2785 1252 2823 Βὶὶοη,Τυ.ςο.
1267 2785 1290 2814 i.
1305 2787 1358 2819 47.
1383 2785 1488 2825 pietas
1504 2785 1540 2815 in
1552 2789 1713 2823 matrem,

984 2839 1074 2860 mors
1091 2829 1233 2869 placida.
1251 2828 1382 2859 Cleobis
1398 2828 1516 2859 frater.

1031 2872 1241 2907 Blandem'us
1257 2872 1577 2915 Zeuxis‚ad2.F1-.
1592 2872 1615 2905 i.
1631 2873 1663 2905 2.
1679 2871 1713 2904 2.
