1790 3219
163 59 249 97 468

678 66 825 95 INDEX
863 62 1160 96 LATINi'rATIS.

166 156 224 187 nio
256 157 317 186 est.
362 153 428 185 Sed
456 153 557 185 lectio
591 158 644 186 est
673 162 839 197 suspecta.
877 166 908 186 v.
950 156 1166 198 perfidiosum
1183 158 1216 186 et
1232 155 1374 196 impium
1388 153 1546 186 fateatur.

171 202 242 230 not.

217 242 350 273 Vallum
373 251 399 272 s.
418 241 544 273 Vallus.
576 243 827 274 munimentum
849 243 912 274 cir-

172 296 212 317 ca
229 291 350 323 castra,
368 286 456 325 quod
471 287 511 316 tit
527 285 624 327 palis,
639 288 696 326 qui
712 291 747 317 et
762 287 839 317 valli
865 287 914 317 di·

174 334 317 360 cuntur:
351 329 438 359 unde
461 329 631 370 elegantes
658 330 790 361 dicendi
813 332 914 362 ratio-

173 382 243 404 nes.
275 374 317 404 N.
341 373 382 404 Β.
400 374 434 404 ii.
453 377 504 408 57.
535 375 675 404 munitae
699 377 778 404 sunt
801 374 914 414 palpes

176 418 243 448 brae
258 423 432 456 tamqnam
449 419 532 448 vallo
554 417 708 457 pilorum.
755 417 914 447 Ceterum

175 461 265 500 quod
286 460 453 492 Victorius
476 461 553 492 Var.
576 461 670 492 Lect.
695 461 773 491 xxii.
795 460 843 490 16.
875 470 914 490 ex

173 504 237 535 hoc
261 504 334 534 loco
357 505 494 544 corrigit
518 505 778 544 Xenophontem
811 503 915 534 Mem.

175 549 267 579 Socr.
286 549 307 578 i.
323 551 354 579 4.
371 549 401 579 6.
432 548 466 579 id
489 549 749 588 improbavimus
773 547 814 576 ad
837 556 915 577 eum

172 591 300 623 locum.
339 593 422 622 Cato
449 595 498 622 15.
527 591 640 622 fundit
665 591 796 630 frugem
820 591 915 630 spici,

173 635 290 666 ordine
318 640 496 672 structam,
520 640 555 664 et
580 639 698 664 contra
718 634 830 664 avium
853 635 916 664 mi-

177 689 297 710 norum
338 689 466 709 morsus
504 679 658 708 munitur
686 679 773 708 vallo
799 677 916 708 arista-

174 733 262 753 rum.
310 723 431 753 Utrum
447 722 481 752 hi
499 721 632 752 ablativi
656 721 724 752 sint
744 731 763 751 a
777 723 916 758 vallum,

175 776 218 797 an
241 768 361 803 vallus,
387 766 551 806 disputat,
567 770 602 795 et
624 774 684 805 pro
707 765 827 795 ultimo
850 771 918 796 stat

174 811 318 840 Gronov.
336 809 415 840 Obs.
432 810 479 840 iii.
499 812 548 840 18.
579 819 678 848 quem
701 809 866 848 sequitur,
883 813 918 838 et

172 854 223 884 bis
249 855 358 884 vallus
386 862 446 893 pro
472 855 599 884 vallum
631 853 750 892 recipit
773 862 825 893 ap.
841 853 919 882 Ovi-

174 897 267 927 dium
300 896 459 927 Heinsius
482 896 522 927 A.
544 897 566 927 i.
594 898 645 934 14,
667 899 714 927 15.
745 897 827 927 Met.
852 896 919 926 viii.

174 941 250 971 286.
297 940 383 971 Mihi
413 947 596 980 utrumque
625 947 754 970 rectum
777 940 919 970 videtur.

174 984 279 1022 Nam,
295 984 384 1024 quod
407 983 591 1014 Gronovius
615 984 684 1024 ipse
706 993 828 1024 negare
852 992 918 1014 non

177 1027 293 1065 audet,
309 1027 432 1058 vallum
450 1036 502 1058 est
518 1038 537 1058 a
551 1026 635 1067 palis
654 1027 796 1065 dictum,
812 1028 868 1066 qui
884 1031 920 1057 et

175 1072 257 1102 valli
279 1075 369 1101 sunt.
400 1071 519 1102 deinde
541 1073 668 1101 vallum
690 1081 749 1111 pro
769 1066 918 1112 pluribu's

175 1115 261 1155 palis
284 1115 407 1145 dicitur
430 1114 525 1145 Floro
548 1115 581 1145 ii.
599 1118 648 1146 18.
678 1115 764 1146 ferre
788 1114 919 1155 plenius

174 1160 301 1189 vallum
312 1159 530 1199 jubebantur,
546 1160 603 1198 qui
618 1168 711 1189 arma
730 1159 918 1189 nescirent:

175 1202 219 1233 ad
242 1212 339 1242 quem
365 1201 476 1232 locum
499 1202 658 1233 Dukerus
682 1202 765 1232 mihi
787 1202 921 1232 videtur

175 1255 298 1284 errare,
316 1247 372 1285 qui
397 1248 452 1276 hoc
474 1248 600 1276 vallum
623 1246 704 1276 dicit
720 1245 919 1276 insolentius

174 1289 241 1319 dici
271 1299 331 1329 pro
361 1291 413 1320 hic
442 1291 559 1320 vallus.
621 1289 682 1320 Est
709 1290 799 1320 enim
830 1290 921 1330 apud

175 1331 249 1363 Liv.
266 1333 334 1363 viii.
350 1336 402 1365 38.
433 1333 475 1363 ad
491 1343 590 1372 quem
607 1333 716 1363 locum
734 1333 799 1363 vid.
816 1334 920 1363 etiam

174 1375 350 1407 Drakenb.
397 1376 555 1407 Ceterum
578 1378 658 1407 valli
680 1376 823 1407 Romani
846 1377 919 1407 bre-

173 1428 250 1450 vem
268 1424 303 1450 et
322 1424 513 1451 accuratam
530 1420 788 1461 descriptionem
805 1419 920 1460 legant

172 1463 299 1494 tirones
316 1473 367 1503 ap.
383 1463 462 1494 Livj
472 1465 584 1494 xxxiii.
601 1467 631 1495 5.
665 1467 684 1485 ²*
697 1463 767 1495 Att.
784 1465 848 1494 xvi.
870 1468 918 1495 11.

174 1507 252 1537 Sine
281 1509 367 1538 vallo
395 1507 583 1538 Luciliano.
614 1508 636 1538 i.
666 1518 696 1538 e.
722 1509 795 1539 sine
825 1518 920 1538 exce-

173 1551 309 1591 ptione:
349 1554 388 1581 ut
418 1552 502 1582 bene
541 1551 717 1582 Corradus.
769 1551 918 1582 Lucilius

174 1594 321 1632 dicebat,
337 1605 372 1625 se
389 1595 476 1625 nolle
494 1595 534 1625 ab
549 1595 704 1625 omnibus
720 1595 797 1634 legi.
842 1595 920 1626 Per-

174 1637 264 1667 sium
280 1648 348 1668 non
364 1648 444 1669 curo
466 1638 590 1678 legere,
605 1639 649 1669 D.
666 1638 809 1669 Laelium
833 1639 917 1670 volo.

174 1680 285 1720 Igitur
307 1681 401 1719 dicit,
424 1692 458 1712 se
481 1682 530 1712 ita
551 1682 769 1722 scripturum,
787 1687 825 1712 ut
847 1693 918 1713 om-

174 1733 233 1755 nes
257 1725 329 1755 sine
353 1725 549 1765 exceptione
572 1725 681 1765 legere
704 1727 846 1766 possint,
869 1731 920 1757 et-

174 1769 243 1799 iam
273 1769 349 1799 Sica
374 1774 409 1799 et
433 1769 607 1809 Septimia.
655 1769 774 1800 Cetera
803 1771 838 1800 in
866 1771 920 1802 ed.

174 1812 311 1842 Gruteri
348 1813 544 1852 sequacibus
582 1812 694 1844 editur
730 1814 812 1851 sillo,
851 1823 920 1845 non

173 1857 268 1886 vallo.

222 1899 360 1930 Vanitas
383 1899 507 1930 dicitur
522 1900 561 1930 de
577 1901 733 1931 omnibus
753 1901 792 1932 iis
808 1901 919 1939 rebus,

175 1952 250 1983 quae
271 1942 398 1974 habent
411 1944 555 1984 speciem
574 1945 722 1983 inanem,
738 1955 758 1974 a
779 1946 919 1976 veritate

176 1986 336 2024 alienam,
363 1992 414 2025 ut,
441 1987 481 2017 de
507 1987 692 2018 mendacio.
730 1988 795 2019 Off.
820 1989 841 2019 i.
865 1991 918 2020 42.

175 2029 264 2060 nihil
293 2031 487 2071 proficiunt,
519 2031 583 2061 nisi
613 2031 795 2063 admodum
825 2042 920 2063 men-

174 2074 320 2112 tiantur,
338 2084 400 2104 nec
422 2084 499 2105 vero
522 2079 573 2105 est
593 2076 725 2115 turpius
740 2076 920 2116 quicquam

175 2118 745 2157 vanitata—mereatura—multis,
767 2120 838 2150 sine
862 2129 921 2151 va-

176 2162 282 2192 nitate
304 2162 512 2202 impertiens.
542 2163 607 2193 Off.
630 2163 676 2193 iii.
704 2166 753 2194 14.
783 2163 871 2203 quod
893 2165 920 2194 si

177 2205 390 2246 vituperandi
428 2210 508 2236 sunt
537 2206 573 2243 ii,
603 2207 658 2245 qui
690 2207 920 2246 reticuerunt3

179 2249 261 2288 quid
283 2249 324 2279 de
347 2249 387 2279 iis
410 2250 671 2280 existimandum
694 2254 759 2288 est,
776 2252 833 2290 qui
849 2261 922 2281 ora-

178 2292 281 2322 tionis
310 2294 490 2323 vanz'tatem
520 2293 768 2325 adhibuerunt?
805 2294 845 2325 de
872 2305 923 2325 as-

180 2336 388 2366 sentatione:
414 2335 496 2367 Laer.
511 2338 564 2368 25.
588 2337 688 2368 multi
704 2343 818 2368 autem
834 2339 923 2369 Gna-

179 2377 325 2409 thonum
340 2380 477 2418 similes,
495 2390 574 2410 cum
590 2381 659 2411 sint
673 2381 758 2419 loco,
773 2382 922 2420 fortuna,

179 2421 272 2452 fama
294 2424 500 2463 superiores:
524 2424 645 2455 horum
667 2429 718 2455 est
741 2427 924 2456 assentatio

182 2465 334 2505 molesta,
351 2477 428 2497 cum
453 2467 495 2497 ad
510 2470 688 2499 vanitatem
705 2470 844 2499 accessit
867 2479 925 2500 au-

181 2510 331 2540 ctoritas.
362 2510 401 2540 de
418 2521 547 2541 errore:
571 2511 672 2542 Tuse.
688 2512 735 2542 iii.
755 2515 783 2543 1.
805 2514 855 2542 ita
870 2523 925 2543 va-

182 2553 239 2582 riis
256 2554 439 2584 imbuimur
461 2555 638 2593 erroribus,
656 2561 695 2586 ut
716 2557 857 2587 vanitati
871 2566 926 2586 ve-

181 2596 276 2634 ritas,
309 2601 344 2626 et
373 2598 522 2638 opinioni
559 2599 766 2630 confirmatae
805 2604 927 2631 natura

181 2639 254 2679 ipsa
270 2639 377 2670 cedat.

229 2682 353 2720 Vanus,
369 2683 522 2715 mendax.
549 2685 667 2725 Quint.
685 2687 717 2717 6.
743 2687 769 2716 si
785 2688 926 2718 veritate

182 2727 345 2765 amicitia,
369 2727 433 2757 fide
455 2728 608 2766 societas,
634 2730 761 2769 pietate
789 2730 923 2771 propiu-

181 2770 305 2808 quitas,
329 2769 470 2810 eolitur3
503 2780 638 2803 necesse
666 2777 730 2810 est,
754 2774 811 2813 qui
843 2776 926 2805 ami-

181 2822 272 2852 cum,
299 2814 440 2852 socium,
467 2815 613 2853 affinem,
636 2823 727 2847 tama
753 2827 792 2848 ae
819 2818 926 2849 fortu-

182 2857 234 2888 nis
259 2857 402 2901 spoliare
429 2863 570 2890 conatus
593 2863 656 2898 est,
678 2870 805 2892 vanum
828 2871 864 2894 se
891 2866 925 2893 et

1000 200 1218 240 Vaporarium
1240 204 1291 229 est
1313 199 1569 239 hypocaustum,
1585 207 1610 228 s.
1629 195 1697 228 for-

955 253 1033 281 nax,
1049 245 1084 274 in
1106 253 1172 283 qua
1191 243 1276 282 ignis
1293 251 1387 282 aquae
1404 241 1635 272 calefaciendae
1660 242 1695 272 in

955 287 1081 317 balneis
1097 287 1321 318 succenditur.
1339 285 1380 316 ad
1395 285 1436 326 Ω.
1452 285 1503 315 Fr.
1520 285 1566 315 iii.
1579 288 1606 315 1.
1622 294 1651 315 c.
1666 287 1694 315 1.

955 332 1180 370 vaporarium,
1196 341 1236 360 ex
1253 340 1317 369 quo
1333 329 1420 369 ignis
1439 329 1597 369 erumpit.
1627 327 1695 358 vid.

956 374 1134 405 Philander
1157 374 1198 404 ad
1219 374 1348 404 Vitruv.
1373 382 1403 404 v.
1428 375 1476 403 10.
1508 371 1574 402 Sed
1596 370 1699 403 Scali-

957 427 1015 456 ger
1045 417 1088 447 ad
1118 417 1242 449 Catull.
1266 427 1319 457 ep.
1345 417 1375 447 6.
1413 416 1530 446 verba:
1562 424 1603 445 ex
1632 423 1699 454 quo

957 461 1043 499 ignis
1058 462 1219 501 erumpit,
1235 471 1295 501 pro
1311 460 1508 500 glossemate
1531 458 1647 496 habet,
1662 461 1699 488 et

956 509 1065 534 totum
1083 503 1193 534 locum
1210 504 1306 535 aliter
1320 503 1507 534 constituit.

1004 547 1155 585 Variare,
1178 557 1308 586 ornare,
1333 548 1549 587 distinguere.
1584 545 1642 577 Or.
1666 545 1702 575 ii.

958 595 989 625 9.
1013 591 1154 621 oratoris
1169 598 1220 621 est
1234 591 1377 621 formare
1393 591 1593 628 orationem,
1609 597 1702 621 eam-

959 644 1022 674 que
1051 635 1186 665 variare
1211 637 1246 664 et
1267 634 1486 674 distinguere,
1511 633 1604 673 quasi
1627 632 1703 672 qui·

958 678 1099 708 busdam
1122 678 1296 708 verborum
1319 679 1630 716 sententiarumque
1650 677 1701 706 in-

959 722 1120 761 signibus.
1158 721 1237 751 ibid.
1261 721 1308 751 iii.
1330 722 1384 752 26.
1420 722 1554 751 variare
1579 720 1704 751 oratio·

959 775 1038 796 nem
1054 766 1244 796 sententiis.
1260 764 1322 795 *ad
1332 765 1373 805 Ω.
1387 764 1439 795 Fr.
1450 765 1471 794 i.
1484 767 1593 798 1.c.7.
1609 773 1701 794 seve-

959 810 1040 840 ritas
1056 811 1209 840 variatur
1225 809 1349 848 gratia:
1375 808 1408 838 h.
1424 817 1453 839 e.
1477 807 1587 847 gratia
1607 807 1703 844 facit,

960 858 1001 883 ut
1015 854 1049 883 in
1066 853 1274 884 decernendo
1297 857 1421 893 praetor
1439 850 1702 891 aequabilitatem

960 896 1102 927 deserat.
1133 907 1164 927 v.
1179 897 1303 934 varius,
1321 896 1473 926 varietas.
1502 898 1522 917 *-
1535 894 1654 925 ΜὶΙοη.
1671 897 1703 926 3.

959 942 1098 971 variatis
1126 940 1302 972 hominum
1333 939 1524 976 sententiis,
1553 948 1614 979 pro
1646 947 1703 968 va-

960 984 1137 1014 riantibus.
1167 984 1320 1014 homines
1343 984 1448 1021 enim,
1464 982 1649 1013 sententias
1667 986 1704 1012 et

960 1028 1118 1067 suffragia
1133 1027 1292 1058 dicuntur
1312 1029 1458 1064 variare,
1475 1036 1553 1057 cum
1577 1035 1644 1056 non
1667 1026 1704 1056 in

961 1071 1102 1102 eandem
1119 1075 1199 1102 sunt
1214 1075 1356 1111 partem.
1379 1071 1432 1101 Sic
1445 1070 1519 1101 Liv.
1534 1080 1631 1100 xxxv.
1649 1072 1702 1101 31.

960 1116 1022 1146 sub
1045 1115 1132 1145 hanc
1155 1125 1270 1145 vocem
1293 1114 1448 1145 fremitus
1474 1113 1703 1144 multitudinis

938 1160 1124 1193 ,variantis
1152 1158 1229 1196 fuit,
1256 1158 1379 1198 partim
1411 1161 1598 1195 assensum,
1628 1167 1705 1198 par-

960 1203 1024 1233 tim
1041 1203 1317 1242 indignationem.
1348 1201 1390 1232 ad
1412 1210 1511 1241 quem
1535 1201 1646 1232 locum
1671 1211 1701 1231 v.

961 1246 1105 1277 Gronov.
1128 1246 1208 1276 ibid.
1224 1246 1244 1275 i.
1261 1248 1314 1277 43.
1345 1246 1475 1285 equites
1497 1245 1705 1275 vocabantur

960 1291 1074 1330 primi,
1111 1290 1285 1329 octoginta
1321 1289 1399 1320 inde
1437 1290 1555 1330 primae
1590 1287 1703 1319 classis

962 1334 1143 1364 Centuriae.
1175 1334 1219 1364 ibi
1235 1334 1262 1363 si
1276 1335 1437 1371 variaret,
1454 1333 1542 1372 quod
1555 1342 1630 1363 raro
1653 1332 1705 1363 in-

961 1378 1104 1415 cidebat,
1122 1382 1162 1408 ut
1184 1377 1340 1408 secundae
1363 1377 1476 1407 classis
1491 1380 1704 1413 vocarentur,

961 1422 1024 1452 int.
1039 1422 1216 1461 suffragiis,
1233 1425 1272 1451 ut
1286 1421 1364 1451 xxii.
1379 1421 1431 1451 60.
1463 1420 1508 1450 ibi
1528 1429 1607 1450 cum
1629 1429 1705 1450 sen-

959 1465 1078 1495 tentiis
1092 1466 1293 1496 varim-etur.
1322 1465 1494 1495 Dicuntur
1509 1465 1612 1494 etiam
1628 1472 1704 1494 sen·

959 1509 1078 1539 tentiae
1094 1510 1213 1539 variari
1228 1508 1340 1547 aliqua
1356 1518 1404 1546 re,
1421 1512 1481 1538 aut
1504 1517 1554 1538 res
1577 1507 1706 1538 variare

960 1554 1160 1590 sententias,
1183 1557 1223 1583 ut
1248 1562 1302 1592 ap.
1324 1551 1395 1582 Liv.
1419 1552 1454 1582 ii.
1478 1554 1530 1586 57.
1561 1561 1639 1582 eum
1661 1551 1707 1581 ti-

961 1606 1035 1626 mor
1060 1600 1160 1636 atque
1187 1597 1236 1626 ira
1262 1597 1404 1626 invicem
1436 1596 1621 1626 sententias
1645 1604 1707 1625 va-

961 1641 1110 1671 riassent.
1151 1640 1215 1670 Sed
1230 1640 1407 1670 sententiae
1421 1641 1558 1670 variatae
1573 1649 1633 1680 pro
1649 1649 1705 1669 va-

960 1684 1018 1713 riae
1045 1684 1122 1721 dici,
1146 1683 1347 1714 inusitatum
1375 1687 1439 1720 est,
1462 1682 1520 1713 ubi
1550 1682 1644 1727 nulla
1667 1683 1706 1713 fit

961 1728 1008 1757 rei
1025 1728 1166 1766 mentio,
1185 1736 1259 1766 quae
1274 1737 1329 1757 eas
1342 1726 1450 1757 varias
1466 1726 1624 1758 effecerit.

1006 1771 1139 1802 Varices
1161 1776 1242 1801 sunt
1266 1780 1360 1801 venae
1383 1771 1646 1801 intumescentes
1670 1770 1706 1801 in

962 1815 1126 1853 cruribus,
1157 1815 1216 1845 sed
1249 1814 1420 1845 interdum
1449 1818 1567 1844 tamen
1601 1810 1706 1844 et'iam

961 1860 996 1889 in
1033 1863 1170 1898 ventre;
1211 1857 1251 1888 de
1288 1868 1428 1898 quarum
1467 1858 1639 1889 curatione
1674 1867 1706 1888 v.

963 1902 1098 1933 Celsum
1115 1903 1169 1933 vii.
1186 1905 1239 1934 31.
1264 1901 1365 1932 Tusc.
1381 1902 1415 1933 ii.
1436 1905 1485 1933 15.
1515 1902 1640 1933 varices
1654 1911 1706 1932 se-

962 1956 1049 1977 care.

1008 1989 1118 2028 Varie,
1135 1989 1279 2030 copiose,
1295 1990 1424 2020 ornate.
1454 1989 1511 2020 Or.
1529 1989 1548 2020 i.
1570 1992 1620 2021 13.
1648 1999 1707 2020 va-

961 2035 1010 2064 rie
1024 2034 1145 2065 dicere.
1175 2034 1194 2052 ²¹*
1204 2035 1238 2064 in
1253 2033 1324 2064 foro
1340 2034 1521 2074 opponitur
1537 2035 1579 2074 τῷ
1594 2043 1706 2074 aequa-

962 2077 1084 2108 biliter.
1119 2077 1213 2108 Verr.
1244 2078 1287 2108 iv.
1311 2078 1364 2109 65.
1399 2078 1491 2108 varie
1515 2076 1706 2108 decernere.

962 2121 1088 2152 *variis
1103 2121 1143 2152 de
1161 2122 1281 2153 causis.
1304 2121 1386 2152 Coel.
1399 2123 1430 2152 2.
1452 2122 1544 2151 varie
1557 2120 1707 2161 objectus

964 2169 1015 2196 est
1028 2170 1136 2205 pater.

1010 2209 1172 2240 Varietas.
1198 2208 1270 2239 Fin.
1294 2209 1329 2238 ii.
1346 2211 1378 2240 3.
1407 2209 1551 2243 varietas
1573 2208 1705 2248 proprie

964 2253 1099 2292 quidem
1124 2254 1159 2283 in
1178 2252 1364 2292 disparibus
1387 2252 1552 2282 coloribus
1568 2251 1706 2290 dicitur,

964 2297 1022 2327 sed
1033 2296 1236 2327 transfertur
1247 2297 1281 2326 in
1295 2295 1404 2326 multa
1413 2296 1568 2336 disparia.
1581 2294 1706 2336 *copia

965 2341 1000 2370 in
1027 2340 1178 2371 dicendo.
1209 2340 1303 2371 Orat.
1325 2340 1348 2370 i.
1374 2342 1425 2371 12.
1455 2339 1513 2379 qui
1537 2339 1708 2370 discernes·

965 2393 1095 2422 eorum,
1123 2393 1204 2423 quos
1233 2384 1417 2421 nominavi,
1447 2383 1640 2414 ubertatem
1669 2384 1704 2413 in

966 2427 1105 2458 dicendo
1124 2432 1160 2458 et
1182 2428 1326 2467 copiam,
1343 2427 1383 2457 ab
1398 2436 1515 2457 eorum
1538 2426 1707 2464 exilitate,

966 2471 1022 2510 qui
1049 2471 1112 2502 hac
1141 2471 1273 2501 dicendi
1298 2472 1456 2501 varietate
1478 2474 1514 2500 et
1535 2469 1706 2510 elegantia

967 2524 1033 2544 non
1052 2518 1208 2545 utuntur.
1224 2514 1289 2545 Sed
1304 2514 1456 2555 inprimis
1472 2517 1523 2544 est
1536 2513 1706 2544 tenendus

968 2559 994 2588 is
1011 2559 1101 2589 verbi
1118 2567 1248 2596 sensus,
1265 2558 1321 2598 qui
1337 2562 1390 2588 est
1411 2557 1504 2588 Orat.
1523 2560 1575 2589 30.
1599 2566 1705 2596 eaque

966 2601 1054 2632 hanc
1071 2602 1177 2643 ipsam
1195 2601 1334 2639 habent,
1348 2609 1450 2641 quam
1466 2600 1584 2642 probo,
1597 2604 1707 2632 varie-

967 2650 1079 2676 tatem.
1127 2645 1216 2676 Nam
1237 2647 1380 2676 varietas
1402 2655 1454 2684 ea,
1470 2654 1572 2684 quam
1589 2644 1708 2675 Cicero

967 2689 1141 2729 probabat,
1158 2692 1193 2719 et
1203 2699 1303 2728 quam
1326 2689 1362 2719 in
1378 2693 1510 2719 oratore
1533 2697 1706 2719 commen-

968 2733 1038 2770 dat,
1055 2737 1104 2763 est
1119 2738 1199 2773 apta
1213 2733 1366 2762 omnium
1380 2733 1486 2763 trium
1502 2731 1634 2763 dicendi
1650 2739 1706 2771 ge-

967 2786 1086 2806 nerum
1100 2778 1190 2806 inter
1200 2785 1234 2806 se
1245 2776 1431 2816 permistio,
1443 2775 1522 2806 cum
1536 2776 1572 2806 iu
1587 2774 1704 2806 eadem

967 2821 1130 2856 oratione,
1148 2825 1186 2850 ut
1209 2829 1296 2859 saepe
1318 2820 1359 2851 fit
1382 2819 1472 2861 apud
1495 2820 1706 2855 Ciceronem,

969 2863 1073 2905 possis
1095 2864 1211 2895 tenuia
1235 2865 1396 2903 tenuiter,
1418 2862 1599 2896 mediocria
1617 2868 1706 2893 tem-
