1800 3131
117 88 201 127 260

130 183 236 215 oculis
258 189 310 215 est
334 190 460 221 averto,
484 185 646 218 dimoveo.
675 187 759 218 Phil.
783 189 805 218 i.
833 191 860 219 l.

131 237 196 268 nee
227 238 247 259 a
277 230 403 269 republ.
436 227 623 269 deficiebam
654 232 778 262 oculos.
820 232 862 263 cf.

132 271 227 303 verr.
242 273 284 302 iv.
305 277 354 304 15.
379 273 397 291 *⁶
409 274 541 304 revello.
556 275 674 314 Quint.
686 277 717 306 6.
729 274 865 314 dejicere

134 314 275 351 ¹libellos.
300 327 345 347 sc.
372 318 492 356 quibus
519 319 630 348 auctio
670 313 864 359 proscripta.

136 359 155 380 ⁹⁶
173 360 310 399 repello,
327 370 434 391 arceo.
458 361 551 392 Verr.
570 372 600 392 ν.
617 362 670 393 6⁶2.
688 363 823 392 verbera
848 372 867 392 a

140 413 176 434 ne
188 401 334 444 dejicere.
359 404 444 435 Phil.
461 406 481 436 i.
499 409 529 436 2.
549 407 672 445 jugum
698 416 717 435 a
732 406 866 436 eci-vici-

137 446 198 479 bus
214 445 359 488 dejicere.

183 490 376 530 Bessum-lus.
410 492 533 522 Car-cin.
550 494 602 523 39.
628 490 793 533 denium-la,
818 492 868 521 in-

137 534 300 564 terdicta:
319 536 376 565 i.e.
394 535 534 565 diversa.
550 536 649 566 Univ.
670 539 699 566 5.
716 537 869 577 dqflcm‘ca

139 582 353 617 opponuntur
368 578 497 609 iisdem.

160 619 386 662 ›Dejuugera
412 622 491 651 Nat.
515 623 558 652 D.
586 622 607 651 i.
639 625 687 653 15.
710 626 793 652 extr.
818 622 871 652 de-

130 661 251 706 juugit
266 675 285 695 a
300 665 423 695 fabula.
440 666 460 694 i.
478 675 506 694 e.
522 665 640 695 eximit
654 665 785 696 fabulis.

181 708 336 745 Delnhor,
361 709 432 738 Att.
449 708 504 737 xii.
520 710 574 742 47.
591 719 630 738 eo
654 709 760 748 magis
785 709 873 739 dela-

141 751 196 782 bm-
212 752 252 782 ad
269 751 432 788 Clodiam,
448 751 481 780 h.
505 762 534 781 e.
559 762 598 781 eo
626 754 731 791 magis
748 752 872 782 inclino

149 796 183 825 in
201 805 274 825 eam
289 799 431 834 partem,
443 799 479 825 ut
493 794 617 825 Clodiae
626 795 740 826 hortos
750 807 872 826 emani.

145 838 186 877 Ω.
204 839 254 868 Fr.
266 840 286 868 i.
308 841 334 868 l.
350 848 378 867 c.
393 839 422 869 o'.
440 838 496 868 sed
514 839 637 876 nescio,
652 840 816 878 quomodo
833 840 875 870 ad

142 881 356 921 praecipiendi
374 882 538 912 rationem
555 883 687 922 delapsa
703 888 754 913 est
769 884 875 913 oratio

145 934 229 955 mea.
253 925 272 943 *²
288 925 405 955 Partit.
423 928 475 956 23.
493 926 704 965 injudieium
720 927 875 957 delabun-

141 973 211 1006 tur,
229 969 250 998 i.
267 979 295 998 e.
322 969 482 1007 influunt,
506 970 540 999 in
565 980 603 999 eo
623 970 689 1000 vim
713 974 747 1000 et
776 981 875 1001 usum

143 1011 280 1044 habent.
313 1012 332 1030 ’κ’
352 1013 450 1043 orior.
487 1013 544 1044 Or.
575 1014 622 1044 iii.
653 1017 706 1048 57.
744 1015 877 1054 delapsa

142 1060 222 1088 sunt
238 1056 277 1086 ab
293 1055 343 1085 his
360 1055 456 1096 plura
471 1066 606 1095 genera.

185 1099 350 1130 Delectus.
368 1100 481 1131 delecti
497 1100 613 1138 iidem,
630 1101 686 1140 qui
709 1101 877 1142 principes

144 1143 303 1173 civitatis.
327 1144 416 1174 Sext.
431 1147 484 1178 49.
509 1144 551 1175 cf.
568 1144 681 1175 Vatin.
694 1149 726 1179 9.

188 1186 347 1218 Deleceus
371 1188 582 1227 provincialis
609 1188 651 1218 ad
676 1189 754 1218 Div.
772 1198 822 1218 xx’.
850 1192 878 1219 1.

145 1233 209 1267 est,
227 1230 283 1269 qui
296 1231 335 1260 fit
350 1240 367 1260 e
382 1231 519 1268 civibus,
532 1232 588 1270 qui
601 1235 682 1262 sunt
696 1233 730 1261 in
747 1233 880 1272 provin-

148 1274 221 1303 cia:
248 1283 325 1304 nam
342 1274 373 1304 ei
395 1280 613 1315 opponuntur
635 1276 759 1306 auxilia
775 1277 879 1306 socio-

149 1327 237 1348 rum.

188 1361 373 1400 Delegatio.
404 1360 476 1392 Att.
511 1363 570 1393 xii.
607 1365 638 1394 3.
668 1363 826 1402 delegatio
863 1373 882 1393 a

146 1405 311 1444 mancipe.
335 1415 365 1435 v.
380 1405 546 1445 delegare.

189 1448 371 1487 Delegare,
399 1449 433 1478 in
461 1459 495 1479 re
522 1449 716 1490 pecuniaria
746 1450 881 1488 dicitur,

148 1492 205 1530 qui
222 1501 288 1522 non
305 1493 375 1532 ipse
392 1492 432 1523 de
456 1503 533 1523 arca
555 1493 668 1530 solvit,
692 1494 751 1524 sed
777 1495 883 1524 credi-

145 1539 253 1565 torem
271 1537 415 1567 remittit
430 1536 472 1566 ad
488 1536 592 1566 alium
617 1547 676 1577 per
691 1538 883 1568 attributio-

150 1588 240 1616 nem,
264 1580 329 1609 vid.
354 1580 550 1610 attributio:
577 1590 595 1610 a
610 1591 674 1619 quo
704 1582 882 1621 pecuniam

149 1623 303 1662 accipiat.
322 1624 408 1662 quod
425 1627 459 1653 et
474 1624 598 1654 solvere
609 1625 649 1653 ab
664 1624 728 1654 alio
742 1625 881 1655 dicitur:

150 1665 238 1695 unde
265 1666 384 1697 deinde
415 1672 535 1697 ceterae
570 1668 714 1697 rationes
752 1668 884 1699 dicendi

151 1709 335 1747 ducuntur,
353 1720 444 1749 cum,
462 1711 551 1749 quod
568 1712 629 1751 ipsi
654 1712 763 1741 facere
787 1711 885 1742 debe-

152 1752 282 1790 bamus,
308 1754 339 1783 id
363 1764 422 1792 per
444 1754 588 1785 alterum
613 1756 685 1784 fieri
715 1765 884 1793 curamus,

152 1800 187 1830 et
203 1797 259 1834 qui
275 1797 308 1826 id
323 1807 341 1826 a
356 1798 448 1827 nobis
472 1802 607 1837 petunt,
623 1798 665 1829 ad
686 1798 789 1829 alium
810 1799 887 1838 reji-

155 1840 281 1870 cimus:
307 1841 397 1870 unde
416 1845 451 1870 et
474 1852 532 1880 pro
547 1842 729 1872 transferre
752 1843 887 1874 dicitur.

152 1883 254 1912 Attio.
278 1884 334 1915 xii.
354 1887 402 1916 12.
426 1884 520 1915 Balbi
543 1886 635 1925 regia
659 1885 806 1916 conditio
836 1891 887 1917 est

153 1927 349 1965 delegandi:
373 1928 416 1958 ad
432 1938 463 1967 q.
480 1928 501 1958 l.
517 1939 547 1959 v.
563 1929 706 1960 Gronov.
722 1933 761 1960 ut
775 1934 810 1960 et
821 1930 888 1960 Ob-

154 1979 238 2000 serv,
262 1971 285 2000 i.
311 1973 364 2003 90.
389 1972 466 2002 ibid.
483 1973 551 2003 xiii.
574 1973 628 2003 46.
651 1973 780 2012 Quinto
804 1974 888 2005 dele-

152 2015 248 2052 gabo,
265 2014 290 2044 si
309 2015 389 2053 quid
406 2016 463 2045 feri
482 2026 557 2046 meo
582 2016 691 2046 alieno
707 2018 888 2057 superabit.

155 2057 254 2088 Dom.
273 2062 303 2092 7.
321 2059 499 2098 petebatur
514 2070 532 2089 a
545 2070 597 2089 me
610 2060 770 2090 frumenti
780 2062 887 2101 copia,

156 2110 302 2131 annonae
327 2102 632 2143 vilitas-delegavi
662 2105 769 2134 amico
796 2105 888 2136 loeu—

157 2143 288 2183 pletiori
306 2145 365 2175 &c.
381 2146 423 2176 atl
452 2147 529 2177 Div.
546 2148 615 2178 viii.
632 2151 659 2177 1.
683 2148 771 2186 quod
798 2148 889 2179 hunc

157 2186 306 2218 laborem
333 2189 428 2220 alteri
452 2190 607 2229 delegavi.
632 2192 690 2221 Or.
708 2192 740 2221 ii.
757 2193 810 2223 ⁴28.
834 2203 890 2222 ex·

156 2234 199 2261 tr.
216 2232 274 2261 sed
289 2232 360 2262 haec
378 2233 462 2273 ipsa,
478 2244 551 2273 quae
570 2244 660 2264 nunc
677 2235 719 2265 ad
738 2245 791 2265 me
807 2236 891 2266 dele—

154 2284 239 2313 gare
253 2276 301 2305 vis
321 2277 497 2315 (oratione,
513 2277 611 2308 laude
635 2277 725 2315 tua),
742 2289 782 2308 ea
803 2289 890 2309 Sem-

157 2328 218 2357 per
233 2319 267 2348 in
282 2322 316 2348 te
331 2321 456 2350 eximia
479 2327 514 2351 et
533 2323 729 2361 praestantia
743 2322 890 2353 fuerunt.

157 2361 285 2392 Fontei.
310 2365 342 2393 4.
366 2364 489 2402 quidsi
514 2365 575 2395 hoc
601 2366 729 2395 crimen
755 2367 890 2406 optimis

158 2405 351 2436 nominibus
389 2408 541 2446 delegare
580 2419 755 2448 possumus
770 2411 781 2439 ?
817 2420 892 2450 per-

157 2458 260 2487 quam
276 2448 449 2489 eleganter
465 2452 527 2482 hoc
543 2461 643 2484 seusu
659 2465 664 2483 ε
691 2453 771 2492 quid
787 2454 813 2483 si
829 2454 892 2484 hoc

155 2492 284 2522 crimen
308 2494 350 2523 ad
374 2504 430 2524 eos
447 2496 701 2532 transferamus,
722 2497 777 2535 qui
796 2497 892 2527 facile

155 2535 340 2572 fateantur,
359 2546 392 2566 se
408 2537 484 2575 hoc,
501 2540 586 2577 quod
606 2540 739 2570 crimini
758 2540 893 2570 Fonteio

151 2578 268 2616 datur,
285 2579 414 2618 fecisse,
431 2583 509 2620 quia
525 2583 624 2613 officii
639 2584 722 2613 ratio
745 2584 893 2623 postula-

161 2626 225 2652 ret.
271 2622 390 2662 Itaque
415 2625 462 2654 sic
480 2627 612 2665 pergit:
638 2631 672 2656 et
696 2628 757 2664 ita,
774 2632 812 2657 ut
828 2637 894 2657 non

161 2665 295 2704 culpam
327 2667 362 2696 in
389 2667 469 2698 alios
497 2670 751 2708 transferamus,
775 2671 834 2701 sed
856 2677 896 2701 ut

126 2743 130 2748 .
162 2708 356 2747 doceamus,
373 2720 428 2741 eos
446 2712 501 2742 isti
517 2714 697 2744 munitioni
713 2715 895 2754 praefuisse,

161 2752 219 2792 qui
236 2752 333 2782 facile
357 2755 503 2785 officium
521 2766 620 2786 suum
637 2761 672 2787 et
688 2763 845 2797 praestare
862 2763 895 2788 et

160 2796 301 2845 probare
329 2803 479 2836 possunt.
505 2802 523 2820 '¹‘
541 2799 694 2831 Difficilis
716 2801 808 2831 locus
833 2805 896 2839 est,

160 2848 198 2869 m
222 2849 287 2878 quo
311 2839 374 2870 hoc
399 2842 502 2871 etiam
527 2844 664 2873 verbum
694 2846 839 2876 occurrit
856 2846 898 2875 ad

122 2891 126 2893 ’
159 2881 237 2915 Div.
265 2883 321 2919 vii.
345 2886 382 2930 5.⁴
398 2894 449 2929 ex
478 2886 621 2928 epistola.
652 2887 790 2921 Caesaris
805 2900 812 2920 τ
846 2889 896 2922 Μ.

645 100 792 128 INDEX
815 100 946 128 LATIN
953 100 1109 129 ITATIS.

907 189 1052 226 Orsmm,
1082 196 1180 227 quem
1212 186 1294 218 mihi
1324 186 1551 227 commendas,
1581 187 1634 220 vel

907 243 1018 272 regem
1043 232 1160 263 Galliae
1182 231 1316 269 faciam,
1332 231 1384 262 vel
1409 230 1498 262 hunc
1521 232 1635 272 Leptoe

907 278 1031 316 delego.
1056 277 1087 306 Si
1115 276 1161 306 vis
1188 281 1225 305 tu
1250 275 1289 305 ad
1313 285 1366 305 mc
1391 274 1495 305 alium
1524 276 1635 313 mitte,

909 331 1005 359 quem
1025 330 1152 350 ornem.
1179 320 1336 349 Ceterum
1353 319 1445 348 locus
1457 323 1508 348 est
1519 319 1638 349 obscu-

910 374 978 400 rus,
995 364 1040 393 rei
1065 364 1166 403 ipsius
1189 368 1223 393 et
1244 363 1390 392 historiae
1413 361 1637 402 ignoratione,

910 413 947 438 ut
966 417 1039 436 vere
1050 407 1181 444 judicat
1197 407 1377 437 Victorius.

954 450 1126 481 Delicatus
1148 450 1188 480 de
1212 450 1321 490 pueris
1346 453 1380 480 et
1403 447 1532 480 ancillis
1564 447 1640 489 pul-

912 494 998 523 chris
1036 499 1070 523 et
1105 494 1324 532 elegantibus,
1349 503 1449 523 sensu
1485 492 1641 523 honesto.

912 537 1029 567 Milon.
1054 541 1100 567 lo.
1125 538 1279 568 delicatus
1303 537 1482 567 comitatus
1506 535 1643 567 aneilla-

913 590 985 610 rum
1010 590 1267 620 puerorumque.
1298 591 1326 610 v.
1361 581 1476 611 Burin.
1510 579 1553 610 ad
1582 579 1645 609 Pe-

913 629 1000 653 tron.
1025 634 1053 653 c.
1078 624 1130 654 63.
1159 626 1177 644 ’Κ
1200 624 1320 662 mollis,
1345 624 1571 661 effeminatus,
1602 622 1643 652 de

914 668 1103 697 hominibus
1119 671 1153 696 et
1163 667 1273 705 rebus,
1291 667 1421 698 libidini
1438 667 1572 698 luxuive
1589 665 1646 696 de-

915 711 1015 741 ditus.
1048 711 1142 741 Brut.
1174 712 1226 741 53.
1255 707 1445 741 adolescens
1475 711 1645 742 delicatus.

914 755 993 785 Nat.
1021 755 1064 786 D.
1088 755 1109 784 i.
1135 757 1188 788 37.
1221 753 1400 794 Epicurus,
1426 754 1519 793 quasi
1549 752 1645 794 pueri

915 800 1045 830 delicati
1061 798 1109 828 nil
1131 798 1314 828 cessatione
1330 797 1450 828 melius
1464 798 1646 828 existimat.

916 843 1049 873 Muren.
1066 847 1097 876 9.
1108 842 1186 872 Asia
1201 841 1353 871 delicata.
1370 840 1449 871 ibid.
1462 843 1514 872 35.
1526 840 1647 879 juvens

916 890 970 917 tus
1013 884 1183 926 (hominis)
1215 886 1366 916 delicata.
1404 885 1498 915 Orat.
1527 885 1561 914 ii.
1592 883 1647 914 64.

918 940 993 970 pum
1022 929 1161 959 haberet
1190 928 1298 958 filium
1321 929 1548 959 delicatiorem.
1573 927 1648 958 Fin.

916 971 947 1003 'v.
965 977 994 1004 5.
1019 974 1104 1003 ratio
1129 973 1293 1003 delicatior
1314 972 1524 1012 molliorque,
1548 980 1649 1011 quam

918 1017 1052 1047 virtutis
1090 1017 1137 1046 vis
1175 1016 1384 1056 gravitasque
1422 1014 1574 1056 postulat
1610 1014 1650 1045 de

919 1071 1035 1091 eorum
1058 1060 1238 1097 sententia,
1263 1060 1318 1098 qui
1349 1060 1385 1090 in
1414 1059 1584 1089 felicitatis
1616 1061 1651 1088 et

920 1105 1043 1134 summi
1073 1104 1152 1134 boni
1185 1107 1280 1143 parte
1314 1113 1382 1133 non
1412 1103 1516 1133 solam
1547 1103 1652 1132 virtu-

919 1152 1003 1185 tem,
1027 1147 1085 1178 sed
1108 1148 1212 1177 etiam
1234 1146 1443 1186 voluptatem
1461 1149 1520 1176 aut
1534 1145 1652 1184 hujus-

921 1192 1010 1222 modi
1042 1191 1122 1230 quid
1145 1196 1286 1230 ponunt.
1315 1190 1379 1220 Off.
1403 1191 1424 1220 i.
1448 1193 1500 1221 40.
1534 1190 1654 1220 delica-

921 1240 991 1266 tum
1016 1235 1161 1274 aliquem
1185 1243 1373 1264 sermonem
1396 1234 1540 1264 inferre:
1576 1233 1597 1264 i.
1620 1242 1650 1262 e.

922 1279 961 1309 de
985 1279 1133 1319 pulchris
1159 1278 1363 1315 hominibus,
1386 1277 1426 1307 de
1461 1287 1588 1314 amore,
1611 1276 1652 1306 de

922 1333 956 1353 re
981 1323 1155 1359 amatoria,
1172 1321 1276 1360 qualis
1293 1321 1348 1351 ille
1372 1320 1544 1361 Sophoclis
1567 1323 1652 1357 erat,

924 1377 1000 1397 cum
1025 1367 1151 1396 diceret
1176 1365 1306 1402 Pericli,
1331 1365 1427 1395 obvio
1462 1374 1566 1404 puero
1587 1363 1655 1394 for-

924 1421 1036 1440 moso:
1062 1410 1091 1440 O
1119 1419 1261 1449 puerum
1290 1408 1489 1448 pulchrum!
1522 1406 1591 1438 Att.
1619 1408 1655 1437 ii.

927 1457 977 1485 14.
1000 1454 1174 1484 deflexeram
1198 1453 1400 1490 convivium,
1417 1451 1505 1491 quod
1527 1450 1656 1491 ἄσελσγὶς

923 1501 1019 1527 vocat
1042 1507 1092 1536 ep.
1123 1498 1170 1527 12.
1195 1496 1251 1526 Or.
1276 1496 1324 1526 iii.
1346 1498 1400 1527 25.
1425 1499 1550 1534 quanto
1573 1495 1658 1528 mol-

924 1540 1022 1571 liores
1040 1544 1120 1570 sunt
1136 1543 1171 1570 et
1185 1540 1381 1570 delicatiores
1397 1540 1432 1568 in
1449 1542 1550 1569 cantu
1563 1539 1657 1569 flexi-

925 1594 1004 1614 ones
1036 1588 1070 1614 et
1090 1584 1182 1614 falsae
1205 1582 1343 1620 voculae,
1371 1592 1472 1621 quam
1498 1585 1598 1614 certae
1622 1586 1658 1612 et

925 1638 1058 1658 severae.
1089 1628 1108 1646 ³*
1135 1627 1333 1664 concinnus,
1366 1627 1512 1665 elegans.
1546 1625 1658 1656 Pison.

926 1673 979 1705 ⁴29.
1004 1667 1222 1702 delscacis'simz'
1236 1680 1360 1700 versus.
1381 1669 1400 1688 *²
1415 1669 1579 1709 placidus,
1595 1670 1660 1699 oti-

927 1725 1015 1745 osus.
1038 1715 1138 1745 Tusc.
1165 1715 1198 1744 ii.
1233 1716 1283 1744 11.
1306 1714 1377 1743 vita
1401 1712 1592 1743 umbratilis
1623 1716 1659 1742 et

927 1759 1077 1789 delicata.
1103 1761 1121 1780 *Ψ
1139 1758 1261 1794 suavis,
1288 1756 1472 1795 jucundus.
1505 1756 1599 1789 Verr.
1628 1766 1661 1787 v.

927 1805 980 1833 40.
1003 1803 1268 1833 delicatissimum
1291 1801 1381 1831 litus.
1406 1801 1594 1832 *delicatus
1609 1806 1661 1831 est

928 1846 1032 1876 etiam
1070 1846 1170 1875 homo
1217 1844 1408 1884 intelligens
1447 1843 1658 1881 deliciarum,

932 1890 1011 1930 (vid.
1029 1887 1170 1928 deliciae)
1190 1893 1224 1918 et
1240 1888 1278 1918 iis
1302 1885 1486 1929 abundans.
1501 1887 1596 1918 Verr.
1613 1887 1657 1918 iv.

930 1936 982 1967 57.
1007 1933 1149 1973 populus
1173 1932 1284 1972 potius
1301 1931 1453 1968 haberet,
1470 1941 1570 1971 quam
1593 1930 1661 1961 ele-

930 1977 1145 2016 gantissimus
1169 1980 1204 2006 et
1233 1975 1478 2005 eruditissimus
1510 1975 1659 2005 Verres?

931 2021 1091 2050 nimirum
1109 2024 1227 2050 contra
1251 2019 1316 2049 diei
1333 2018 1417 2049 nihil
1431 2022 1555 2058 potest.
1591 2018 1663 2049 No-

930 2068 1036 2094 strum
1054 2064 1144 2094 enim
1162 2063 1402 2102 unusquisque,
1420 2062 1477 2101 qui
1497 2067 1570 2092 tam
1585 2061 1663 2092 bea-

930 2109 971 2145 ti,
989 2118 1088 2147 quam
1107 2107 1169 2137 iste
1185 2111 1249 2144 est,
1266 2115 1334 2136 non
1349 2115 1478 2143 sumus,
1493 2110 1564 2136 tam
1582 2105 1662 2135 deli-

931 2153 996 2182 cata·
1030 2161 1100 2182 esse
1133 2160 1200 2181 non
1232 2159 1409 2190 possumus
1440 2149 1500 2179 &m
1544 2148 1664 2179 Verres

932 2195 1003 2225 haec
1026 2195 1148 2224 habeat
1173 2194 1262 2224 domi
1287 2194 1347 2224 &c.
1370 2193 1429 2222 *E
1452 2192 1569 2222 Parad.
1593 2193 1616 2222 i.
1631 2195 1664 2223 3.

932 2238 1114 2269 laudantur
1142 2238 1286 2268 delicatae
1321 2240 1459 2277 paterae,
1488 2241 1662 2275 tamquam

934 2292 1038 2322 genus
1055 2282 1250 2312 deliciarum
1265 2281 1300 2310 111
1316 2279 1533 2320 supellectili:
1567 2285 1602 2309 et
1617 2280 1666 2310 ita

933 2331 984 2356 est
1006 2327 1040 2356 in
1065 2324 1262 2364 quibusdam
1292 2323 1398 2361 libris,
1422 2333 1529 2363 neque
1552 2323 1668 2354 absur-

934 2370 986 2400 de.
1030 2370 1119 2400 Nam
1143 2369 1319 2398 delicatum
1342 2371 1394 2398 est
1417 2368 1452 2397 in
1484 2366 1536 2397 his
1566 2367 1665 2397 rebus

934 2414 1099 2444 usitatum
1124 2412 1269 2448 Latinis,
1286 2421 1367 2449 quas
1394 2415 1428 2441 et
1453 2410 1588 2440 delicias
1610 2419 1666 2439 vo-

935 2460 1034 2487 cant:
1067 2461 1101 2486 et
1116 2456 1257 2486 delicata
1273 2455 1432 2485 dicuntur
1447 2454 1574 2491 onmia,
1590 2463 1665 2492 quae

936 2500 977 2531 ad
1011 2499 1299 2540 magnificentiam
1335 2504 1369 2528 et
1402 2498 1664 2528 ostentationem

935 2545 1117 2584 pertinent.
1132 2553 1161 2572 v.
1180 2542 1299 2582 Cuper.
1315 2542 1394 2571 Obs.
1412 2542 1432 2571 i.
1450 2545 1480 2572 3.
1504 2541 1569 2571 Sed
1584 2540 1668 2570 alte-

936 2598 973 2618 ra
987 2587 1099 2624 lectio,
1126 2586 1272 2622 filicatae,
1288 2589 1340 2615 est
1362 2594 1402 2614 ex
1419 2583 1610 2614 melioribus
1633 2586 1670 2614 et

937 2630 1180 2670 antiquioribus
1206 2629 1309 2659 Codd.
1333 2632 1368 2658 et
1391 2628 1500 2668 ipsum
1534 2636 1667 2667 quoque

937 2675 1101 2713 usitatum
1119 2678 1171 2703 est
1185 2674 1220 2703 in
1236 2672 1298 2702 hoc
1316 2681 1449 2711 genere.

981 2718 1129 2754 Delie-ite,
1153 2716 1403 2755 elegantissima
1424 2719 1459 2744 et
1485 2713 1671 2754 pulcherri-

937 2771 993 2792 ma
1016 2759 1229 2800 supellectilis
1253 2769 1389 2798 genera,
1412 2764 1452 2789 ut
1474 2767 1594 2789 aurum
1619 2766 1672 2787 ar-

939 2812 1146 2843 gentumque
1174 2803 1344 2838 caelatum,
1367 2807 1475 2832 vestes
1497 2801 1671 2840 stragulae,

938 2847 1062 2878 tabulae
1087 2847 1185 2887 pictae
1209 2852 1244 2876 et
1267 2845 1399 2876 similia.
1422 2845 1517 2876 Verr.
1543 2845 1586 2874 iv.
1618 2846 1672 2883 23.

940 2892 994 2924 sic
1021 2890 1216 2930 Haluntini,
1235 2889 1383 2922 excussis
1411 2889 1534 2921 deliciis
1566 2888 1614 2931 (h.
1639 2897 1670 2918 e.
