<?xml version="1.0" encoding="UTF-8"?>
<!DOCTYPE html PUBLIC "-//W3C//DTD XHTML 1.0 Transitional//EN"
    "http://www.w3.org/TR/xhtml1/DTD/xhtml1-transitional.dtd">
<html xmlns="http://www.w3.org/1999/xhtml" xml:lang="en" lang="en">
 <head>
  <title>
</title>
<meta http-equiv="Content-Type" content="text/html;charset=utf-8" />
  <meta name='ocr-system' content='tesseract 3.04.00' />
  <meta name='ocr-capabilities' content='ocr_page ocr_carea ocr_par ocr_line ocrx_word'/>
</head>
<body>
  <div class='ocr_page' id='page_1' title='image "./operaomnia05ciceuoft/operaomnia05ciceuoft_0481.png"; bbox 0 0 1790 3219; ppageno 0'>
   <div class='ocr_carea' id='block_1_1' title="bbox 584 89 1058 120">
    <p class='ocr_par' dir='ltr' id='par_1_1' title="bbox 584 89 1058 120">
     <span class='ocr_line' id='line_1_1' title="bbox 584 89 1058 120; baseline 0.002 -1"><span class='ocrx_word' id='word_1_1' title='bbox 584 89 730 120; x_wconf 63' lang='lat' dir='ltr'>mma</span> <span class='ocrx_word' id='word_1_2' title='bbox 760 90 1058 120; x_wconf 71' lang='lat' dir='ltr'><strong>LATIMTAsz.</strong></span> 
     </span>
    </p>
   </div>
   <div class='ocr_carea' id='block_1_2' title="bbox 11 175 787 2908">
    <p class='ocr_par' dir='ltr' id='par_1_2' title="bbox 47 175 787 346">
     <span class='ocr_line' id='line_1_2' title="bbox 49 175 785 218; baseline 0.003 -12"><span class='ocrx_word' id='word_1_3' title='bbox 49 175 74 207; x_wconf 88' lang='grc' dir='ltr'><strong>Ι.</strong></span> <span class='ocrx_word' id='word_1_4' title='bbox 100 176 154 207; x_wconf 77' lang='grc'><strong>85.</strong></span> <span class='ocrx_word' id='word_1_5' title='bbox 186 176 356 217; x_wconf 68' lang='lat' dir='ltr'>vectigalis</span> <span class='ocrx_word' id='word_1_6' title='bbox 379 177 523 218; x_wconf 72' lang='lat' dir='ltr'>pecunia</span> <span class='ocrx_word' id='word_1_7' title='bbox 546 177 662 218; x_wconf 90' lang='lat' dir='ltr'>populi</span> <span class='ocrx_word' id='word_1_8' title='bbox 688 177 785 208; x_wconf 83' lang='lat' dir='ltr'>Rom.</span> 
     </span>
     <span class='ocr_line' id='line_1_3' title="bbox 50 219 787 261; baseline 0.001 -12"><span class='ocrx_word' id='word_1_9' title='bbox 50 219 251 259; x_wconf 72' lang='lat' dir='ltr'>‘vectigales</span> <span class='ocrx_word' id='word_1_10' title='bbox 261 220 374 261; x_wconf 84' lang='lat' dir='ltr'>populi</span> <span class='ocrx_word' id='word_1_11' title='bbox 390 220 556 260; x_wconf 87' lang='lat' dir='ltr'>quomodo</span> <span class='ocrx_word' id='word_1_12' title='bbox 572 229 593 251; x_wconf 77' lang='lat' dir='ltr'>a</span> <span class='ocrx_word' id='word_1_13' title='bbox 605 220 787 261; x_wconf 77' lang='lat' dir='ltr'>stipendia-</span> 
     </span>
     <span class='ocr_line' id='line_1_4' title="bbox 47 262 786 301; baseline 0.001 -8"><span class='ocrx_word' id='word_1_14' title='bbox 47 262 104 293; x_wconf 76' lang='lat' dir='ltr'>riis</span> <span class='ocrx_word' id='word_1_15' title='bbox 120 272 146 294; x_wconf 89' lang='grc' dir='ltr'>ε.</span> <span class='ocrx_word' id='word_1_16' title='bbox 161 264 346 294; x_wconf 82' lang='lat' dir='ltr'>tributariis</span> <span class='ocrx_word' id='word_1_17' title='bbox 360 263 528 301; x_wconf 77' lang='lat' dir='ltr'>differant,</span> <span class='ocrx_word' id='word_1_18' title='bbox 539 263 668 294; x_wconf 77' lang='lat' dir='ltr'>dictum</span> <span class='ocrx_word' id='word_1_19' title='bbox 684 270 735 294; x_wconf 82' lang='lat' dir='ltr'>est</span> <span class='ocrx_word' id='word_1_20' title='bbox 750 265 786 294; x_wconf 88' lang='lat' dir='ltr'>in</span> 
     </span>
     <span class='ocr_line' id='line_1_5' title="bbox 48 306 296 346; baseline 0.012 -11"><span class='ocrx_word' id='word_1_21' title='bbox 48 306 296 346; x_wconf 65' lang='lat' dir='ltr'>stipendiarius.</span> 
     </span>
    </p>

    <p class='ocr_par' dir='ltr' id='par_1_3' title="bbox 44 347 786 563">
     <span class='ocr_line' id='line_1_6' title="bbox 93 347 786 391; baseline 0.003 -12"><span class='ocrx_word' id='word_1_22' title='bbox 93 349 281 388; x_wconf 70' lang='lat' dir='ltr'>Vehemens,</span> <span class='ocrx_word' id='word_1_23' title='bbox 296 359 440 381; x_wconf 77' lang='lat' dir='ltr'>sever-us.</span> <span class='ocrx_word' id='word_1_24' title='bbox 466 347 550 380; x_wconf 82' lang='lat' dir='ltr'><strong>Suu.</strong></span> <span class='ocrx_word' id='word_1_25' title='bbox 581 351 608 380; x_wconf 89' lang='lat'>1.</span> <span class='ocrx_word' id='word_1_26' title='bbox 633 350 786 391; x_wconf 68' lang='lat' dir='ltr'>precipi-</span> 
     </span>
     <span class='ocr_line' id='line_1_7' title="bbox 46 392 786 434; baseline 0.001 -11"><span class='ocrx_word' id='word_1_27' title='bbox 46 397 143 423; x_wconf 71' lang='lat' dir='ltr'>tante</span> <span class='ocrx_word' id='word_1_28' title='bbox 166 393 294 434; x_wconf 89' lang='lat' dir='ltr'>republ.</span> <span class='ocrx_word' id='word_1_29' title='bbox 316 395 532 424; x_wconf 71' lang='lat' dir='ltr'>vehementem</span> <span class='ocrx_word' id='word_1_30' title='bbox 548 401 601 422; x_wconf 90' lang='lat' dir='ltr'>rne</span> <span class='ocrx_word' id='word_1_31' title='bbox 616 392 718 423; x_wconf 78' lang='lat' dir='ltr'>fuisse</span> <span class='ocrx_word' id='word_1_32' title='bbox 734 401 786 424; x_wconf 80' lang='lat' dir='ltr'>at-</span> 
     </span>
     <span class='ocr_line' id='line_1_8' title="bbox 44 436 786 476; baseline 0 -9"><span class='ocrx_word' id='word_1_33' title='bbox 44 446 110 476; x_wconf 89' lang='lat' dir='ltr'>que</span> <span class='ocrx_word' id='word_1_34' title='bbox 125 436 268 475; x_wconf 78' lang='lat' dir='ltr'>fortem;</span> <span class='ocrx_word' id='word_1_35' title='bbox 292 442 486 466; x_wconf 77' lang='lat' dir='ltr'>conservata</span> <span class='ocrx_word' id='word_1_36' title='bbox 502 436 620 466; x_wconf 86' lang='lat' dir='ltr'>mitem</span> <span class='ocrx_word' id='word_1_37' title='bbox 633 446 671 467; x_wconf 86' lang='lat' dir='ltr'>ac</span> <span class='ocrx_word' id='word_1_38' title='bbox 685 437 786 467; x_wconf 72' lang='lat' dir='ltr'>mise-</span> 
     </span>
     <span class='ocr_line' id='line_1_9' title="bbox 45 479 783 511; baseline 0.001 -1"><span class='ocrx_word' id='word_1_39' title='bbox 45 479 209 510; x_wconf 84' lang='lat' dir='ltr'>ricordem</span> <span class='ocrx_word' id='word_1_40' title='bbox 232 479 431 510; x_wconf 76' lang='lat' dir='ltr'>faterentur.</span> <span class='ocrx_word' id='word_1_41' title='bbox 461 479 554 509; x_wconf 87' lang='lat' dir='ltr'>Verr.</span> <span class='ocrx_word' id='word_1_42' title='bbox 580 479 614 509; x_wconf 83' lang='lat' dir='ltr'>ii.</span> <span class='ocrx_word' id='word_1_43' title='bbox 635 481 687 510; x_wconf 91' lang='grc'>61.</span> <span class='ocrx_word' id='word_1_44' title='bbox 719 480 783 511; x_wconf 84' lang='lat' dir='ltr'>fuit</span> 
     </span>
     <span class='ocr_line' id='line_1_10' title="bbox 46 522 767 563; baseline 0 -9"><span class='ocrx_word' id='word_1_45' title='bbox 46 524 83 554; x_wconf 86' lang='lat' dir='ltr'>in</span> <span class='ocrx_word' id='word_1_46' title='bbox 96 523 246 554; x_wconf 79' lang='lat' dir='ltr'>decumis</span> <span class='ocrx_word' id='word_1_47' title='bbox 264 523 324 563; x_wconf 81' lang='lat' dir='ltr'>(sc.</span> <span class='ocrx_word' id='word_1_48' title='bbox 340 522 525 562; x_wconf 84' lang='lat' dir='ltr'>exigendis)</span> <span class='ocrx_word' id='word_1_49' title='bbox 543 524 767 554; x_wconf 72' lang='lat' dir='ltr'>veliementior.</span> 
     </span>
    </p>

    <p class='ocr_par' dir='ltr' id='par_1_4' title="bbox 39 565 782 817">
     <span class='ocr_line' id='line_1_11' title="bbox 89 565 782 605; baseline 0 -8"><span class='ocrx_word' id='word_1_50' title='bbox 89 565 223 603; x_wconf 73' lang='lat' dir='ltr'>Vehere,</span> <span class='ocrx_word' id='word_1_51' title='bbox 239 566 380 605; x_wconf 80' lang='lat' dir='ltr'>passive,</span> <span class='ocrx_word' id='word_1_52' title='bbox 396 566 437 596; x_wconf 91' lang='lat' dir='ltr'>de</span> <span class='ocrx_word' id='word_1_53' title='bbox 453 572 596 596; x_wconf 85' lang='lat' dir='ltr'>vectore.</span> <span class='ocrx_word' id='word_1_54' title='bbox 620 566 713 597; x_wconf 85' lang='lat' dir='ltr'>Brut.</span> <span class='ocrx_word' id='word_1_55' title='bbox 728 571 782 601; x_wconf 76' lang='grc'><strong>97.</strong></span> 
     </span>
     <span class='ocr_line' id='line_1_12' title="bbox 42 608 780 650; baseline 0.001 -10"><span class='ocrx_word' id='word_1_56' title='bbox 42 608 316 646; x_wconf 66' lang='lat' dir='ltr'>adolescentiam,</span> <span class='ocrx_word' id='word_1_57' title='bbox 332 619 392 650; x_wconf 69' lang='grc' dir='ltr'>ροι-</span> <span class='ocrx_word' id='word_1_58' title='bbox 409 609 533 640; x_wconf 87' lang='lat' dir='ltr'>medias</span> <span class='ocrx_word' id='word_1_59' title='bbox 550 609 664 640; x_wconf 85' lang='lat' dir='ltr'>landes</span> <span class='ocrx_word' id='word_1_60' title='bbox 687 611 780 650; x_wconf 82' lang='lat' dir='ltr'>quasi</span> 
     </span>
     <span class='ocr_line' id='line_1_13' title="bbox 42 652 780 692; baseline 0.003 -10"><span class='ocrx_word' id='word_1_61' title='bbox 42 652 211 692; x_wconf 71' lang='lat' dir='ltr'>quadrigis</span> <span class='ocrx_word' id='word_1_62' title='bbox 234 654 410 683; x_wconf 73' lang='lat' dir='ltr'><em>vehentem.</em></span> <span class='ocrx_word' id='word_1_63' title='bbox 444 652 615 684; x_wconf 81' lang='lat' dir='ltr'>Laudatus</span> <span class='ocrx_word' id='word_1_64' title='bbox 639 659 689 683; x_wconf 82' lang='lat' dir='ltr'>cst</span> <span class='ocrx_word' id='word_1_65' title='bbox 707 655 780 691; x_wconf 87' lang='lat' dir='ltr'>jam</span> 
     </span>
     <span class='ocr_line' id='line_1_14' title="bbox 41 694 780 733; baseline 0 -7"><span class='ocrx_word' id='word_1_66' title='bbox 41 696 77 726; x_wconf 88' lang='lat' dir='ltr'>in</span> <span class='ocrx_word' id='word_1_67' title='bbox 90 694 212 726; x_wconf 75' lang='lat' dir='ltr'>Lexico</span> <span class='ocrx_word' id='word_1_68' title='bbox 224 695 319 726; x_wconf 79' lang='lat' dir='ltr'>Fabri</span> <span class='ocrx_word' id='word_1_69' title='bbox 332 696 384 726; x_wconf 87' lang='lat' dir='ltr'>hic</span> <span class='ocrx_word' id='word_1_70' title='bbox 396 695 502 733; x_wconf 85' lang='lat' dir='ltr'>locus,</span> <span class='ocrx_word' id='word_1_71' title='bbox 513 696 572 727; x_wconf 85' lang='lat' dir='ltr'>sed</span> <span class='ocrx_word' id='word_1_72' title='bbox 584 696 670 726; x_wconf 80' lang='lat' dir='ltr'>male</span> <span class='ocrx_word' id='word_1_73' title='bbox 686 697 780 727; x_wconf 85' lang='lat' dir='ltr'>Orat.</span> 
     </span>
     <span class='ocr_line' id='line_1_15' title="bbox 39 738 779 817; baseline 0 -4"><span class='ocrx_word' id='word_1_74' title='bbox 39 738 779 817; x_wconf 44' lang='grc' dir='ltr'>ξὲοιιέἷυῐὶῑΡῗῖωζὶῖῗέῑῖιιιιῗῐῗιςιᾞῖἶρᾶοιὲ’</span> 
     </span>
    </p>

    <p class='ocr_par' dir='ltr' id='par_1_5' title="bbox 36 801 780 1040">
     <span class='ocr_line' id='line_1_16' title="bbox 171 801 780 821; baseline 0.002 -8"><span class='ocrx_word' id='word_1_75' title='bbox 171 806 178 813; x_wconf 73' lang='grc' dir='ltr'>ι</span> <span class='ocrx_word' id='word_1_76' title='bbox 222 806 230 813; x_wconf 72' lang='grc' dir='ltr'><strong>θ</strong></span> <span class='ocrx_word' id='word_1_77' title='bbox 291 806 298 813; x_wconf 73' lang='grc' dir='ltr'>ι</span> <span class='ocrx_word' id='word_1_78' title='bbox 496 806 506 821; x_wconf 74' lang='lat'><em>‚</em></span> <span class='ocrx_word' id='word_1_79' title='bbox 766 801 780 808; x_wconf 77' lang='lat'><strong>·</strong></span> 
     </span>
     <span class='ocr_line' id='line_1_17' title="bbox 38 825 778 866; baseline 0.001 -10"><span class='ocrx_word' id='word_1_80' title='bbox 38 826 157 857; x_wconf 77' lang='lat' dir='ltr'>novius</span> <span class='ocrx_word' id='word_1_81' title='bbox 179 830 308 864; x_wconf 82' lang='lat' dir='ltr'>monet,</span> <span class='ocrx_word' id='word_1_82' title='bbox 330 831 467 857; x_wconf 70' lang='lat' dir='ltr'>vectores</span> <span class='ocrx_word' id='word_1_83' title='bbox 488 836 548 866; x_wconf 90' lang='lat' dir='ltr'>pro</span> <span class='ocrx_word' id='word_1_84' title='bbox 571 825 725 866; x_wconf 74' lang='lat' dir='ltr'>epibatis,</span> <span class='ocrx_word' id='word_1_85' title='bbox 745 826 778 857; x_wconf 91' lang='lat' dir='ltr'>h.</span> 
     </span>
     <span class='ocr_line' id='line_1_18' title="bbox 37 869 778 910; baseline 0.001 -11"><span class='ocrx_word' id='word_1_86' title='bbox 37 879 69 900; x_wconf 90' lang='lat' dir='ltr'>e.</span> <span class='ocrx_word' id='word_1_87' title='bbox 92 869 146 907; x_wconf 83' lang='lat' dir='ltr'>iis,</span> <span class='ocrx_word' id='word_1_88' title='bbox 161 870 218 908; x_wconf 86' lang='lat' dir='ltr'>qui</span> <span class='ocrx_word' id='word_1_89' title='bbox 241 869 423 906; x_wconf 75' lang='lat' dir='ltr'>vehuntur,</span> <span class='ocrx_word' id='word_1_90' title='bbox 440 879 517 899; x_wconf 85' lang='lat' dir='ltr'>cnm</span> <span class='ocrx_word' id='word_1_91' title='bbox 541 869 610 899; x_wconf 87' lang='lat' dir='ltr'>sint</span> <span class='ocrx_word' id='word_1_92' title='bbox 632 870 778 910; x_wconf 80' lang='lat' dir='ltr'>proprie,</span> 
     </span>
     <span class='ocr_line' id='line_1_19' title="bbox 37 912 778 952; baseline 0 -9"><span class='ocrx_word' id='word_1_93' title='bbox 37 912 98 952; x_wconf 87' lang='lat' dir='ltr'>qui</span> <span class='ocrx_word' id='word_1_94' title='bbox 119 912 260 950; x_wconf 82' lang='lat' dir='ltr'>vehunt,</span> <span class='ocrx_word' id='word_1_95' title='bbox 276 913 341 943; x_wconf 89' lang='lat' dir='ltr'>vid.</span> <span class='ocrx_word' id='word_1_96' title='bbox 357 923 387 943; x_wconf 92' lang='lat' dir='ltr'>v.</span> <span class='ocrx_word' id='word_1_97' title='bbox 403 923 432 942; x_wconf 91' lang='lat' dir='ltr'>c.</span> <span class='ocrx_word' id='word_1_98' title='bbox 449 912 519 943; x_wconf 90' lang='lat' dir='ltr'>Cic.</span> <span class='ocrx_word' id='word_1_99' title='bbox 543 913 634 943; x_wconf 87' lang='lat' dir='ltr'><strong>Sext.</strong></span> <span class='ocrx_word' id='word_1_100' title='bbox 652 914 705 943; x_wconf 77' lang='lat'><strong>520.</strong></span> <span class='ocrx_word' id='word_1_101' title='bbox 730 914 778 943; x_wconf 86' lang='lat' dir='ltr'>sic</span> 
     </span>
     <span class='ocr_line' id='line_1_20' title="bbox 36 956 778 996; baseline 0.001 -10"><span class='ocrx_word' id='word_1_102' title='bbox 36 956 143 987; x_wconf 83' lang='lat' dir='ltr'>etiam</span> <span class='ocrx_word' id='word_1_103' title='bbox 157 957 396 996; x_wconf 71' lang='lat' dir='ltr'>praetewehens</span> <span class='ocrx_word' id='word_1_104' title='bbox 409 965 469 996; x_wconf 87' lang='lat' dir='ltr'>pro</span> <span class='ocrx_word' id='word_1_105' title='bbox 479 960 710 996; x_wconf 74' lang='lat' dir='ltr'>preter-vectus</span> <span class='ocrx_word' id='word_1_106' title='bbox 726 962 778 987; x_wconf 86' lang='lat' dir='ltr'>est</span> 
     </span>
     <span class='ocr_line' id='line_1_21' title="bbox 37 999 414 1040; baseline 0 -10"><span class='ocrx_word' id='word_1_107' title='bbox 37 1009 92 1040; x_wconf 77' lang='lat' dir='ltr'>ap.</span> <span class='ocrx_word' id='word_1_108' title='bbox 106 999 245 1030; x_wconf 89' lang='lat' dir='ltr'>Sueton.</span> <span class='ocrx_word' id='word_1_109' title='bbox 259 999 345 1030; x_wconf 83' lang='lat' dir='ltr'><strong>Caes.</strong></span> <span class='ocrx_word' id='word_1_110' title='bbox 361 1002 414 1034; x_wconf 87' lang='grc'><strong>39.</strong></span> 
     </span>
    </p>

    <p class='ocr_par' dir='ltr' id='par_1_6' title="bbox 20 1042 777 2204">
     <span class='ocr_line' id='line_1_22' title="bbox 81 1042 777 1082; baseline 0.001 -9"><span class='ocrx_word' id='word_1_111' title='bbox 81 1042 284 1074; x_wconf 71' lang='lat' dir='ltr'>Vehiculum.</span> <span class='ocrx_word' id='word_1_112' title='bbox 309 1043 373 1073; x_wconf 88' lang='lat' dir='ltr'>Pis.</span> <span class='ocrx_word' id='word_1_113' title='bbox 396 1045 448 1074; x_wconf 75' lang='lat'>25.</span> <span class='ocrx_word' id='word_1_114' title='bbox 472 1042 634 1082; x_wconf 80' lang='lat' dir='ltr'><strong>neglectis</strong></span> <span class='ocrx_word' id='word_1_115' title='bbox 648 1044 777 1074; x_wconf 79' lang='lat' dir='ltr'>vehicu-</span> 
     </span>
     <span class='ocr_line' id='line_1_23' title="bbox 33 1085 774 1126; baseline 0.001 -10"><span class='ocrx_word' id='word_1_116' title='bbox 33 1086 75 1117; x_wconf 71' lang='lat' dir='ltr'>lis</span> <span class='ocrx_word' id='word_1_117' title='bbox 94 1085 369 1126; x_wconf 83' lang='lat' dir='ltr'>triumphalibus.</span> <span class='ocrx_word' id='word_1_118' title='bbox 395 1086 607 1117; x_wconf 87' lang='lat' dir='ltr'>Gronoviana</span> <span class='ocrx_word' id='word_1_119' title='bbox 621 1086 774 1118; x_wconf 78' lang='lat' dir='ltr'>ferculis:</span> 
     </span>
     <span class='ocr_line' id='line_1_24' title="bbox 32 1128 774 1170; baseline 0 -10"><span class='ocrx_word' id='word_1_120' title='bbox 32 1128 68 1160; x_wconf 86' lang='lat' dir='ltr'>id</span> <span class='ocrx_word' id='word_1_121' title='bbox 84 1130 245 1170; x_wconf 80' lang='lat' dir='ltr'>probabat</span> <span class='ocrx_word' id='word_1_122' title='bbox 259 1130 448 1161; x_wconf 70' lang='lat' dir='ltr'>Abi-annus.</span> <span class='ocrx_word' id='word_1_123' title='bbox 474 1129 635 1161; x_wconf 76' lang='lat' dir='ltr'>Vehiculis</span> <span class='ocrx_word' id='word_1_124' title='bbox 646 1134 774 1169; x_wconf 88' lang='lat' dir='ltr'>autem,</span> 
     </span>
     <span class='ocr_line' id='line_1_25' title="bbox 34 1172 774 1213; baseline 0.001 -10"><span class='ocrx_word' id='word_1_125' title='bbox 34 1176 158 1213; x_wconf 69' lang='lat' dir='ltr'>preter</span> <span class='ocrx_word' id='word_1_126' title='bbox 182 1174 325 1205; x_wconf 85' lang='lat' dir='ltr'>novitias</span> <span class='ocrx_word' id='word_1_127' title='bbox 354 1173 429 1203; x_wconf 90' lang='lat' dir='ltr'>edd.</span> <span class='ocrx_word' id='word_1_128' title='bbox 457 1172 632 1212; x_wconf 78' lang='lat' dir='ltr'>quasdam,</span> <span class='ocrx_word' id='word_1_129' title='bbox 657 1184 774 1205; x_wconf 83' lang='lat' dir='ltr'>omnes</span> 
     </span>
     <span class='ocr_line' id='line_1_26' title="bbox 34 1216 771 1257; baseline 0.004 -12"><span class='ocrx_word' id='word_1_130' title='bbox 34 1221 163 1248; x_wconf 84' lang='lat' dir='ltr'>veteres</span> <span class='ocrx_word' id='word_1_131' title='bbox 186 1227 263 1248; x_wconf 86' lang='lat' dir='ltr'>cum</span> <span class='ocrx_word' id='word_1_132' title='bbox 287 1217 381 1248; x_wconf 89' lang='lat' dir='ltr'>MSS.</span> <span class='ocrx_word' id='word_1_133' title='bbox 406 1216 542 1254; x_wconf 81' lang='lat' dir='ltr'>habent,</span> <span class='ocrx_word' id='word_1_134' title='bbox 557 1218 720 1257; x_wconf 85' lang='lat' dir='ltr'>probante</span> <span class='ocrx_word' id='word_1_135' title='bbox 737 1217 771 1248; x_wconf 87' lang='lat' dir='ltr'>P.</span> 
     </span>
     <span class='ocr_line' id='line_1_27' title="bbox 33 1258 773 1297; baseline 0.004 -8"><span class='ocrx_word' id='word_1_136' title='bbox 33 1258 196 1297; x_wconf 77' lang='lat' dir='ltr'>victorio,</span> <span class='ocrx_word' id='word_1_137' title='bbox 222 1261 368 1292; x_wconf 77' lang='lat' dir='ltr'>Grutero</span> <span class='ocrx_word' id='word_1_138' title='bbox 399 1262 458 1290; x_wconf 73' lang='grc' dir='ltr'><strong>διε.</strong></span> <span class='ocrx_word' id='word_1_139' title='bbox 489 1260 589 1290; x_wconf 81' lang='lat' dir='ltr'>Ratio</span> <span class='ocrx_word' id='word_1_140' title='bbox 620 1261 773 1292; x_wconf 86' lang='lat' dir='ltr'>mutandi</span> 
     </span>
     <span class='ocr_line' id='line_1_28' title="bbox 31 1302 773 1344; baseline 0.003 -11"><span class='ocrx_word' id='word_1_141' title='bbox 31 1302 112 1341; x_wconf 79' lang='lat' dir='ltr'>fuit,</span> <span class='ocrx_word' id='word_1_142' title='bbox 125 1304 213 1344; x_wconf 90' lang='lat' dir='ltr'>quod</span> <span class='ocrx_word' id='word_1_143' title='bbox 229 1305 431 1336; x_wconf 83' lang='lat' dir='ltr'>ferculorum</span> <span class='ocrx_word' id='word_1_144' title='bbox 447 1304 655 1343; x_wconf 80' lang='lat' dir='ltr'>frequentior</span> <span class='ocrx_word' id='word_1_145' title='bbox 666 1305 698 1334; x_wconf 84' lang='lat' dir='ltr'>in</span> <span class='ocrx_word' id='word_1_146' title='bbox 710 1304 773 1335; x_wconf 89' lang='lat' dir='ltr'>hac</span> 
     </span>
     <span class='ocr_line' id='line_1_29' title="bbox 30 1347 772 1380; baseline 0.001 -3"><span class='ocrx_word' id='word_1_147' title='bbox 30 1355 68 1377; x_wconf 83' lang='lat' dir='ltr'>re</span> <span class='ocrx_word' id='word_1_148' title='bbox 84 1349 222 1380; x_wconf 86' lang='lat' dir='ltr'>mentio.</span> <span class='ocrx_word' id='word_1_149' title='bbox 268 1347 482 1379; x_wconf 85' lang='lat' dir='ltr'>Ferculorum</span> <span class='ocrx_word' id='word_1_150' title='bbox 502 1352 618 1377; x_wconf 85' lang='lat' dir='ltr'>autem</span> <span class='ocrx_word' id='word_1_151' title='bbox 636 1348 772 1378; x_wconf 91' lang='lat' dir='ltr'>nomine</span> 
     </span>
     <span class='ocr_line' id='line_1_30' title="bbox 30 1389 771 1426; baseline 0.003 -6"><span class='ocrx_word' id='word_1_152' title='bbox 30 1389 210 1422; x_wconf 70' lang='lat' dir='ltr'>Abi-annius</span> <span class='ocrx_word' id='word_1_153' title='bbox 233 1392 406 1422; x_wconf 81' lang='lat' dir='ltr'>contineri·</span> <span class='ocrx_word' id='word_1_154' title='bbox 421 1390 503 1426; x_wconf 83' lang='lat' dir='ltr'>dicit</span> <span class='ocrx_word' id='word_1_155' title='bbox 525 1390 679 1421; x_wconf 84' lang='lat' dir='ltr'>vehicula</span> <span class='ocrx_word' id='word_1_156' title='bbox 693 1401 771 1422; x_wconf 88' lang='lat' dir='ltr'>cum</span> 
     </span>
     <span class='ocr_line' id='line_1_31' title="bbox 30 1433 770 1476; baseline 0 -12"><span class='ocrx_word' id='word_1_157' title='bbox 30 1433 165 1474; x_wconf 79' lang='lat' dir='ltr'>spoliis3</span> <span class='ocrx_word' id='word_1_158' title='bbox 197 1435 286 1476; x_wconf 79' lang='lat' dir='ltr'>quod</span> <span class='ocrx_word' id='word_1_159' title='bbox 309 1439 360 1465; x_wconf 84' lang='lat' dir='ltr'>est</span> <span class='ocrx_word' id='word_1_160' title='bbox 381 1433 515 1464; x_wconf 78' lang='lat' dir='ltr'>falsum.</span> <span class='ocrx_word' id='word_1_161' title='bbox 563 1433 603 1464; x_wconf 82' lang='lat' dir='ltr'>{n</span> <span class='ocrx_word' id='word_1_162' title='bbox 626 1436 770 1475; x_wconf 87' lang='lat' dir='ltr'>pompis,</span> 
     </span>
     <span class='ocr_line' id='line_1_32' title="bbox 28 1477 770 1520; baseline 0.003 -13"><span class='ocrx_word' id='word_1_163' title='bbox 28 1486 108 1508; x_wconf 82' lang='lat' dir='ltr'>cum</span> <span class='ocrx_word' id='word_1_164' title='bbox 138 1478 412 1520; x_wconf 66' lang='lat' dir='ltr'>triumphalibus,</span> <span class='ocrx_word' id='word_1_165' title='bbox 437 1483 512 1508; x_wconf 87' lang='lat' dir='ltr'>tum</span> <span class='ocrx_word' id='word_1_166' title='bbox 543 1477 770 1517; x_wconf 82' lang='lat' dir='ltr'>Circensibus,</span> 
     </span>
     <span class='ocr_line' id='line_1_33' title="bbox 29 1520 769 1560; baseline 0 -9"><span class='ocrx_word' id='word_1_167' title='bbox 29 1520 155 1551; x_wconf 80' lang='lat' dir='ltr'>debent</span> <span class='ocrx_word' id='word_1_168' title='bbox 183 1521 327 1556; x_wconf 81' lang='lat' dir='ltr'>discerni</span> <span class='ocrx_word' id='word_1_169' title='bbox 358 1520 562 1559; x_wconf 84' lang='lat' dir='ltr'>vehiculum,</span> <span class='ocrx_word' id='word_1_170' title='bbox 588 1521 769 1560; x_wconf 82' lang='lat' dir='ltr'>ferculum,</span> 
     </span>
     <span class='ocr_line' id='line_1_34' title="bbox 28 1563 770 1606; baseline 0.001 -12"><span class='ocrx_word' id='word_1_171' title='bbox 28 1566 65 1594; x_wconf 80' lang='lat' dir='ltr'>et</span> <span class='ocrx_word' id='word_1_172' title='bbox 84 1564 188 1595; x_wconf 82' lang='lat' dir='ltr'>ter-tio</span> <span class='ocrx_word' id='word_1_173' title='bbox 209 1565 316 1606; x_wconf 85' lang='lat' dir='ltr'>spolia</span> <span class='ocrx_word' id='word_1_174' title='bbox 337 1570 398 1596; x_wconf 84' lang='lat' dir='ltr'>aut</span> <span class='ocrx_word' id='word_1_175' title='bbox 416 1563 608 1602; x_wconf 87' lang='lat' dir='ltr'>simulacra,</span> <span class='ocrx_word' id='word_1_176' title='bbox 625 1574 700 1604; x_wconf 76' lang='lat' dir='ltr'>quae</span> <span class='ocrx_word' id='word_1_177' title='bbox 713 1575 770 1595; x_wconf 90' lang='lat' dir='ltr'>ve-</span> 
     </span>
     <span class='ocr_line' id='line_1_35' title="bbox 27 1605 769 1648; baseline 0 -10"><span class='ocrx_word' id='word_1_178' title='bbox 27 1605 168 1639; x_wconf 85' lang='lat' dir='ltr'>huntur.</span> <span class='ocrx_word' id='word_1_179' title='bbox 192 1608 310 1648; x_wconf 80' lang='lat' dir='ltr'>ltaque</span> <span class='ocrx_word' id='word_1_180' title='bbox 332 1609 495 1647; x_wconf 80' lang='lat' dir='ltr'>distingui</span> <span class='ocrx_word' id='word_1_181' title='bbox 512 1609 655 1648; x_wconf 79' lang='lat' dir='ltr'>reperies</span> <span class='ocrx_word' id='word_1_182' title='bbox 671 1608 769 1638; x_wconf 88' lang='lat' dir='ltr'>then-</span> 
     </span>
     <span class='ocr_line' id='line_1_36' title="bbox 26 1651 770 1692; baseline 0.001 -11"><span class='ocrx_word' id='word_1_183' title='bbox 26 1659 99 1681; x_wconf 77' lang='lat' dir='ltr'>sam</span> <span class='ocrx_word' id='word_1_184' title='bbox 116 1656 150 1682; x_wconf 89' lang='lat' dir='ltr'>et</span> <span class='ocrx_word' id='word_1_185' title='bbox 166 1651 344 1683; x_wconf 81' lang='lat' dir='ltr'>ferculum.</span> <span class='ocrx_word' id='word_1_186' title='bbox 388 1652 449 1682; x_wconf 83' lang='lat' dir='ltr'>Est</span> <span class='ocrx_word' id='word_1_187' title='bbox 465 1656 577 1681; x_wconf 87' lang='lat' dir='ltr'>autem</span> <span class='ocrx_word' id='word_1_188' title='bbox 595 1653 629 1682; x_wconf 87' lang='lat' dir='ltr'>in</span> <span class='ocrx_word' id='word_1_189' title='bbox 646 1661 770 1692; x_wconf 89' lang='lat' dir='ltr'>pompa</span> 
     </span>
     <span class='ocr_line' id='line_1_37' title="bbox 29 1694 768 1735; baseline 0.003 -11"><span class='ocrx_word' id='word_1_190' title='bbox 29 1694 178 1725; x_wconf 73' lang='lat' dir='ltr'>Cin-censi</span> <span class='ocrx_word' id='word_1_191' title='bbox 199 1695 334 1732; x_wconf 85' lang='lat' dir='ltr'>thensa,</span> <span class='ocrx_word' id='word_1_192' title='bbox 350 1695 439 1735; x_wconf 84' lang='lat' dir='ltr'>quod</span> <span class='ocrx_word' id='word_1_193' title='bbox 461 1695 497 1724; x_wconf 89' lang='lat' dir='ltr'>in</span> <span class='ocrx_word' id='word_1_194' title='bbox 518 1696 692 1735; x_wconf 88' lang='lat' dir='ltr'>triumpho</span> <span class='ocrx_word' id='word_1_195' title='bbox 714 1705 768 1726; x_wconf 86' lang='lat' dir='ltr'>ve·</span> 
     </span>
     <span class='ocr_line' id='line_1_38' title="bbox 26 1737 768 1772; baseline 0.003 -4"><span class='ocrx_word' id='word_1_196' title='bbox 26 1737 176 1768; x_wconf 69' lang='lat' dir='ltr'>hic-ulum</span> <span class='ocrx_word' id='word_1_197' title='bbox 205 1738 344 1770; x_wconf 89' lang='lat' dir='ltr'>Sueton.</span> <span class='ocrx_word' id='word_1_198' title='bbox 369 1739 452 1769; x_wconf 78' lang='lat' dir='ltr'><strong>CaeS.</strong></span> <span class='ocrx_word' id='word_1_199' title='bbox 475 1739 529 1772; x_wconf 84' lang='lat'>76.</span> <span class='ocrx_word' id='word_1_200' title='bbox 559 1738 715 1769; x_wconf 80' lang='lat' dir='ltr'>theusam</span> <span class='ocrx_word' id='word_1_201' title='bbox 732 1743 768 1770; x_wconf 86' lang='lat' dir='ltr'>et</span> 
     </span>
     <span class='ocr_line' id='line_1_39' title="bbox 26 1780 766 1822; baseline 0.001 -11"><span class='ocrx_word' id='word_1_202' title='bbox 26 1780 194 1813; x_wconf 76' lang='lat' dir='ltr'>ferculum</span> <span class='ocrx_word' id='word_1_203' title='bbox 233 1782 382 1814; x_wconf 88' lang='lat' dir='ltr'>Circensi</span> <span class='ocrx_word' id='word_1_204' title='bbox 417 1791 552 1822; x_wconf 88' lang='lat' dir='ltr'>pompa.</span> <span class='ocrx_word' id='word_1_205' title='bbox 588 1781 766 1820; x_wconf 75' lang='lat' dir='ltr'>Ferculum</span> 
     </span>
     <span class='ocr_line' id='line_1_40' title="bbox 27 1825 764 1866; baseline 0.003 -11"><span class='ocrx_word' id='word_1_206' title='bbox 27 1825 226 1864; x_wconf 78' lang='lat' dir='ltr'>sufficiebat,</span> <span class='ocrx_word' id='word_1_207' title='bbox 251 1831 311 1857; x_wconf 90' lang='lat' dir='ltr'>aut</span> <span class='ocrx_word' id='word_1_208' title='bbox 336 1826 470 1862; x_wconf 70' lang='lat' dir='ltr'>mensa,</span> <span class='ocrx_word' id='word_1_209' title='bbox 487 1831 526 1856; x_wconf 88' lang='lat' dir='ltr'>ut</span> <span class='ocrx_word' id='word_1_210' title='bbox 547 1835 636 1866; x_wconf 78' lang='lat' dir='ltr'>soepe</span> <span class='ocrx_word' id='word_1_211' title='bbox 659 1835 764 1857; x_wconf 89' lang='lat' dir='ltr'>unum</span> 
     </span>
     <span class='ocr_line' id='line_1_41' title="bbox 27 1868 764 1910; baseline -0.001 -10"><span class='ocrx_word' id='word_1_212' title='bbox 27 1868 179 1908; x_wconf 77' lang='lat' dir='ltr'>ponitur,</span> <span class='ocrx_word' id='word_1_213' title='bbox 200 1869 260 1900; x_wconf 76' lang='lat' dir='ltr'>sed</span> <span class='ocrx_word' id='word_1_214' title='bbox 283 1869 416 1910; x_wconf 86' lang='lat' dir='ltr'>plenius</span> <span class='ocrx_word' id='word_1_215' title='bbox 442 1875 477 1899; x_wconf 88' lang='lat' dir='ltr'>et</span> <span class='ocrx_word' id='word_1_216' title='bbox 503 1869 693 1899; x_wconf 84' lang='lat' dir='ltr'>accuratius</span> <span class='ocrx_word' id='word_1_217' title='bbox 716 1870 764 1900; x_wconf 90' lang='lat' dir='ltr'>di—</span> 
     </span>
     <span class='ocr_line' id='line_1_42' title="bbox 24 1911 765 1952; baseline 0.003 -11"><span class='ocrx_word' id='word_1_218' title='bbox 24 1920 100 1942; x_wconf 85' lang='lat' dir='ltr'>cere</span> <span class='ocrx_word' id='word_1_219' title='bbox 116 1911 259 1944; x_wconf 82' lang='lat' dir='ltr'>volebat.</span> <span class='ocrx_word' id='word_1_220' title='bbox 280 1914 329 1944; x_wconf 86' lang='lat' dir='ltr'>sic</span> <span class='ocrx_word' id='word_1_221' title='bbox 343 1913 378 1943; x_wconf 91' lang='lat' dir='ltr'>in</span> <span class='ocrx_word' id='word_1_222' title='bbox 392 1912 567 1952; x_wconf 83' lang='lat' dir='ltr'>triumpho</span> <span class='ocrx_word' id='word_1_223' title='bbox 582 1914 765 1943; x_wconf 74' lang='lat' dir='ltr'>vehiculum</span> 
     </span>
     <span class='ocr_line' id='line_1_43' title="bbox 22 1954 765 1997; baseline 0.004 -13"><span class='ocrx_word' id='word_1_224' title='bbox 22 1958 59 1985; x_wconf 87' lang='lat' dir='ltr'>et</span> <span class='ocrx_word' id='word_1_225' title='bbox 73 1954 240 1987; x_wconf 78' lang='lat' dir='ltr'>ferculum</span> <span class='ocrx_word' id='word_1_226' title='bbox 257 1958 444 1997; x_wconf 80' lang='lat' dir='ltr'>promiscue</span> <span class='ocrx_word' id='word_1_227' title='bbox 460 1955 526 1986; x_wconf 83' lang='lat' dir='ltr'>dici</span> <span class='ocrx_word' id='word_1_228' title='bbox 542 1961 664 1996; x_wconf 89' lang='lat' dir='ltr'>potest.</span> <span class='ocrx_word' id='word_1_229' title='bbox 705 1956 765 1987; x_wconf 83' lang='lat' dir='ltr'>Ve-</span> 
     </span>
     <span class='ocr_line' id='line_1_44' title="bbox 23 1999 763 2037; baseline 0.001 -8"><span class='ocrx_word' id='word_1_230' title='bbox 23 1999 170 2030; x_wconf 70' lang='lat' dir='ltr'>hiculum</span> <span class='ocrx_word' id='word_1_231' title='bbox 194 2005 229 2030; x_wconf 86' lang='lat' dir='ltr'>et</span> <span class='ocrx_word' id='word_1_232' title='bbox 250 1999 371 2031; x_wconf 81' lang='lat' dir='ltr'>thensa</span> <span class='ocrx_word' id='word_1_233' title='bbox 385 2005 438 2030; x_wconf 87' lang='lat' dir='ltr'>est</span> <span class='ocrx_word' id='word_1_234' title='bbox 452 2008 582 2037; x_wconf 86' lang='lat' dir='ltr'>currus,</span> <span class='ocrx_word' id='word_1_235' title='bbox 597 1999 763 2030; x_wconf 85' lang='lat' dir='ltr'>ferculum</span> 
     </span>
     <span class='ocr_line' id='line_1_45' title="bbox 23 2041 763 2084; baseline 0.003 -12"><span class='ocrx_word' id='word_1_236' title='bbox 23 2046 77 2072; x_wconf 83' lang='lat' dir='ltr'>est</span> <span class='ocrx_word' id='word_1_237' title='bbox 93 2041 250 2074; x_wconf 80' lang='lat' dir='ltr'>machina</span> <span class='ocrx_word' id='word_1_238' title='bbox 268 2044 438 2084; x_wconf 85' lang='lat' dir='ltr'>imposita,</span> <span class='ocrx_word' id='word_1_239' title='bbox 453 2052 512 2074; x_wconf 85' lang='lat' dir='ltr'>seu</span> <span class='ocrx_word' id='word_1_240' title='bbox 528 2042 711 2083; x_wconf 85' lang='lat' dir='ltr'>pulpitum,</span> <span class='ocrx_word' id='word_1_241' title='bbox 726 2043 763 2074; x_wconf 81' lang='lat' dir='ltr'>in</span> 
     </span>
     <span class='ocr_line' id='line_1_46' title="bbox 23 2086 762 2127; baseline 0.001 -11"><span class='ocrx_word' id='word_1_242' title='bbox 23 2094 91 2124; x_wconf 81' lang='lat' dir='ltr'>quo</span> <span class='ocrx_word' id='word_1_243' title='bbox 114 2086 296 2117; x_wconf 84' lang='lat' dir='ltr'>simulacra</span> <span class='ocrx_word' id='word_1_244' title='bbox 320 2093 380 2117; x_wconf 82' lang='lat' dir='ltr'>aut</span> <span class='ocrx_word' id='word_1_245' title='bbox 408 2086 515 2127; x_wconf 86' lang='lat' dir='ltr'>spolia</span> <span class='ocrx_word' id='word_1_246' title='bbox 542 2091 762 2126; x_wconf 82' lang='lat' dir='ltr'>reponuntur.</span> 
     </span>
     <span class='ocr_line' id='line_1_47' title="bbox 23 2127 761 2162; baseline 0.003 -3"><span class='ocrx_word' id='word_1_247' title='bbox 23 2127 78 2159; x_wconf 80' lang='lat' dir='ltr'>lta</span> <span class='ocrx_word' id='word_1_248' title='bbox 98 2127 217 2160; x_wconf 76' lang='lat' dir='ltr'>Festus</span> <span class='ocrx_word' id='word_1_249' title='bbox 232 2135 267 2160; x_wconf 84' lang='lat' dir='ltr'>et</span> <span class='ocrx_word' id='word_1_250' title='bbox 285 2131 406 2161; x_wconf 79' lang='lat' dir='ltr'>Ascon.</span> <span class='ocrx_word' id='word_1_251' title='bbox 421 2140 451 2159; x_wconf 84' lang='lat' dir='ltr'>v.</span> <span class='ocrx_word' id='word_1_252' title='bbox 464 2130 621 2161; x_wconf 78' lang='lat' dir='ltr'>Torreat.</span> <span class='ocrx_word' id='word_1_253' title='bbox 637 2130 680 2161; x_wconf 84' lang='lat' dir='ltr'>ad</span> <span class='ocrx_word' id='word_1_254' title='bbox 694 2130 716 2160; x_wconf 93' lang='grc' dir='ltr'>Ι.</span> <span class='ocrx_word' id='word_1_255' title='bbox 733 2140 761 2162; x_wconf 91' lang='lat' dir='ltr'>c.</span> 
     </span>
     <span class='ocr_line' id='line_1_48' title="bbox 20 2171 546 2204; baseline 0.004 -2"><span class='ocrx_word' id='word_1_256' title='bbox 20 2171 171 2204; x_wconf 71' lang='lat' dir='ltr'>Seheffes</span> <span class='ocrx_word' id='word_1_257' title='bbox 184 2173 226 2204; x_wconf 89' lang='lat' dir='ltr'>de</span> <span class='ocrx_word' id='word_1_258' title='bbox 245 2173 294 2204; x_wconf 87' lang='lat' dir='ltr'>Re</span> <span class='ocrx_word' id='word_1_259' title='bbox 310 2173 426 2204; x_wconf 82' lang='lat' dir='ltr'>Vehic.</span> <span class='ocrx_word' id='word_1_260' title='bbox 442 2173 475 2204; x_wconf 89' lang='lat' dir='ltr'>ii.</span> <span class='ocrx_word' id='word_1_261' title='bbox 492 2175 546 2204; x_wconf 77' lang='lat'>24.</span> 
     </span>
    </p>

    <p class='ocr_par' dir='ltr' id='par_1_7' title="bbox 15 2214 762 2559">
     <span class='ocr_line' id='line_1_49' title="bbox 40 2214 761 2258; baseline 0 -12"><span class='ocrx_word' id='word_1_262' title='bbox 40 2222 43 2223; x_wconf 72' lang='grc'>’</span> <span class='ocrx_word' id='word_1_263' title='bbox 66 2214 137 2255; x_wconf 78' lang='lat' dir='ltr'>Vel,</span> <span class='ocrx_word' id='word_1_264' title='bbox 151 2217 299 2258; x_wconf 85' lang='lat' dir='ltr'>exempli</span> <span class='ocrx_word' id='word_1_265' title='bbox 322 2227 435 2255; x_wconf 88' lang='lat' dir='ltr'>causa,</span> <span class='ocrx_word' id='word_1_266' title='bbox 452 2221 491 2247; x_wconf 89' lang='lat' dir='ltr'>ut</span> <span class='ocrx_word' id='word_1_267' title='bbox 512 2224 619 2246; x_wconf 89' lang='lat' dir='ltr'>unum</span> <span class='ocrx_word' id='word_1_268' title='bbox 634 2215 698 2246; x_wconf 86' lang='lat' dir='ltr'>hoc</span> <span class='ocrx_word' id='word_1_269' title='bbox 714 2215 761 2247; x_wconf 85' lang='lat' dir='ltr'>af-</span> 
     </span>
     <span class='ocr_line' id='line_1_50' title="bbox 18 2257 762 2299; baseline 0.001 -10"><span class='ocrx_word' id='word_1_270' title='bbox 18 2257 138 2290; x_wconf 79' lang='lat' dir='ltr'>feram.</span> <span class='ocrx_word' id='word_1_271' title='bbox 166 2259 209 2290; x_wconf 86' lang='lat' dir='ltr'>ad</span> <span class='ocrx_word' id='word_1_272' title='bbox 225 2260 301 2291; x_wconf 92' lang='lat' dir='ltr'><strong>Div.</strong></span> <span class='ocrx_word' id='word_1_273' title='bbox 316 2262 350 2291; x_wconf 90' lang='lat' dir='ltr'>ii.</span> <span class='ocrx_word' id='word_1_274' title='bbox 372 2263 420 2292; x_wconf 89' lang='grc'>13.</span> <span class='ocrx_word' id='word_1_275' title='bbox 449 2261 501 2291; x_wconf 82' lang='lat' dir='ltr'>vel</span> <span class='ocrx_word' id='word_1_276' title='bbox 514 2269 596 2299; x_wconf 81' lang='lat' dir='ltr'>quas</span> <span class='ocrx_word' id='word_1_277' title='bbox 611 2259 762 2299; x_wconf 85' lang='lat' dir='ltr'>proxime</span> 
     </span>
     <span class='ocr_line' id='line_1_51' title="bbox 19 2303 762 2345; baseline 0.001 -13"><span class='ocrx_word' id='word_1_278' title='bbox 19 2311 227 2345; x_wconf 80' lang='lat' dir='ltr'>acceperam.</span> <span class='ocrx_word' id='word_1_279' title='bbox 242 2304 321 2335; x_wconf 92' lang='lat' dir='ltr'>ibid.</span> <span class='ocrx_word' id='word_1_280' title='bbox 334 2305 390 2335; x_wconf 83' lang='lat' dir='ltr'>vii.</span> <span class='ocrx_word' id='word_1_281' title='bbox 402 2306 456 2335; x_wconf 73' lang='lat'>24.</span> <span class='ocrx_word' id='word_1_282' title='bbox 473 2304 594 2333; x_wconf 85' lang='lat' dir='ltr'>amoris</span> <span class='ocrx_word' id='word_1_283' title='bbox 606 2303 670 2341; x_wconf 87' lang='lat' dir='ltr'>tui,</span> <span class='ocrx_word' id='word_1_284' title='bbox 679 2313 762 2343; x_wconf 90' lang='lat' dir='ltr'>quo-</span> 
     </span>
     <span class='ocr_line' id='line_1_52' title="bbox 17 2346 759 2388; baseline 0.001 -12"><span class='ocrx_word' id='word_1_285' title='bbox 17 2352 85 2384; x_wconf 78' lang='lat' dir='ltr'>quo</span> <span class='ocrx_word' id='word_1_286' title='bbox 101 2354 156 2376; x_wconf 78' lang='lat' dir='ltr'>me</span> <span class='ocrx_word' id='word_1_287' title='bbox 170 2354 264 2378; x_wconf 84' lang='lat' dir='ltr'>verto</span> <span class='ocrx_word' id='word_1_288' title='bbox 281 2349 429 2388; x_wconf 83' lang='lat' dir='ltr'>vestigia.</span> <span class='ocrx_word' id='word_1_289' title='bbox 477 2346 537 2377; x_wconf 86' lang='lat' dir='ltr'>Vel</span> <span class='ocrx_word' id='word_1_290' title='bbox 553 2347 702 2387; x_wconf 80' lang='lat' dir='ltr'>proxime</span> <span class='ocrx_word' id='word_1_291' title='bbox 717 2346 759 2378; x_wconf 83' lang='lat' dir='ltr'>de</span> 
     </span>
     <span class='ocr_line' id='line_1_53' title="bbox 19 2387 760 2431; baseline 0.004 -13"><span class='ocrx_word' id='word_1_292' title='bbox 19 2387 174 2429; x_wconf 76' lang='lat' dir='ltr'>Tigellio.</span> <span class='ocrx_word' id='word_1_293' title='bbox 205 2393 373 2431; x_wconf 78' lang='lat' dir='ltr'>*partim.</span> <span class='ocrx_word' id='word_1_294' title='bbox 403 2390 445 2421; x_wconf 83' lang='lat' dir='ltr'>ad</span> <span class='ocrx_word' id='word_1_295' title='bbox 460 2390 537 2422; x_wconf 86' lang='lat' dir='ltr'><strong>Div.</strong></span> <span class='ocrx_word' id='word_1_296' title='bbox 555 2400 606 2422; x_wconf 81' lang='lat' dir='ltr'>xv.</span> <span class='ocrx_word' id='word_1_297' title='bbox 628 2392 655 2420; x_wconf 88' lang='lat'>1.</span> <span class='ocrx_word' id='word_1_298' title='bbox 685 2400 760 2430; x_wconf 82' lang='lat' dir='ltr'>quae</span> 
     </span>
     <span class='ocr_line' id='line_1_54' title="bbox 18 2431 760 2473; baseline 0.003 -11"><span class='ocrx_word' id='word_1_299' title='bbox 18 2431 63 2462; x_wconf 81' lang='lat' dir='ltr'>ad</span> <span class='ocrx_word' id='word_1_300' title='bbox 92 2442 147 2464; x_wconf 90' lang='lat' dir='ltr'>me</span> <span class='ocrx_word' id='word_1_301' title='bbox 177 2433 291 2469; x_wconf 83' lang='lat' dir='ltr'>delata</span> <span class='ocrx_word' id='word_1_302' title='bbox 319 2438 413 2473; x_wconf 78' lang='lat' dir='ltr'>sunt,</span> <span class='ocrx_word' id='word_1_303' title='bbox 437 2434 478 2464; x_wconf 86' lang='lat' dir='ltr'>ad</span> <span class='ocrx_word' id='word_1_304' title='bbox 504 2443 559 2464; x_wconf 81' lang='lat' dir='ltr'>vos</span> <span class='ocrx_word' id='word_1_305' title='bbox 583 2433 760 2464; x_wconf 78' lang='lat' dir='ltr'>scribenda</span> 
     </span>
     <span class='ocr_line' id='line_1_55' title="bbox 17 2477 760 2518; baseline 0.004 -12"><span class='ocrx_word' id='word_1_306' title='bbox 17 2477 155 2515; x_wconf 81' lang='lat' dir='ltr'>putavi:</span> <span class='ocrx_word' id='word_1_307' title='bbox 192 2480 246 2509; x_wconf 81' lang='lat' dir='ltr'>vel</span> <span class='ocrx_word' id='word_1_308' title='bbox 271 2479 359 2518; x_wconf 76' lang='lat' dir='ltr'>quod</span> <span class='ocrx_word' id='word_1_309' title='bbox 386 2483 487 2509; x_wconf 82' lang='lat' dir='ltr'>tanta</span> <span class='ocrx_word' id='word_1_310' title='bbox 513 2486 565 2508; x_wconf 79' lang='lat' dir='ltr'>res</span> <span class='ocrx_word' id='word_1_311' title='bbox 594 2483 678 2516; x_wconf 79' lang='lat' dir='ltr'>erat,</span> <span class='ocrx_word' id='word_1_312' title='bbox 707 2479 760 2509; x_wconf 71' lang='lat' dir='ltr'>vol</span> 
     </span>
     <span class='ocr_line' id='line_1_56' title="bbox 15 2519 182 2559; baseline 0.012 -9"><span class='ocrx_word' id='word_1_313' title='bbox 15 2519 105 2559; x_wconf 88' lang='lat' dir='ltr'>quod</span> <span class='ocrx_word' id='word_1_314' title='bbox 120 2520 182 2552; x_wconf 66' lang='lat' dir='ltr'>dre.</span> 
     </span>
    </p>

    <p class='ocr_par' dir='ltr' id='par_1_8' title="bbox 11 2561 757 2908">
     <span class='ocr_line' id='line_1_57' title="bbox 62 2561 757 2605; baseline -0.001 -11"><span class='ocrx_word' id='word_1_315' title='bbox 62 2561 254 2603; x_wconf 76' lang='lat' dir='ltr'>Velabrum,</span> <span class='ocrx_word' id='word_1_316' title='bbox 290 2563 448 2605; x_wconf 82' lang='lat' dir='ltr'>planities</span> <span class='ocrx_word' id='word_1_317' title='bbox 492 2564 583 2594; x_wconf 80' lang='lat' dir='ltr'>inter</span> <span class='ocrx_word' id='word_1_318' title='bbox 621 2562 757 2604; x_wconf 80' lang='lat' dir='ltr'>Capito-</span> 
     </span>
     <span class='ocr_line' id='line_1_58' title="bbox 15 2604 757 2646; baseline 0.003 -11"><span class='ocrx_word' id='word_1_319' title='bbox 15 2604 114 2644; x_wconf 82' lang='lat' dir='ltr'>lium,</span> <span class='ocrx_word' id='word_1_320' title='bbox 149 2607 354 2646; x_wconf 85' lang='lat' dir='ltr'>Palatinum,</span> <span class='ocrx_word' id='word_1_321' title='bbox 387 2614 423 2638; x_wconf 88' lang='lat' dir='ltr'>et</span> <span class='ocrx_word' id='word_1_322' title='bbox 459 2606 675 2638; x_wconf 83' lang='lat' dir='ltr'>Aventinum.</span> <span class='ocrx_word' id='word_1_323' title='bbox 714 2607 757 2637; x_wconf 86' lang='lat' dir='ltr'>ad</span> 
     </span>
     <span class='ocr_line' id='line_1_59' title="bbox 13 2648 757 2682; baseline 0.001 -3"><span class='ocrx_word' id='word_1_324' title='bbox 13 2648 111 2680; x_wconf 84' lang='lat' dir='ltr'>Brut.</span> <span class='ocrx_word' id='word_1_325' title='bbox 138 2652 189 2682; x_wconf 85' lang='lat'>1⁵.</span> <span class='ocrx_word' id='word_1_326' title='bbox 220 2651 387 2682; x_wconf 74' lang='lat' dir='ltr'>Lai-entire</span> <span class='ocrx_word' id='word_1_327' title='bbox 410 2650 452 2682; x_wconf 89' lang='lat' dir='ltr'>ad</span> <span class='ocrx_word' id='word_1_328' title='bbox 468 2660 560 2682; x_wconf 81' lang='lat' dir='ltr'>aram</span> <span class='ocrx_word' id='word_1_329' title='bbox 575 2650 611 2680; x_wconf 84' lang='lat' dir='ltr'>in</span> <span class='ocrx_word' id='word_1_330' title='bbox 627 2651 757 2681; x_wconf 80' lang='lat' dir='ltr'>velabro</span> 
     </span>
     <span class='ocr_line' id='line_1_60' title="bbox 13 2691 755 2734; baseline 0.003 -13"><span class='ocrx_word' id='word_1_331' title='bbox 13 2691 216 2724; x_wconf 71' lang='lat' dir='ltr'>sacrificium</span> <span class='ocrx_word' id='word_1_332' title='bbox 239 2696 416 2734; x_wconf 83' lang='lat' dir='ltr'>pontifices</span> <span class='ocrx_word' id='word_1_333' title='bbox 438 2694 548 2725; x_wconf 78' lang='lat' dir='ltr'>facere</span> <span class='ocrx_word' id='word_1_334' title='bbox 567 2692 688 2724; x_wconf 75' lang='lat' dir='ltr'>solent.</span> <span class='ocrx_word' id='word_1_335' title='bbox 714 2694 755 2724; x_wconf 85' lang='lat' dir='ltr'>de</span> 
     </span>
     <span class='ocr_line' id='line_1_61' title="bbox 12 2736 753 2770; baseline 0.004 -5"><span class='ocrx_word' id='word_1_336' title='bbox 12 2736 142 2766; x_wconf 75' lang='lat' dir='ltr'>velabro</span> <span class='ocrx_word' id='word_1_337' title='bbox 162 2746 194 2768; x_wconf 84' lang='lat' dir='ltr'>v.</span> <span class='ocrx_word' id='word_1_338' title='bbox 210 2737 335 2770; x_wconf 79' lang='lat' dir='ltr'>Donat.</span> <span class='ocrx_word' id='word_1_339' title='bbox 366 2739 465 2770; x_wconf 86' lang='lat' dir='ltr'>Rom.</span> <span class='ocrx_word' id='word_1_340' title='bbox 488 2748 518 2768; x_wconf 85' lang='lat' dir='ltr'>v.</span> <span class='ocrx_word' id='word_1_341' title='bbox 534 2743 570 2768; x_wconf 88' lang='lat' dir='ltr'>et</span> <span class='ocrx_word' id='word_1_342' title='bbox 591 2737 633 2768; x_wconf 83' lang='lat' dir='ltr'>R.</span> <span class='ocrx_word' id='word_1_343' title='bbox 651 2737 686 2768; x_wconf 82' lang='lat' dir='ltr'>ii.</span> <span class='ocrx_word' id='word_1_344' title='bbox 705 2739 753 2769; x_wconf 80' lang='lat'>15.</span> 
     </span>
     <span class='ocr_line' id='line_1_62' title="bbox 39 2821 754 2860; baseline 0.001 -7"><span class='ocrx_word' id='word_1_345' title='bbox 39 2834 44 2840; x_wconf 92' lang='lat'><em>·</em></span> <span class='ocrx_word' id='word_1_346' title='bbox 59 2821 204 2854; x_wconf 68' lang='lat' dir='ltr'>Vezaeus.</span> <span class='ocrx_word' id='word_1_347' title='bbox 230 2823 331 2856; x_wconf 87' lang='lat' dir='ltr'>Dom.</span> <span class='ocrx_word' id='word_1_348' title='bbox 346 2827 401 2860; x_wconf 81' lang='lat'>47.</span> <span class='ocrx_word' id='word_1_349' title='bbox 430 2825 512 2858; x_wconf 86' lang='lat' dir='ltr'>Nat.</span> <span class='ocrx_word' id='word_1_350' title='bbox 528 2824 572 2856; x_wconf 93' lang='lat' dir='ltr'>D.</span> <span class='ocrx_word' id='word_1_351' title='bbox 589 2823 624 2854; x_wconf 86' lang='lat' dir='ltr'>ii.</span> <span class='ocrx_word' id='word_1_352' title='bbox 641 2825 673 2855; x_wconf 84' lang='lat'>3.</span> <span class='ocrx_word' id='word_1_353' title='bbox 700 2833 754 2855; x_wconf 85' lang='lat' dir='ltr'>ca·</span> 
     </span>
     <span class='ocr_line' id='line_1_63' title="bbox 11 2864 754 2908; baseline 0.003 -12"><span class='ocrx_word' id='word_1_354' title='bbox 11 2864 83 2908; x_wconf 81' lang='lat' dir='ltr'>pite</span> <span class='ocrx_word' id='word_1_355' title='bbox 96 2867 211 2899; x_wconf 66' lang='lat' dir='ltr'>velato.</span> <span class='ocrx_word' id='word_1_356' title='bbox 255 2866 297 2899; x_wconf 85' lang='lat' dir='ltr'>ln</span> <span class='ocrx_word' id='word_1_357' title='bbox 318 2869 428 2908; x_wconf 84' lang='lat' dir='ltr'>primo</span> <span class='ocrx_word' id='word_1_358' title='bbox 449 2869 523 2900; x_wconf 82' lang='lat' dir='ltr'>loco</span> <span class='ocrx_word' id='word_1_359' title='bbox 537 2872 590 2899; x_wconf 72' lang='lat' dir='ltr'>est</span> <span class='ocrx_word' id='word_1_360' title='bbox 604 2868 645 2898; x_wconf 84' lang='lat' dir='ltr'>de</span> <span class='ocrx_word' id='word_1_361' title='bbox 661 2867 754 2899; x_wconf 76' lang='lat' dir='ltr'>dedi-</span> 
     </span>
    </p>
   </div>
   <div class='ocr_carea' id='block_1_3' title="bbox 1493 80 1573 128">
    <p class='ocr_par' dir='ltr' id='par_1_9' title="bbox 1493 80 1573 128">
     <span class='ocr_line' id='line_1_64' title="bbox 1493 80 1573 128; baseline 0 -8"><span class='ocrx_word' id='word_1_362' title='bbox 1493 80 1573 128; x_wconf 81' lang='lat'>⁴71</span> 
     </span>
    </p>
   </div>
   <div class='ocr_carea' id='block_1_4' title="bbox 816 177 1572 1172">
    <p class='ocr_par' dir='ltr' id='par_1_10' title="bbox 818 177 1572 1041">
     <span class='ocr_line' id='line_1_65' title="bbox 829 177 1572 218; baseline 0.004 -10"><span class='ocrx_word' id='word_1_363' title='bbox 829 183 943 216; x_wconf 74' lang='lat' dir='ltr'>cante,</span> <span class='ocrx_word' id='word_1_364' title='bbox 960 178 995 208; x_wconf 91' lang='lat' dir='ltr'>in</span> <span class='ocrx_word' id='word_1_365' title='bbox 1011 178 1118 209; x_wconf 84' lang='lat' dir='ltr'>altero</span> <span class='ocrx_word' id='word_1_366' title='bbox 1133 178 1173 209; x_wconf 89' lang='lat' dir='ltr'>de</span> <span class='ocrx_word' id='word_1_367' title='bbox 1189 178 1309 218; x_wconf 85' lang='lat' dir='ltr'>Decio,</span> <span class='ocrx_word' id='word_1_368' title='bbox 1325 187 1360 210; x_wconf 76' lang='lat' dir='ltr'>se</span> <span class='ocrx_word' id='word_1_369' title='bbox 1375 177 1572 211; x_wconf 82' lang='lat' dir='ltr'>devovente.</span> 
     </span>
     <span class='ocr_line' id='line_1_66' title="bbox 830 220 1568 263; baseline 0.003 -12"><span class='ocrx_word' id='word_1_370' title='bbox 830 220 947 260; x_wconf 75' lang='lat' dir='ltr'>ltaque</span> <span class='ocrx_word' id='word_1_371' title='bbox 971 230 1038 252; x_wconf 90' lang='lat' dir='ltr'>non</span> <span class='ocrx_word' id='word_1_372' title='bbox 1062 221 1178 252; x_wconf 88' lang='lat' dir='ltr'>eodem</span> <span class='ocrx_word' id='word_1_373' title='bbox 1207 222 1306 253; x_wconf 89' lang='lat' dir='ltr'>modo</span> <span class='ocrx_word' id='word_1_374' title='bbox 1333 223 1568 263; x_wconf 75' lang='lat' dir='ltr'>accipiendum</span> 
     </span>
     <span class='ocr_line' id='line_1_67' title="bbox 829 263 1568 297; baseline 0.004 -3"><span class='ocrx_word' id='word_1_375' title='bbox 829 263 914 294; x_wconf 83' lang='lat' dir='ltr'>illud</span> <span class='ocrx_word' id='word_1_376' title='bbox 936 265 1056 294; x_wconf 76' lang='lat' dir='ltr'>velare.</span> <span class='ocrx_word' id='word_1_377' title='bbox 1102 264 1188 295; x_wconf 87' lang='lat' dir='ltr'>Nam</span> <span class='ocrx_word' id='word_1_378' title='bbox 1212 265 1398 296; x_wconf 78' lang='lat' dir='ltr'>dedicantis</span> <span class='ocrx_word' id='word_1_379' title='bbox 1416 265 1568 297; x_wconf 82' lang='lat' dir='ltr'>velamen</span> 
     </span>
     <span class='ocr_line' id='line_1_68' title="bbox 829 306 1569 349; baseline 0.004 -12"><span class='ocrx_word' id='word_1_380' title='bbox 829 306 918 337; x_wconf 89' lang='lat' dir='ltr'>idem</span> <span class='ocrx_word' id='word_1_381' title='bbox 934 310 998 345; x_wconf 79' lang='lat' dir='ltr'>est,</span> <span class='ocrx_word' id='word_1_382' title='bbox 1013 307 1102 346; x_wconf 90' lang='lat' dir='ltr'>quod</span> <span class='ocrx_word' id='word_1_383' title='bbox 1117 308 1348 346; x_wconf 85' lang='lat' dir='ltr'>sacrificantis,</span> <span class='ocrx_word' id='word_1_384' title='bbox 1365 308 1454 349; x_wconf 85' lang='lat' dir='ltr'>quod</span> <span class='ocrx_word' id='word_1_385' title='bbox 1469 309 1569 348; x_wconf 68' lang='lat' dir='ltr'>quale</span> 
     </span>
     <span class='ocr_line' id='line_1_69' title="bbox 827 351 1568 393; baseline 0.003 -12"><span class='ocrx_word' id='word_1_386' title='bbox 827 351 884 389; x_wconf 78' lang='lat' dir='ltr'>sit,</span> <span class='ocrx_word' id='word_1_387' title='bbox 914 360 932 380; x_wconf 90' lang='lat' dir='ltr'>e</span> <span class='ocrx_word' id='word_1_388' title='bbox 963 351 1193 381; x_wconf 74' lang='lat' dir='ltr'>monumentis</span> <span class='ocrx_word' id='word_1_389' title='bbox 1231 353 1376 391; x_wconf 81' lang='lat' dir='ltr'>antiquis</span> <span class='ocrx_word' id='word_1_390' title='bbox 1413 358 1568 393; x_wconf 76' lang='lat' dir='ltr'>apparet,</span> 
     </span>
     <span class='ocr_line' id='line_1_70' title="bbox 827 393 1566 436; baseline 0.004 -12"><span class='ocrx_word' id='word_1_391' title='bbox 827 403 949 434; x_wconf 84' lang='lat' dir='ltr'>nempe</span> <span class='ocrx_word' id='word_1_392' title='bbox 977 393 1155 433; x_wconf 87' lang='lat' dir='ltr'>ejusmodi,</span> <span class='ocrx_word' id='word_1_393' title='bbox 1181 394 1268 432; x_wconf 86' lang='lat' dir='ltr'>quod</span> <span class='ocrx_word' id='word_1_394' title='bbox 1299 399 1414 434; x_wconf 87' lang='lat' dir='ltr'>caput,</span> <span class='ocrx_word' id='word_1_395' title='bbox 1441 402 1566 436; x_wconf 78' lang='lat' dir='ltr'>praeter·</span> 
     </span>
     <span class='ocr_line' id='line_1_71' title="bbox 825 436 1565 480; baseline 0.003 -12"><span class='ocrx_word' id='word_1_396' title='bbox 825 447 876 475; x_wconf 87' lang='lat' dir='ltr'>os,</span> <span class='ocrx_word' id='word_1_397' title='bbox 891 443 1002 468; x_wconf 84' lang='lat' dir='ltr'>totum</span> <span class='ocrx_word' id='word_1_398' title='bbox 1026 438 1154 478; x_wconf 79' lang='lat' dir='ltr'>operit3</span> <span class='ocrx_word' id='word_1_399' title='bbox 1177 436 1267 466; x_wconf 90' lang='lat' dir='ltr'>unde</span> <span class='ocrx_word' id='word_1_400' title='bbox 1289 438 1431 468; x_wconf 80' lang='lat' dir='ltr'>amictus</span> <span class='ocrx_word' id='word_1_401' title='bbox 1451 438 1565 480; x_wconf 88' lang='lat' dir='ltr'>appel-</span> 
     </span>
     <span class='ocr_line' id='line_1_72' title="bbox 827 479 1562 521; baseline 0.001 -10"><span class='ocrx_word' id='word_1_402' title='bbox 827 481 917 511; x_wconf 88' lang='lat' dir='ltr'>latur</span> <span class='ocrx_word' id='word_1_403' title='bbox 939 481 1054 521; x_wconf 74' lang='lat' dir='ltr'>virg-il.</span> <span class='ocrx_word' id='word_1_404' title='bbox 1069 479 1201 512; x_wconf 84' lang='lat' dir='ltr'>AEneid.</span> <span class='ocrx_word' id='word_1_405' title='bbox 1218 480 1264 510; x_wconf 86' lang='lat' dir='ltr'>iii.</span> <span class='ocrx_word' id='word_1_406' title='bbox 1279 482 1354 511; x_wconf 78' lang='lat'><strong>405.</strong></span> <span class='ocrx_word' id='word_1_407' title='bbox 1382 491 1410 511; x_wconf 92' lang='lat' dir='ltr'>v.</span> <span class='ocrx_word' id='word_1_408' title='bbox 1427 481 1488 512; x_wconf 88' lang='lat' dir='ltr'>hoc</span> <span class='ocrx_word' id='word_1_409' title='bbox 1505 493 1562 512; x_wconf 85' lang='lat' dir='ltr'>ve-</span> 
     </span>
     <span class='ocr_line' id='line_1_73' title="bbox 826 524 1562 564; baseline 0.001 -9"><span class='ocrx_word' id='word_1_410' title='bbox 826 524 960 555; x_wconf 71' lang='lat' dir='ltr'>laminis</span> <span class='ocrx_word' id='word_1_411' title='bbox 981 534 1087 564; x_wconf 85' lang='lat' dir='ltr'>genus</span> <span class='ocrx_word' id='word_1_412' title='bbox 1103 525 1138 554; x_wconf 87' lang='lat' dir='ltr'>in</span> <span class='ocrx_word' id='word_1_413' title='bbox 1156 524 1385 554; x_wconf 85' lang='lat' dir='ltr'>monumentis</span> <span class='ocrx_word' id='word_1_414' title='bbox 1400 530 1434 554; x_wconf 86' lang='lat' dir='ltr'>et</span> <span class='ocrx_word' id='word_1_415' title='bbox 1450 526 1562 556; x_wconf 80' lang='lat' dir='ltr'>numis</span> 
     </span>
     <span class='ocr_line' id='line_1_74' title="bbox 825 566 1564 608; baseline 0.001 -10"><span class='ocrx_word' id='word_1_416' title='bbox 825 577 878 608; x_wconf 82' lang='lat' dir='ltr'>ap.</span> <span class='ocrx_word' id='word_1_417' title='bbox 903 567 1044 598; x_wconf 85' lang='lat' dir='ltr'>Guther.</span> <span class='ocrx_word' id='word_1_418' title='bbox 1060 567 1134 598; x_wconf 76' lang='lat' dir='ltr'>Jur.</span> <span class='ocrx_word' id='word_1_419' title='bbox 1159 566 1255 597; x_wconf 80' lang='lat' dir='ltr'>Pont.</span> <span class='ocrx_word' id='word_1_420' title='bbox 1271 566 1307 596; x_wconf 89' lang='lat' dir='ltr'>ii.</span> <span class='ocrx_word' id='word_1_421' title='bbox 1328 569 1378 597; x_wconf 86' lang='grc'><strong>14.</strong></span> <span class='ocrx_word' id='word_1_422' title='bbox 1402 567 1448 597; x_wconf 86' lang='lat' dir='ltr'>iii.</span> <span class='ocrx_word' id='word_1_423' title='bbox 1464 568 1496 598; x_wconf 77' lang='lat'>6.</span> <span class='ocrx_word' id='word_1_424' title='bbox 1519 569 1564 599; x_wconf 90' lang='lat' dir='ltr'>iv.</span> 
     </span>
     <span class='ocr_line' id='line_1_75' title="bbox 825 610 1564 649; baseline 0 -7"><span class='ocrx_word' id='word_1_425' title='bbox 825 612 856 642; x_wconf 91' lang='lat'><strong>6.</strong></span> <span class='ocrx_word' id='word_1_426' title='bbox 881 610 991 649; x_wconf 83' lang='lat' dir='ltr'>Hujus</span> <span class='ocrx_word' id='word_1_427' title='bbox 1005 611 1178 642; x_wconf 83' lang='lat' dir='ltr'>velationis</span> <span class='ocrx_word' id='word_1_428' title='bbox 1190 618 1324 640; x_wconf 79' lang='lat' dir='ltr'>causam</span> <span class='ocrx_word' id='word_1_429' title='bbox 1337 610 1468 640; x_wconf 87' lang='lat' dir='ltr'>Servius</span> <span class='ocrx_word' id='word_1_430' title='bbox 1480 611 1564 642; x_wconf 78' lang='lat' dir='ltr'>facit</span> 
     </span>
     <span class='ocr_line' id='line_1_76' title="bbox 825 651 1563 693; baseline 0.001 -9"><span class='ocrx_word' id='word_1_431' title='bbox 825 654 913 684; x_wconf 87' lang='lat' dir='ltr'>hanc</span> <span class='ocrx_word' id='word_1_432' title='bbox 935 655 978 685; x_wconf 87' lang='lat' dir='ltr'>ad</span> <span class='ocrx_word' id='word_1_433' title='bbox 994 654 1016 685; x_wconf 93' lang='lat' dir='ltr'>l.</span> <span class='ocrx_word' id='word_1_434' title='bbox 1031 665 1060 685; x_wconf 89' lang='lat' dir='ltr'>c.</span> <span class='ocrx_word' id='word_1_435' title='bbox 1077 653 1246 685; x_wconf 76' lang='lat' dir='ltr'>Plutarch.</span> <span class='ocrx_word' id='word_1_436' title='bbox 1268 651 1396 693; x_wconf 71' lang='lat' dir='ltr'>Quaest.</span> <span class='ocrx_word' id='word_1_437' title='bbox 1419 653 1517 684; x_wconf 86' lang='lat' dir='ltr'>Rom.</span> <span class='ocrx_word' id='word_1_438' title='bbox 1534 661 1563 685; x_wconf 88' lang='lat' dir='ltr'>t.</span> 
     </span>
     <span class='ocr_line' id='line_1_77' title="bbox 823 696 1563 737; baseline 0.001 -10"><span class='ocrx_word' id='word_1_439' title='bbox 823 697 857 727; x_wconf 92' lang='lat' dir='ltr'>ii.</span> <span class='ocrx_word' id='word_1_440' title='bbox 874 707 906 737; x_wconf 90' lang='lat' dir='ltr'>p.</span> <span class='ocrx_word' id='word_1_441' title='bbox 929 698 1004 729; x_wconf 70' lang='lat'><strong>266.</strong></span> <span class='ocrx_word' id='word_1_442' title='bbox 1037 708 1079 728; x_wconf 80' lang='lat' dir='ltr'>ne</span> <span class='ocrx_word' id='word_1_443' title='bbox 1102 698 1192 728; x_wconf 88' lang='lat' dir='ltr'>inter</span> <span class='ocrx_word' id='word_1_444' title='bbox 1212 696 1468 727; x_wconf 80' lang='lat' dir='ltr'>sacrificandum</span> <span class='ocrx_word' id='word_1_445' title='bbox 1492 707 1563 728; x_wconf 87' lang='lat' dir='ltr'>ver·</span> 
     </span>
     <span class='ocr_line' id='line_1_78' title="bbox 822 740 1560 778; baseline -0.001 -7"><span class='ocrx_word' id='word_1_446' title='bbox 822 740 901 771; x_wconf 86' lang='lat' dir='ltr'>bum</span> <span class='ocrx_word' id='word_1_447' title='bbox 923 741 1010 771; x_wconf 88' lang='lat' dir='ltr'>male</span> <span class='ocrx_word' id='word_1_448' title='bbox 1024 742 1228 778; x_wconf 84' lang='lat' dir='ltr'>ominatum,</span> <span class='ocrx_word' id='word_1_449' title='bbox 1242 746 1369 770; x_wconf 85' lang='lat' dir='ltr'>temere</span> <span class='ocrx_word' id='word_1_450' title='bbox 1383 741 1560 778; x_wconf 82' lang='lat' dir='ltr'>emissum,</span> 
     </span>
     <span class='ocr_line' id='line_1_79' title="bbox 822 783 1562 821; baseline 0 -7"><span class='ocrx_word' id='word_1_451' title='bbox 822 784 864 814; x_wconf 90' lang='lat' dir='ltr'>ad</span> <span class='ocrx_word' id='word_1_452' title='bbox 880 793 977 814; x_wconf 87' lang='lat' dir='ltr'>aures</span> <span class='ocrx_word' id='word_1_453' title='bbox 991 785 1210 814; x_wconf 84' lang='lat' dir='ltr'>sacrificantis</span> <span class='ocrx_word' id='word_1_454' title='bbox 1225 783 1404 821; x_wconf 85' lang='lat' dir='ltr'>accideret,</span> <span class='ocrx_word' id='word_1_455' title='bbox 1416 788 1451 814; x_wconf 90' lang='lat' dir='ltr'>et</span> <span class='ocrx_word' id='word_1_456' title='bbox 1467 793 1562 814; x_wconf 84' lang='lat' dir='ltr'>sacra</span> 
     </span>
     <span class='ocr_line' id='line_1_80' title="bbox 820 826 1560 858; baseline 0 -1"><span class='ocrx_word' id='word_1_457' title='bbox 820 828 984 858; x_wconf 84' lang='lat' dir='ltr'>turbaret.</span> <span class='ocrx_word' id='word_1_458' title='bbox 1028 827 1068 857; x_wconf 77' lang='lat' dir='ltr'>ln</span> <span class='ocrx_word' id='word_1_459' title='bbox 1084 827 1260 857; x_wconf 85' lang='lat' dir='ltr'>devotione</span> <span class='ocrx_word' id='word_1_460' title='bbox 1274 833 1389 857; x_wconf 87' lang='lat' dir='ltr'>autem</span> <span class='ocrx_word' id='word_1_461' title='bbox 1406 826 1560 858; x_wconf 79' lang='lat' dir='ltr'>velamen</span> 
     </span>
     <span class='ocr_line' id='line_1_81' title="bbox 824 870 1562 911; baseline 0 -10"><span class='ocrx_word' id='word_1_462' title='bbox 824 870 909 911; x_wconf 86' lang='lat' dir='ltr'>(Liv.</span> <span class='ocrx_word' id='word_1_463' title='bbox 926 871 993 901; x_wconf 89' lang='lat' dir='ltr'>viii.</span> <span class='ocrx_word' id='word_1_464' title='bbox 1008 870 1053 909; x_wconf 84' lang='lat'>9.)</span> <span class='ocrx_word' id='word_1_465' title='bbox 1073 871 1161 901; x_wconf 89' lang='lat' dir='ltr'>idern</span> <span class='ocrx_word' id='word_1_466' title='bbox 1179 875 1243 907; x_wconf 86' lang='lat' dir='ltr'>est,</span> <span class='ocrx_word' id='word_1_467' title='bbox 1253 870 1343 909; x_wconf 84' lang='lat' dir='ltr'>quod</span> <span class='ocrx_word' id='word_1_468' title='bbox 1354 870 1562 911; x_wconf 80' lang='lat' dir='ltr'>supplicum,</span> 
     </span>
     <span class='ocr_line' id='line_1_82' title="bbox 820 913 1560 955; baseline 0 -11"><span class='ocrx_word' id='word_1_469' title='bbox 820 913 1020 951; x_wconf 85' lang='lat' dir='ltr'>hostiarum,</span> <span class='ocrx_word' id='word_1_470' title='bbox 1037 924 1172 955; x_wconf 88' lang='lat' dir='ltr'>nempe,</span> <span class='ocrx_word' id='word_1_471' title='bbox 1188 920 1227 943; x_wconf 90' lang='lat' dir='ltr'>ut</span> <span class='ocrx_word' id='word_1_472' title='bbox 1247 919 1300 944; x_wconf 85' lang='lat' dir='ltr'>est</span> <span class='ocrx_word' id='word_1_473' title='bbox 1314 913 1401 953; x_wconf 84' lang='lat' dir='ltr'>apud</span> <span class='ocrx_word' id='word_1_474' title='bbox 1424 913 1560 945; x_wconf 89' lang='lat' dir='ltr'>Livium</span> 
     </span>
     <span class='ocr_line' id='line_1_83' title="bbox 819 956 1561 996; baseline 0.001 -9"><span class='ocrx_word' id='word_1_475' title='bbox 819 957 840 987; x_wconf 89' lang='lat' dir='ltr'>i.</span> <span class='ocrx_word' id='word_1_476' title='bbox 858 959 911 988; x_wconf 74' lang='lat'>32.</span> <span class='ocrx_word' id='word_1_477' title='bbox 939 958 1034 988; x_wconf 82' lang='lat' dir='ltr'>filum</span> <span class='ocrx_word' id='word_1_478' title='bbox 1051 956 1150 996; x_wconf 82' lang='lat' dir='ltr'>lanae,</span> <span class='ocrx_word' id='word_1_479' title='bbox 1167 957 1265 995; x_wconf 83' lang='lat' dir='ltr'>vitta,</span> <span class='ocrx_word' id='word_1_480' title='bbox 1280 956 1399 988; x_wconf 84' lang='lat' dir='ltr'>infula.</span> <span class='ocrx_word' id='word_1_481' title='bbox 1416 957 1459 988; x_wconf 82' lang='lat' dir='ltr'><strong>cf.</strong></span> <span class='ocrx_word' id='word_1_482' title='bbox 1477 957 1561 988; x_wconf 85' lang='lat' dir='ltr'>Sue·</span> 
     </span>
     <span class='ocr_line' id='line_1_84' title="bbox 818 1000 1063 1041; baseline 0 -10"><span class='ocrx_word' id='word_1_483' title='bbox 818 1007 890 1031; x_wconf 91' lang='lat' dir='ltr'>ton.</span> <span class='ocrx_word' id='word_1_484' title='bbox 907 1000 1014 1041; x_wconf 86' lang='lat' dir='ltr'>Calig.</span> <span class='ocrx_word' id='word_1_485' title='bbox 1031 1002 1063 1032; x_wconf 83' lang='lat'>6.</span> 
     </span>
    </p>

    <p class='ocr_par' dir='ltr' id='par_1_11' title="bbox 816 1043 1560 1172">
     <span class='ocr_line' id='line_1_85' title="bbox 863 1043 1560 1085; baseline 0 -11"><span class='ocrx_word' id='word_1_486' title='bbox 863 1043 1043 1084; x_wconf 72' lang='lat' dir='ltr'>Velficara&#39;,</span> <span class='ocrx_word' id='word_1_487' title='bbox 1059 1044 1191 1085; x_wconf 86' lang='lat' dir='ltr'>proprie</span> <span class='ocrx_word' id='word_1_488' title='bbox 1214 1047 1266 1074; x_wconf 86' lang='lat' dir='ltr'>est</span> <span class='ocrx_word' id='word_1_489' title='bbox 1285 1043 1358 1075; x_wconf 86' lang='lat' dir='ltr'>vela</span> <span class='ocrx_word' id='word_1_490' title='bbox 1370 1043 1481 1075; x_wconf 80' lang='lat' dir='ltr'>facere</span> <span class='ocrx_word' id='word_1_491' title='bbox 1496 1044 1560 1082; x_wconf 84' lang='lat' dir='ltr'>ita,</span> 
     </span>
     <span class='ocr_line' id='line_1_86' title="bbox 817 1087 1557 1128; baseline -0.001 -10"><span class='ocrx_word' id='word_1_492' title='bbox 817 1091 857 1118; x_wconf 88' lang='lat' dir='ltr'>ut</span> <span class='ocrx_word' id='word_1_493' title='bbox 872 1093 973 1118; x_wconf 88' lang='lat' dir='ltr'>vento</span> <span class='ocrx_word' id='word_1_494' title='bbox 989 1088 1099 1118; x_wconf 87' lang='lat' dir='ltr'>inflari</span> <span class='ocrx_word' id='word_1_495' title='bbox 1116 1087 1258 1128; x_wconf 87' lang='lat' dir='ltr'>possint,</span> <span class='ocrx_word' id='word_1_496' title='bbox 1271 1087 1345 1118; x_wconf 83' lang='lat' dir='ltr'>vela</span> <span class='ocrx_word' id='word_1_497' title='bbox 1358 1088 1400 1118; x_wconf 88' lang='lat' dir='ltr'>ad</span> <span class='ocrx_word' id='word_1_498' title='bbox 1416 1092 1557 1118; x_wconf 82' lang='lat' dir='ltr'>ventum</span> 
     </span>
     <span class='ocr_line' id='line_1_87' title="bbox 816 1131 1558 1172; baseline 0 -11"><span class='ocrx_word' id='word_1_499' title='bbox 816 1131 1052 1172; x_wconf 83' lang='lat' dir='ltr'>excipiendum</span> <span class='ocrx_word' id='word_1_500' title='bbox 1081 1137 1286 1161; x_wconf 80' lang='lat' dir='ltr'>convertere.</span> <span class='ocrx_word' id='word_1_501' title='bbox 1317 1131 1396 1162; x_wconf 87' lang='lat' dir='ltr'>hinc</span> <span class='ocrx_word' id='word_1_502' title='bbox 1424 1135 1558 1161; x_wconf 85' lang='lat' dir='ltr'>mutare</span> 
     </span>
    </p>
   </div>
   <div class='ocr_carea' id='block_1_5' title="bbox 815 1174 1556 1215">
    <p class='ocr_par' dir='ltr' id='par_1_12' title="bbox 815 1174 1556 1215">
     <span class='ocr_line' id='line_1_88' title="bbox 815 1174 1556 1215; baseline 0.001 -12"><span class='ocrx_word' id='word_1_503' title='bbox 815 1175 1061 1215; x_wconf 62' lang='lat' dir='ltr'>velificationem</span> <span class='ocrx_word' id='word_1_504' title='bbox 1094 1174 1134 1204; x_wconf 87' lang='lat' dir='ltr'>ad</span> <span class='ocrx_word' id='word_1_505' title='bbox 1153 1174 1229 1205; x_wconf 90' lang='lat' dir='ltr'>Div.</span> <span class='ocrx_word' id='word_1_506' title='bbox 1245 1174 1267 1204; x_wconf 90' lang='lat' dir='ltr'>i.</span> <span class='ocrx_word' id='word_1_507' title='bbox 1284 1178 1314 1209; x_wconf 87' lang='lat'>9.</span> <span class='ocrx_word' id='word_1_508' title='bbox 1345 1175 1476 1215; x_wconf 85' lang='lat' dir='ltr'>proprie</span> <span class='ocrx_word' id='word_1_509' title='bbox 1492 1177 1556 1212; x_wconf 81' lang='lat' dir='ltr'>est,</span> 
     </span>
    </p>
   </div>
   <div class='ocr_carea' id='block_1_6' title="bbox 814 1217 1619 1257">
    <p class='ocr_par' dir='ltr' id='par_1_13' title="bbox 814 1217 1619 1257">
     <span class='ocr_line' id='line_1_89' title="bbox 814 1217 1619 1257; baseline 0.001 -10"><span class='ocrx_word' id='word_1_510' title='bbox 814 1217 889 1248; x_wconf 86' lang='lat' dir='ltr'>vela</span> <span class='ocrx_word' id='word_1_511' title='bbox 904 1217 969 1249; x_wconf 89' lang='lat' dir='ltr'>alio</span> <span class='ocrx_word' id='word_1_512' title='bbox 993 1225 1199 1255; x_wconf 81' lang='lat' dir='ltr'>convertere,</span> <span class='ocrx_word' id='word_1_513' title='bbox 1216 1218 1296 1257; x_wconf 89' lang='lat' dir='ltr'>quia</span> <span class='ocrx_word' id='word_1_514' title='bbox 1311 1224 1430 1248; x_wconf 90' lang='lat' dir='ltr'>ventus</span> <span class='ocrx_word' id='word_1_515' title='bbox 1446 1225 1559 1248; x_wconf 85' lang='lat' dir='ltr'>muta-</span> <span class='ocrx_word' id='word_1_516' title='bbox 1615 1228 1619 1233; x_wconf 95' lang='lat'>·</span> 
     </span>
    </p>
   </div>
   <div class='ocr_carea' id='block_1_7' title="bbox 796 1261 1559 2943">
    <p class='ocr_par' dir='ltr' id='par_1_14' title="bbox 811 1261 1559 1693">
     <span class='ocr_line' id='line_1_90' title="bbox 814 1261 1558 1300; baseline 0.001 -9"><span class='ocrx_word' id='word_1_517' title='bbox 814 1265 870 1292; x_wconf 78' lang='lat' dir='ltr'>tus</span> <span class='ocrx_word' id='word_1_518' title='bbox 894 1267 957 1292; x_wconf 88' lang='lat' dir='ltr'>est.</span> <span class='ocrx_word' id='word_1_519' title='bbox 1002 1261 1068 1292; x_wconf 90' lang='lat' dir='ltr'>Sed</span> <span class='ocrx_word' id='word_1_520' title='bbox 1090 1262 1250 1300; x_wconf 88' lang='lat' dir='ltr'>quoniam</span> <span class='ocrx_word' id='word_1_521' title='bbox 1274 1268 1395 1291; x_wconf 88' lang='lat' dir='ltr'>ventus</span> <span class='ocrx_word' id='word_1_522' title='bbox 1418 1264 1454 1291; x_wconf 87' lang='lat' dir='ltr'>et</span> <span class='ocrx_word' id='word_1_523' title='bbox 1476 1270 1558 1292; x_wconf 87' lang='lat' dir='ltr'>aura</span> 
     </span>
     <span class='ocr_line' id='line_1_91' title="bbox 815 1303 1559 1346; baseline 0 -11"><span class='ocrx_word' id='word_1_524' title='bbox 815 1305 977 1336; x_wconf 87' lang='lat' dir='ltr'>dicuntur</span> <span class='ocrx_word' id='word_1_525' title='bbox 999 1304 1240 1345; x_wconf 88' lang='lat' dir='ltr'>metaphorice,</span> <span class='ocrx_word' id='word_1_526' title='bbox 1267 1305 1310 1346; x_wconf 85' lang='lat' dir='ltr'>(v.</span> <span class='ocrx_word' id='word_1_527' title='bbox 1335 1303 1429 1343; x_wconf 85' lang='lat' dir='ltr'>aura)</span> <span class='ocrx_word' id='word_1_528' title='bbox 1455 1304 1559 1345; x_wconf 71' lang='lat' dir='ltr'>velfi-</span> 
     </span>
     <span class='ocr_line' id='line_1_92' title="bbox 814 1348 1556 1388; baseline 0 -10"><span class='ocrx_word' id='word_1_529' title='bbox 814 1350 885 1379; x_wconf 80' lang='lat' dir='ltr'>cari</span> <span class='ocrx_word' id='word_1_530' title='bbox 907 1350 1010 1379; x_wconf 89' lang='lat' dir='ltr'>etiam</span> <span class='ocrx_word' id='word_1_531' title='bbox 1033 1349 1081 1379; x_wconf 89' lang='lat' dir='ltr'>sic</span> <span class='ocrx_word' id='word_1_532' title='bbox 1104 1348 1250 1387; x_wconf 78' lang='lat' dir='ltr'>‹licitur3</span> <span class='ocrx_word' id='word_1_533' title='bbox 1279 1357 1414 1388; x_wconf 88' lang='lat' dir='ltr'>nempe,</span> <span class='ocrx_word' id='word_1_534' title='bbox 1439 1351 1477 1378; x_wconf 91' lang='lat' dir='ltr'>ut</span> <span class='ocrx_word' id='word_1_535' title='bbox 1498 1349 1556 1386; x_wconf 88' lang='lat' dir='ltr'>sit,</span> 
     </span>
     <span class='ocr_line' id='line_1_93' title="bbox 815 1391 1556 1431; baseline 0 -9"><span class='ocrx_word' id='word_1_536' title='bbox 815 1391 923 1422; x_wconf 77' lang='lat' dir='ltr'>facere</span> <span class='ocrx_word' id='word_1_537' title='bbox 952 1391 1090 1431; x_wconf 88' lang='lat' dir='ltr'>aliquid,</span> <span class='ocrx_word' id='word_1_538' title='bbox 1114 1391 1203 1431; x_wconf 82' lang='lat' dir='ltr'>quod</span> <span class='ocrx_word' id='word_1_539' title='bbox 1225 1391 1268 1422; x_wconf 89' lang='lat' dir='ltr'>ad</span> <span class='ocrx_word' id='word_1_540' title='bbox 1293 1391 1449 1428; x_wconf 67' lang='lat' dir='ltr'>honum,</span> <span class='ocrx_word' id='word_1_541' title='bbox 1474 1401 1556 1431; x_wconf 88' lang='lat' dir='ltr'>quos</span> 
     </span>
     <span class='ocr_line' id='line_1_94' title="bbox 814 1435 1556 1476; baseline 0.001 -11"><span class='ocrx_word' id='word_1_542' title='bbox 814 1436 941 1476; x_wconf 84' lang='lat' dir='ltr'>cupias,</span> <span class='ocrx_word' id='word_1_543' title='bbox 962 1435 1212 1474; x_wconf 86' lang='lat' dir='ltr'>consequendos</span> <span class='ocrx_word' id='word_1_544' title='bbox 1236 1435 1351 1475; x_wconf 89' lang='lat' dir='ltr'>prosit.</span> <span class='ocrx_word' id='word_1_545' title='bbox 1381 1435 1461 1474; x_wconf 86' lang='lat' dir='ltr'>Agr.</span> <span class='ocrx_word' id='word_1_546' title='bbox 1484 1435 1507 1465; x_wconf 91' lang='lat' dir='ltr'>i.</span> <span class='ocrx_word' id='word_1_547' title='bbox 1524 1439 1556 1470; x_wconf 88' lang='grc'><strong>9.</strong></span> 
     </span>
     <span class='ocr_line' id='line_1_95' title="bbox 813 1478 1557 1519; baseline 0 -11"><span class='ocrx_word' id='word_1_548' title='bbox 813 1479 936 1518; x_wconf 88' lang='lat' dir='ltr'>quodsi</span> <span class='ocrx_word' id='word_1_549' title='bbox 945 1479 1017 1518; x_wconf 90' lang='lat' dir='ltr'>quis</span> <span class='ocrx_word' id='word_1_550' title='bbox 1028 1484 1175 1508; x_wconf 85' lang='lat' dir='ltr'>vestrum</span> <span class='ocrx_word' id='word_1_551' title='bbox 1189 1487 1246 1518; x_wconf 91' lang='lat' dir='ltr'>spe</span> <span class='ocrx_word' id='word_1_552' title='bbox 1257 1478 1404 1516; x_wconf 84' lang='lat' dir='ltr'>ducitur,</span> <span class='ocrx_word' id='word_1_553' title='bbox 1416 1487 1451 1508; x_wconf 88' lang='lat' dir='ltr'>se</span> <span class='ocrx_word' id='word_1_554' title='bbox 1461 1487 1557 1519; x_wconf 81' lang='lat' dir='ltr'>posse</span> 
     </span>
     <span class='ocr_line' id='line_1_96' title="bbox 811 1521 1556 1562; baseline 0.003 -11"><span class='ocrx_word' id='word_1_555' title='bbox 811 1522 1009 1553; x_wconf 84' lang='lat' dir='ltr'>turbulenta</span> <span class='ocrx_word' id='word_1_556' title='bbox 1031 1522 1159 1552; x_wconf 83' lang='lat' dir='ltr'>ratione</span> <span class='ocrx_word' id='word_1_557' title='bbox 1175 1521 1291 1552; x_wconf 87' lang='lat' dir='ltr'>honori</span> <span class='ocrx_word' id='word_1_558' title='bbox 1309 1522 1467 1562; x_wconf 62' lang='lat' dir='ltr'>velg&#39;ficari</span> <span class='ocrx_word' id='word_1_559' title='bbox 1482 1531 1556 1553; x_wconf 88' lang='lat' dir='ltr'>suo.</span> 
     </span>
     <span class='ocr_line' id='line_1_97' title="bbox 813 1564 1555 1610; baseline 0.001 -15"><span class='ocrx_word' id='word_1_560' title='bbox 813 1565 902 1596; x_wconf 83' lang='lat' dir='ltr'>Hinc</span> <span class='ocrx_word' id='word_1_561' title='bbox 918 1569 969 1596; x_wconf 81' lang='lat' dir='ltr'>est</span> <span class='ocrx_word' id='word_1_562' title='bbox 983 1575 1044 1607; x_wconf 85' lang='lat' dir='ltr'>pro</span> <span class='ocrx_word' id='word_1_563' title='bbox 1058 1565 1252 1605; x_wconf 73' lang='lat' dir='ltr'>gratificari.</span> <span class='ocrx_word' id='word_1_564' title='bbox 1273 1564 1315 1595; x_wconf 84' lang='lat' dir='ltr'>ad</span> <span class='ocrx_word' id='word_1_565' title='bbox 1327 1566 1403 1596; x_wconf 87' lang='lat' dir='ltr'><strong>Div.</strong></span> <span class='ocrx_word' id='word_1_566' title='bbox 1419 1565 1555 1610; x_wconf 55' lang='lat' dir='ltr'>viii.·1o.</span> 
     </span>
     <span class='ocr_line' id='line_1_98' title="bbox 811 1608 1540 1648; baseline 0.001 -9"><span class='ocrx_word' id='word_1_567' title='bbox 811 1608 993 1648; x_wconf 83' lang='lat' dir='ltr'>diligenter</span> <span class='ocrx_word' id='word_1_568' title='bbox 1007 1614 1042 1640; x_wconf 83' lang='lat' dir='ltr'>et</span> <span class='ocrx_word' id='word_1_569' title='bbox 1057 1616 1155 1639; x_wconf 75' lang='lat' dir='ltr'>caute</span> <span class='ocrx_word' id='word_1_570' title='bbox 1171 1609 1368 1648; x_wconf 80' lang='lat' dir='ltr'>perscribas,</span> <span class='ocrx_word' id='word_1_571' title='bbox 1380 1617 1422 1639; x_wconf 86' lang='lat' dir='ltr'>ne</span> <span class='ocrx_word' id='word_1_572' title='bbox 1433 1611 1494 1639; x_wconf 87' lang='lat' dir='ltr'>aut</span> <span class='ocrx_word' id='word_1_573' title='bbox 1502 1618 1540 1640; x_wconf 85' lang='lat' dir='ltr'>ve</span> 
     </span>
     <span class='ocr_line' id='line_1_99' title="bbox 811 1652 1292 1693; baseline 0 -11"><span class='ocrx_word' id='word_1_574' title='bbox 811 1652 955 1693; x_wconf 67' lang='lat' dir='ltr'>Ig&#39;licatus</span> <span class='ocrx_word' id='word_1_575' title='bbox 977 1652 1078 1684; x_wconf 85' lang='lat' dir='ltr'>alicui</span> <span class='ocrx_word' id='word_1_576' title='bbox 1093 1652 1214 1682; x_wconf 79' lang='lat' dir='ltr'>dicaris</span> <span class='ocrx_word' id='word_1_577' title='bbox 1232 1652 1292 1682; x_wconf 64' lang='grc' dir='ltr'>ἃς.</span> 
     </span>
    </p>

    <p class='ocr_par' dir='ltr' id='par_1_15' title="bbox 803 1694 1556 2302">
     <span class='ocr_line' id='line_1_100' title="bbox 856 1694 1553 1735; baseline 0 -9"><span class='ocrx_word' id='word_1_578' title='bbox 856 1696 1007 1734; x_wconf 76' lang='lat' dir='ltr'>Velitari,</span> <span class='ocrx_word' id='word_1_579' title='bbox 1030 1700 1082 1726; x_wconf 83' lang='lat' dir='ltr'>est</span> <span class='ocrx_word' id='word_1_580' title='bbox 1102 1704 1253 1735; x_wconf 82' lang='lat' dir='ltr'>pugnare</span> <span class='ocrx_word' id='word_1_581' title='bbox 1276 1694 1419 1726; x_wconf 81' lang='lat' dir='ltr'>velitum</span> <span class='ocrx_word' id='word_1_582' title='bbox 1445 1704 1553 1734; x_wconf 87' lang='lat' dir='ltr'>more,</span> 
     </span>
     <span class='ocr_line' id='line_1_101' title="bbox 809 1738 1556 1779; baseline 0.001 -10"><span class='ocrx_word' id='word_1_583' title='bbox 809 1738 850 1769; x_wconf 86' lang='lat' dir='ltr'>de</span> <span class='ocrx_word' id='word_1_584' title='bbox 874 1739 994 1779; x_wconf 85' lang='lat' dir='ltr'>quibus</span> <span class='ocrx_word' id='word_1_585' title='bbox 1014 1749 1102 1770; x_wconf 89' lang='lat' dir='ltr'>mox.</span> <span class='ocrx_word' id='word_1_586' title='bbox 1120 1738 1211 1776; x_wconf 89' lang='lat' dir='ltr'>hinc,</span> <span class='ocrx_word' id='word_1_587' title='bbox 1228 1739 1307 1778; x_wconf 89' lang='lat' dir='ltr'>quia</span> <span class='ocrx_word' id='word_1_588' title='bbox 1321 1738 1436 1769; x_wconf 86' lang='lat' dir='ltr'>velites</span> <span class='ocrx_word' id='word_1_589' title='bbox 1453 1739 1556 1770; x_wconf 87' lang='lat' dir='ltr'>levio-</span> 
     </span>
     <span class='ocr_line' id='line_1_102' title="bbox 808 1781 1556 1823; baseline 0.001 -10"><span class='ocrx_word' id='word_1_590' title='bbox 808 1783 899 1813; x_wconf 86' lang='lat' dir='ltr'>ribus</span> <span class='ocrx_word' id='word_1_591' title='bbox 922 1784 1023 1813; x_wconf 83' lang='lat' dir='ltr'>armis</span> <span class='ocrx_word' id='word_1_592' title='bbox 1046 1789 1214 1823; x_wconf 84' lang='lat' dir='ltr'>pugnant,</span> <span class='ocrx_word' id='word_1_593' title='bbox 1230 1782 1271 1812; x_wconf 92' lang='lat' dir='ltr'>de</span> <span class='ocrx_word' id='word_1_594' title='bbox 1293 1781 1409 1813; x_wconf 85' lang='lat' dir='ltr'>leviori</span> <span class='ocrx_word' id='word_1_595' title='bbox 1432 1782 1556 1814; x_wconf 81' lang='lat' dir='ltr'>dieitur</span> 
     </span>
     <span class='ocr_line' id='line_1_103' title="bbox 806 1825 1555 1865; baseline 0 -9"><span class='ocrx_word' id='word_1_596' title='bbox 806 1827 1070 1857; x_wconf 83' lang='lat' dir='ltr'>concertatione.</span> <span class='ocrx_word' id='word_1_597' title='bbox 1096 1825 1220 1865; x_wconf 70' lang='lat' dir='ltr'>Quint.</span> <span class='ocrx_word' id='word_1_598' title='bbox 1243 1827 1297 1858; x_wconf 73' lang='lat'><strong>2⁶2.</strong></span> <span class='ocrx_word' id='word_1_599' title='bbox 1328 1826 1401 1856; x_wconf 88' lang='lat' dir='ltr'>haee</span> <span class='ocrx_word' id='word_1_600' title='bbox 1420 1832 1473 1856; x_wconf 87' lang='lat' dir='ltr'>est</span> <span class='ocrx_word' id='word_1_601' title='bbox 1488 1826 1555 1856; x_wconf 86' lang='lat' dir='ltr'>ini-</span> 
     </span>
     <span class='ocr_line' id='line_1_104' title="bbox 809 1869 1553 1909; baseline 0 -9"><span class='ocrx_word' id='word_1_602' title='bbox 809 1880 876 1909; x_wconf 87' lang='lat' dir='ltr'>qua</span> <span class='ocrx_word' id='word_1_603' title='bbox 903 1871 1060 1908; x_wconf 81' lang='lat' dir='ltr'>certatio,</span> <span class='ocrx_word' id='word_1_604' title='bbox 1082 1878 1150 1899; x_wconf 86' lang='lat' dir='ltr'>non</span> <span class='ocrx_word' id='word_1_605' title='bbox 1183 1869 1253 1907; x_wconf 89' lang='lat' dir='ltr'>illa,</span> <span class='ocrx_word' id='word_1_606' title='bbox 1276 1879 1344 1908; x_wconf 87' lang='lat' dir='ltr'>qua</span> <span class='ocrx_word' id='word_1_607' title='bbox 1365 1873 1404 1899; x_wconf 88' lang='lat' dir='ltr'>tu</span> <span class='ocrx_word' id='word_1_608' title='bbox 1433 1875 1553 1900; x_wconf 86' lang='lat' dir='ltr'>contra</span> 
     </span>
     <span class='ocr_line' id='line_1_105' title="bbox 807 1912 1553 1953; baseline 0 -10"><span class='ocrx_word' id='word_1_609' title='bbox 807 1913 999 1953; x_wconf 81' lang='lat' dir='ltr'>Alphenum</span> <span class='ocrx_word' id='word_1_610' title='bbox 1028 1912 1225 1944; x_wconf 75' lang='lat' dir='ltr'>velieabaris.</span> <span class='ocrx_word' id='word_1_611' title='bbox 1270 1912 1403 1953; x_wconf 87' lang='lat' dir='ltr'>Nempe</span> <span class='ocrx_word' id='word_1_612' title='bbox 1427 1912 1553 1953; x_wconf 85' lang='lat' dir='ltr'>Alphe-</span> 
     </span>
     <span class='ocr_line' id='line_1_106' title="bbox 807 1956 1552 1997; baseline -0.001 -10"><span class='ocrx_word' id='word_1_613' title='bbox 807 1966 884 1994; x_wconf 66' lang='grc' dir='ltr'>ωε,</span> <span class='ocrx_word' id='word_1_614' title='bbox 905 1958 964 1997; x_wconf 89' lang='lat' dir='ltr'>qui</span> <span class='ocrx_word' id='word_1_615' title='bbox 987 1966 1022 1987; x_wconf 86' lang='lat' dir='ltr'>se</span> <span class='ocrx_word' id='word_1_616' title='bbox 1045 1961 1295 1997; x_wconf 86' lang='lat' dir='ltr'>procuratorem</span> <span class='ocrx_word' id='word_1_617' title='bbox 1319 1956 1451 1996; x_wconf 73' lang='lat' dir='ltr'>Quintii</span> <span class='ocrx_word' id='word_1_618' title='bbox 1474 1965 1552 1996; x_wconf 88' lang='lat' dir='ltr'>pro·</span> 
     </span>
     <span class='ocr_line' id='line_1_107' title="bbox 806 1999 1553 2039; baseline 0 -9"><span class='ocrx_word' id='word_1_619' title='bbox 806 1999 912 2031; x_wconf 79' lang='lat' dir='ltr'>fessus</span> <span class='ocrx_word' id='word_1_620' title='bbox 935 2006 1021 2038; x_wconf 90' lang='lat' dir='ltr'>erat,</span> <span class='ocrx_word' id='word_1_621' title='bbox 1039 2004 1177 2030; x_wconf 87' lang='lat' dir='ltr'>tantum</span> <span class='ocrx_word' id='word_1_622' title='bbox 1202 1999 1398 2039; x_wconf 86' lang='lat' dir='ltr'>impedierat</span> <span class='ocrx_word' id='word_1_623' title='bbox 1421 2000 1553 2030; x_wconf 86' lang='lat' dir='ltr'>auctio·</span> 
     </span>
     <span class='ocr_line' id='line_1_108' title="bbox 806 2043 1550 2083; baseline 0.001 -10"><span class='ocrx_word' id='word_1_624' title='bbox 806 2052 884 2074; x_wconf 88' lang='lat' dir='ltr'>nem</span> <span class='ocrx_word' id='word_1_625' title='bbox 905 2044 1067 2074; x_wconf 89' lang='lat' dir='ltr'>bonorum</span> <span class='ocrx_word' id='word_1_626' title='bbox 1083 2043 1229 2083; x_wconf 71' lang='lat' dir='ltr'>Quintii,</span> <span class='ocrx_word' id='word_1_627' title='bbox 1243 2053 1263 2072; x_wconf 92' lang='lat' dir='ltr'>a</span> <span class='ocrx_word' id='word_1_628' title='bbox 1276 2043 1392 2074; x_wconf 86' lang='lat' dir='ltr'>Naevio</span> <span class='ocrx_word' id='word_1_629' title='bbox 1407 2043 1550 2083; x_wconf 88' lang='lat' dir='ltr'>proscri-</span> 
     </span>
     <span class='ocr_line' id='line_1_109' title="bbox 805 2085 1550 2127; baseline -0.001 -10"><span class='ocrx_word' id='word_1_630' title='bbox 805 2092 913 2127; x_wconf 82' lang='lat' dir='ltr'>ptam,</span> <span class='ocrx_word' id='word_1_631' title='bbox 931 2087 1100 2125; x_wconf 85' lang='lat' dir='ltr'>judicium</span> <span class='ocrx_word' id='word_1_632' title='bbox 1127 2087 1276 2125; x_wconf 87' lang='lat' dir='ltr'>accipere</span> <span class='ocrx_word' id='word_1_633' title='bbox 1307 2085 1459 2117; x_wconf 87' lang='lat' dir='ltr'>voluerat</span> <span class='ocrx_word' id='word_1_634' title='bbox 1488 2087 1550 2117; x_wconf 72' lang='grc' dir='ltr'>διε.</span> 
     </span>
     <span class='ocr_line' id='line_1_110' title="bbox 805 2129 1550 2171; baseline 0 -11"><span class='ocrx_word' id='word_1_635' title='bbox 805 2130 877 2160; x_wconf 78' lang='lat' dir='ltr'>haec</span> <span class='ocrx_word' id='word_1_636' title='bbox 898 2140 1015 2171; x_wconf 88' lang='lat' dir='ltr'>pugna</span> <span class='ocrx_word' id='word_1_637' title='bbox 1035 2133 1109 2160; x_wconf 89' lang='lat' dir='ltr'>erat</span> <span class='ocrx_word' id='word_1_638' title='bbox 1130 2129 1245 2167; x_wconf 88' lang='lat' dir='ltr'>levior,</span> <span class='ocrx_word' id='word_1_639' title='bbox 1265 2139 1333 2160; x_wconf 92' lang='lat' dir='ltr'>non</span> <span class='ocrx_word' id='word_1_640' title='bbox 1356 2130 1550 2170; x_wconf 80' lang='lat' dir='ltr'>pertinebat.</span> 
     </span>
     <span class='ocr_line' id='line_1_111' title="bbox 804 2172 1550 2214; baseline 0 -10"><span class='ocrx_word' id='word_1_641' title='bbox 804 2174 846 2204; x_wconf 84' lang='lat' dir='ltr'>ad</span> <span class='ocrx_word' id='word_1_642' title='bbox 873 2178 985 2214; x_wconf 82' lang='lat' dir='ltr'>caput.</span> <span class='ocrx_word' id='word_1_643' title='bbox 1024 2173 1081 2204; x_wconf 90' lang='lat' dir='ltr'>sed</span> <span class='ocrx_word' id='word_1_644' title='bbox 1107 2172 1244 2204; x_wconf 76' lang='lat' dir='ltr'>Naevius</span> <span class='ocrx_word' id='word_1_645' title='bbox 1269 2173 1389 2203; x_wconf 84' lang='lat' dir='ltr'>deinde</span> <span class='ocrx_word' id='word_1_646' title='bbox 1415 2172 1550 2213; x_wconf 72' lang='lat' dir='ltr'>Quintii</span> 
     </span>
     <span class='ocr_line' id='line_1_112' title="bbox 804 2216 1547 2258; baseline 0 -11"><span class='ocrx_word' id='word_1_647' title='bbox 804 2225 908 2257; x_wconf 88' lang='lat' dir='ltr'>caput</span> <span class='ocrx_word' id='word_1_648' title='bbox 934 2217 1083 2258; x_wconf 84' lang='lat' dir='ltr'>petebat,</span> <span class='ocrx_word' id='word_1_649' title='bbox 1107 2226 1186 2246; x_wconf 88' lang='lat' dir='ltr'>cum</span> <span class='ocrx_word' id='word_1_650' title='bbox 1211 2217 1282 2256; x_wconf 85' lang='lat' dir='ltr'>ejus</span> <span class='ocrx_word' id='word_1_651' title='bbox 1310 2216 1398 2247; x_wconf 85' lang='lat' dir='ltr'>bona</span> <span class='ocrx_word' id='word_1_652' title='bbox 1419 2216 1482 2247; x_wconf 81' lang='lat' dir='ltr'>sibi</span> <span class='ocrx_word' id='word_1_653' title='bbox 1505 2225 1547 2247; x_wconf 81' lang='lat' dir='ltr'>ex</span> 
     </span>
     <span class='ocr_line' id='line_1_113' title="bbox 803 2253 1539 2302; baseline -0.001 -11"><span class='ocrx_word' id='word_1_654' title='bbox 803 2261 914 2291; x_wconf 88' lang='lat' dir='ltr'>edicto</span> <span class='ocrx_word' id='word_1_655' title='bbox 929 2270 1081 2302; x_wconf 86' lang='lat' dir='ltr'>possessa</span> <span class='ocrx_word' id='word_1_656' title='bbox 1096 2260 1235 2291; x_wconf 74' lang='lat' dir='ltr'>diceret.</span> <span class='ocrx_word' id='word_1_657' title='bbox 1533 2253 1539 2262; x_wconf 72' lang='lat'>⁴</span> 
     </span>
    </p>

    <p class='ocr_par' dir='ltr' id='par_1_16' title="bbox 796 2302 1547 2908">
     <span class='ocr_line' id='line_1_114' title="bbox 847 2302 1546 2344; baseline -0.003 -9"><span class='ocrx_word' id='word_1_658' title='bbox 847 2303 977 2342; x_wconf 74' lang='lat' dir='ltr'>Velitee,</span> <span class='ocrx_word' id='word_1_659' title='bbox 995 2304 1083 2344; x_wconf 89' lang='lat' dir='ltr'>quod</span> <span class='ocrx_word' id='word_1_660' title='bbox 1108 2312 1214 2343; x_wconf 80' lang='lat' dir='ltr'>genus</span> <span class='ocrx_word' id='word_1_661' title='bbox 1238 2302 1386 2333; x_wconf 86' lang='lat' dir='ltr'>militum</span> <span class='ocrx_word' id='word_1_662' title='bbox 1411 2303 1470 2341; x_wconf 81' lang='lat' dir='ltr'>sit,</span> <span class='ocrx_word' id='word_1_663' title='bbox 1485 2312 1546 2333; x_wconf 90' lang='lat' dir='ltr'>no-</span> 
     </span>
     <span class='ocr_line' id='line_1_115' title="bbox 801 2346 1546 2388; baseline -0.003 -10"><span class='ocrx_word' id='word_1_664' title='bbox 801 2352 876 2378; x_wconf 88' lang='lat' dir='ltr'>tum</span> <span class='ocrx_word' id='word_1_665' title='bbox 884 2352 956 2387; x_wconf 74' lang='lat' dir='ltr'>est,</span> <span class='ocrx_word' id='word_1_666' title='bbox 974 2357 1095 2388; x_wconf 88' lang='lat' dir='ltr'>nempe</span> <span class='ocrx_word' id='word_1_667' title='bbox 1110 2346 1198 2386; x_wconf 88' lang='lat' dir='ltr'>quod</span> <span class='ocrx_word' id='word_1_668' title='bbox 1207 2352 1286 2376; x_wconf 85' lang='lat' dir='ltr'>ante</span> <span class='ocrx_word' id='word_1_669' title='bbox 1296 2346 1426 2385; x_wconf 84' lang='lat' dir='ltr'>justam</span> <span class='ocrx_word' id='word_1_670' title='bbox 1439 2347 1546 2377; x_wconf 83' lang='lat' dir='ltr'>aciem</span> 
     </span>
     <span class='ocr_line' id='line_1_116' title="bbox 802 2390 1546 2431; baseline 0.001 -10"><span class='ocrx_word' id='word_1_671' title='bbox 802 2391 893 2429; x_wconf 86' lang='lat' dir='ltr'>telis,</span> <span class='ocrx_word' id='word_1_672' title='bbox 917 2391 1021 2422; x_wconf 87' lang='lat' dir='ltr'>hastis</span> <span class='ocrx_word' id='word_1_673' title='bbox 1047 2395 1189 2431; x_wconf 87' lang='lat' dir='ltr'>pugnat,</span> <span class='ocrx_word' id='word_1_674' title='bbox 1215 2390 1333 2420; x_wconf 88' lang='lat' dir='ltr'>leviter</span> <span class='ocrx_word' id='word_1_675' title='bbox 1363 2396 1546 2422; x_wconf 84' lang='lat' dir='ltr'>armatum.</span> 
     </span>
     <span class='ocr_line' id='line_1_117' title="bbox 802 2433 1547 2473; baseline 0 -8"><span class='ocrx_word' id='word_1_676' title='bbox 802 2435 842 2465; x_wconf 88' lang='lat' dir='ltr'>de</span> <span class='ocrx_word' id='word_1_677' title='bbox 869 2435 923 2472; x_wconf 89' lang='lat' dir='ltr'>iis,</span> <span class='ocrx_word' id='word_1_678' title='bbox 939 2444 1055 2465; x_wconf 85' lang='lat' dir='ltr'>eorum</span> <span class='ocrx_word' id='word_1_679' title='bbox 1083 2434 1226 2473; x_wconf 81' lang='lat' dir='ltr'>origine,</span> <span class='ocrx_word' id='word_1_680' title='bbox 1242 2433 1458 2473; x_wconf 77' lang='lat' dir='ltr'>abrogatione</span> <span class='ocrx_word' id='word_1_681' title='bbox 1484 2433 1547 2466; x_wconf 86' lang='lat' dir='ltr'>&amp;c.</span> 
     </span>
     <span class='ocr_line' id='line_1_118' title="bbox 801 2476 1546 2518; baseline 0.003 -11"><span class='ocrx_word' id='word_1_682' title='bbox 801 2488 830 2509; x_wconf 88' lang='lat' dir='ltr'>v.</span> <span class='ocrx_word' id='word_1_683' title='bbox 846 2478 1000 2518; x_wconf 86' lang='lat' dir='ltr'>Lipsium</span> <span class='ocrx_word' id='word_1_684' title='bbox 1026 2478 1066 2508; x_wconf 88' lang='lat' dir='ltr'>de</span> <span class='ocrx_word' id='word_1_685' title='bbox 1094 2476 1196 2507; x_wconf 89' lang='lat' dir='ltr'>Milit.</span> <span class='ocrx_word' id='word_1_686' title='bbox 1216 2477 1257 2507; x_wconf 89' lang='lat' dir='ltr'>R.</span> <span class='ocrx_word' id='word_1_687' title='bbox 1274 2477 1322 2507; x_wconf 83' lang='lat' dir='ltr'>iii.</span> <span class='ocrx_word' id='word_1_688' title='bbox 1343 2480 1370 2508; x_wconf 91' lang='lat'>1.</span> <span class='ocrx_word' id='word_1_689' title='bbox 1404 2476 1546 2509; x_wconf 84' lang='lat' dir='ltr'>Salmas.</span> 
     </span>
     <span class='ocr_line' id='line_1_119' title="bbox 799 2519 1543 2561; baseline 0 -9"><span class='ocrx_word' id='word_1_690' title='bbox 799 2521 840 2552; x_wconf 82' lang='lat' dir='ltr'>R.</span> <span class='ocrx_word' id='word_1_691' title='bbox 861 2520 936 2552; x_wconf 80' lang='lat' dir='ltr'>Mil.</span> <span class='ocrx_word' id='word_1_692' title='bbox 956 2522 1006 2553; x_wconf 81' lang='lat'>16.</span> <span class='ocrx_word' id='word_1_693' title='bbox 1031 2520 1214 2561; x_wconf 82' lang='lat' dir='ltr'>Eleganter</span> <span class='ocrx_word' id='word_1_694' title='bbox 1228 2520 1263 2550; x_wconf 89' lang='lat' dir='ltr'>in</span> <span class='ocrx_word' id='word_1_695' title='bbox 1278 2519 1342 2551; x_wconf 83' lang='lat' dir='ltr'>hac</span> <span class='ocrx_word' id='word_1_696' title='bbox 1358 2529 1439 2551; x_wconf 88' lang='lat' dir='ltr'>voce</span> <span class='ocrx_word' id='word_1_697' title='bbox 1455 2520 1543 2552; x_wconf 82' lang='lat' dir='ltr'>ludit</span> 
     </span>
     <span class='ocr_line' id='line_1_120' title="bbox 800 2564 1544 2596; baseline -0.001 0"><span class='ocrx_word' id='word_1_698' title='bbox 800 2565 918 2596; x_wconf 88' lang='lat' dir='ltr'>Cicero</span> <span class='ocrx_word' id='word_1_699' title='bbox 932 2564 975 2595; x_wconf 83' lang='lat' dir='ltr'>ad</span> <span class='ocrx_word' id='word_1_700' title='bbox 989 2565 1067 2595; x_wconf 89' lang='lat' dir='ltr'>Div.</span> <span class='ocrx_word' id='word_1_701' title='bbox 1085 2566 1129 2595; x_wconf 84' lang='lat' dir='ltr'>ix.</span> <span class='ocrx_word' id='word_1_702' title='bbox 1147 2566 1200 2595; x_wconf 77' lang='lat'><strong>⁴20.</strong></span> <span class='ocrx_word' id='word_1_703' title='bbox 1224 2573 1278 2594; x_wconf 87' lang='lat' dir='ltr'>me</span> <span class='ocrx_word' id='word_1_704' title='bbox 1291 2568 1405 2594; x_wconf 88' lang='lat' dir='ltr'>autem</span> <span class='ocrx_word' id='word_1_705' title='bbox 1419 2574 1439 2594; x_wconf 89' lang='lat' dir='ltr'>a</span> <span class='ocrx_word' id='word_1_706' title='bbox 1452 2568 1489 2594; x_wconf 89' lang='lat' dir='ltr'>te</span> <span class='ocrx_word' id='word_1_707' title='bbox 1502 2572 1544 2596; x_wconf 85' lang='lat' dir='ltr'>ut</span> 
     </span>
     <span class='ocr_line' id='line_1_121' title="bbox 798 2606 1540 2646; baseline 0 -7"><span class='ocrx_word' id='word_1_708' title='bbox 798 2617 948 2639; x_wconf 82' lang='lat' dir='ltr'>scurram</span> <span class='ocrx_word' id='word_1_709' title='bbox 964 2609 1094 2640; x_wconf 76' lang='lat' dir='ltr'>velitem</span> <span class='ocrx_word' id='word_1_710' title='bbox 1120 2606 1218 2638; x_wconf 79' lang='lat' dir='ltr'>malis</span> <span class='ocrx_word' id='word_1_711' title='bbox 1247 2614 1426 2641; x_wconf 81' lang='lat' dir='ltr'>oneratum</span> <span class='ocrx_word' id='word_1_712' title='bbox 1453 2616 1540 2646; x_wconf 76' lang='lat' dir='ltr'>esse,</span> 
     </span>
     <span class='ocr_line' id='line_1_122' title="bbox 798 2650 1537 2682; baseline -0.001 0"><span class='ocrx_word' id='word_1_713' title='bbox 798 2661 866 2682; x_wconf 91' lang='lat' dir='ltr'>non</span> <span class='ocrx_word' id='word_1_714' title='bbox 884 2651 1022 2682; x_wconf 77' lang='lat' dir='ltr'>moleste</span> <span class='ocrx_word' id='word_1_715' title='bbox 1037 2651 1113 2682; x_wconf 85' lang='lat' dir='ltr'>tuli.</span> <span class='ocrx_word' id='word_1_716' title='bbox 1159 2651 1220 2681; x_wconf 61' lang='lat' dir='ltr'>&amp;t</span> <span class='ocrx_word' id='word_1_717' title='bbox 1243 2655 1359 2682; x_wconf 78' lang='lat' dir='ltr'>autem</span> <span class='ocrx_word' id='word_1_718' title='bbox 1380 2650 1474 2682; x_wconf 82' lang='lat' dir='ltr'>lusus</span> <span class='ocrx_word' id='word_1_719' title='bbox 1501 2652 1537 2682; x_wconf 90' lang='lat' dir='ltr'>in</span> 
     </span>
     <span class='ocr_line' id='line_1_123' title="bbox 796 2694 1536 2735; baseline -0.001 -10"><span class='ocrx_word' id='word_1_720' title='bbox 796 2695 848 2726; x_wconf 83' lang='lat' dir='ltr'>his</span> <span class='ocrx_word' id='word_1_721' title='bbox 870 2695 977 2725; x_wconf 79' lang='lat' dir='ltr'>verbis</span> <span class='ocrx_word' id='word_1_722' title='bbox 1004 2694 1196 2735; x_wconf 81' lang='lat' dir='ltr'>multiplex,</span> <span class='ocrx_word' id='word_1_723' title='bbox 1211 2704 1311 2733; x_wconf 90' lang='lat' dir='ltr'>quem</span> <span class='ocrx_word' id='word_1_724' title='bbox 1334 2695 1536 2735; x_wconf 83' lang='lat' dir='ltr'>interpretes</span> 
     </span>
     <span class='ocr_line' id='line_1_124' title="bbox 797 2737 1536 2779; baseline 0 -11"><span class='ocrx_word' id='word_1_725' title='bbox 797 2747 864 2769; x_wconf 91' lang='lat' dir='ltr'>non</span> <span class='ocrx_word' id='word_1_726' title='bbox 880 2739 979 2779; x_wconf 85' lang='lat' dir='ltr'>plene</span> <span class='ocrx_word' id='word_1_727' title='bbox 995 2739 1141 2770; x_wconf 88' lang='lat' dir='ltr'>assecuti</span> <span class='ocrx_word' id='word_1_728' title='bbox 1161 2738 1327 2768; x_wconf 82' lang='lat' dir='ltr'>videntur.</span> <span class='ocrx_word' id='word_1_729' title='bbox 1350 2737 1536 2768; x_wconf 72' lang='lat' dir='ltr'>Gronovius</span> 
     </span>
     <span class='ocr_line' id='line_1_125' title="bbox 797 2781 1537 2822; baseline 0 -10"><span class='ocrx_word' id='word_1_730' title='bbox 797 2782 879 2812; x_wconf 85' lang='lat' dir='ltr'>vidit</span> <span class='ocrx_word' id='word_1_731' title='bbox 895 2782 1016 2822; x_wconf 85' lang='lat' dir='ltr'>primo,</span> <span class='ocrx_word' id='word_1_732' title='bbox 1030 2781 1102 2812; x_wconf 88' lang='lat' dir='ltr'>ludi</span> <span class='ocrx_word' id='word_1_733' title='bbox 1126 2782 1162 2812; x_wconf 88' lang='lat' dir='ltr'>in</span> <span class='ocrx_word' id='word_1_734' title='bbox 1178 2791 1257 2812; x_wconf 88' lang='lat' dir='ltr'>voce</span> <span class='ocrx_word' id='word_1_735' title='bbox 1273 2781 1384 2819; x_wconf 87' lang='lat' dir='ltr'>malis,</span> <span class='ocrx_word' id='word_1_736' title='bbox 1406 2790 1480 2820; x_wconf 70' lang='lat' dir='ltr'>qua».</span> <span class='ocrx_word' id='word_1_737' title='bbox 1501 2787 1537 2812; x_wconf 88' lang='lat' dir='ltr'>et</span> 
     </span>
     <span class='ocr_line' id='line_1_126' title="bbox 796 2824 1538 2865; baseline -0.001 -10"><span class='ocrx_word' id='word_1_738' title='bbox 796 2835 898 2865; x_wconf 89' lang='lat' dir='ltr'>poma</span> <span class='ocrx_word' id='word_1_739' title='bbox 911 2825 1090 2865; x_wconf 78' lang='lat' dir='ltr'>significat,</span> <span class='ocrx_word' id='word_1_740' title='bbox 1113 2834 1188 2865; x_wconf 78' lang='lat' dir='ltr'>quae</span> <span class='ocrx_word' id='word_1_741' title='bbox 1214 2824 1369 2856; x_wconf 86' lang='lat' dir='ltr'>Ciceroni</span> <span class='ocrx_word' id='word_1_742' title='bbox 1395 2825 1538 2856; x_wconf 83' lang='lat' dir='ltr'>donarat</span> 
     </span>
     <span class='ocr_line' id='line_1_127' title="bbox 796 2867 1533 2908; baseline 0.001 -9"><span class='ocrx_word' id='word_1_743' title='bbox 796 2869 922 2906; x_wconf 85' lang='lat' dir='ltr'>Paetus‚</span> <span class='ocrx_word' id='word_1_744' title='bbox 938 2872 974 2899; x_wconf 81' lang='lat' dir='ltr'>et</span> <span class='ocrx_word' id='word_1_745' title='bbox 989 2868 1181 2908; x_wconf 79' lang='lat' dir='ltr'>maledicta,</span> <span class='ocrx_word' id='word_1_746' title='bbox 1205 2869 1366 2900; x_wconf 82' lang='lat' dir='ltr'>convicia.</span> <span class='ocrx_word' id='word_1_747' title='bbox 1411 2867 1533 2900; x_wconf 84' lang='lat' dir='ltr'>Manu-</span> 
     </span>
    </p>

    <p class='ocr_par' dir='ltr' id='par_1_17' title="bbox 876 2912 976 2943">
     <span class='ocr_line' id='line_1_128' title="bbox 876 2912 976 2943; baseline 0 -1"><span class='ocrx_word' id='word_1_748' title='bbox 876 2920 900 2942; x_wconf 72' lang='grc' dir='ltr'><strong>υ</strong></span> <span class='ocrx_word' id='word_1_749' title='bbox 918 2912 941 2943; x_wconf 85' lang='lat' dir='ltr'>h</span> <span class='ocrx_word' id='word_1_750' title='bbox 954 2914 976 2942; x_wconf 82' lang='lat'>4</span> 
     </span>
    </p>
   </div>
  </div>
 </body>
</html>
