1804 3235
647 164 806 195 INDEX
844 167 1247 201 GEOGRAPmcus.

169 250 257 291 quod
283 251 324 283 ab
345 250 416 282 aliis
436 249 478 282 ad
498 248 666 286 Pisidiam,
690 251 731 281 ab
753 251 825 283 aliis
848 251 889 282 ad

172 293 346 335 Phrygiam
381 293 538 324 refertur:
575 293 650 332 quia
675 299 726 324 cst
755 294 821 324 sere
855 294 889 324 in

169 336 325 366 confinio.
371 335 459 366 Hinc

217 377 386 418 abyr-ate,
408 378 442 408 in
465 376 556 408 Verr.
581 377 622 407 iv.
642 380 689 408 13.
707 376 747 407 ad
766 377 837 408 Att.
861 387 890 408 v.

170 421 199 452 2
219 422 275 459 qui
298 426 434 451 venatus
454 419 590 450 studiosi
612 425 645 450 et
667 420 762 459 periti
782 425 891 457 erant,

171 463 409 509 panthei-nsque
420 460 604 501 capiebant,
621 461 707 492 unde
733 462 894 501 (Ὶὺφι-αἱω

167 507 348 545 panthere.
363 503 442 533 item

219 545 432 586 &buram-us,
442 543 561 576 adAtt.
571 555 600 576 v.
610 546 661 575 01.
674 550 707 574 et
717 545 788 575 aliis
803 545 893 578 locis.

221 587 354 624 C‘mbrr',
368 597 426 627 pro
442 586 608 620 L.Mani1.
623 588 892 627 20.p0p1111Ger

173 631 293 661 maniae
325 630 358 660 in
368 597 590 660 pChersoneso
618 630 658 661 ab
686 630 776 660 Albis
809 632 893 661 ostio

174 672 209 704 iu
240 672 497 712 septentrionem
533 671 630 711 longe
667 679 894 712 procurrente,

176 724 249 754 quae
272 714 419 746 Cimbria
435 714 476 745 ab
492 715 529 744 iis
550 714 683 751 dicitur,
703 713 799 745 hodie
814 715 896 746 ,lae-

176 757 266 787 land.
290 756 341 787 De
357 756 407 793 iis,
418 766 531 787 corum
548 757 744 796 migratione
759 762 792 787 et
809 757 895 788 bello

174 808 249 829 cum
264 799 360 830 Rom.
376 804 526 830 accurate
545 800 612 838 egit
632 798 791 831 Cellarius
811 799 895 830 Diss.

175 840 216 872 de
231 840 372 873 Cimbris
386 846 420 871 et
432 841 576 872 Teuton.
589 842 677 872 inter
692 840 780 871 Diss.
796 841 895 873 Acad.

177 892 199 924 P
212 924 392 961 Cimmerii,
403 924 501 955 Acad.
518 925 559 954 iv.
574 927 623 959 19.
634 928 711 954 sunt
727 925 837 965 populi
849 925 896 956 fa-

177 967 284 998 bulosi
300 966 406 998 ltaliae
421 967 462 997 ab
475 967 593 1007 oppido
613 966 796 1004 Cimmerio,
812 969 898 1007 quod

178 1008 220 1039 ad
238 1009 399 1041 Baianum
423 1013 457 1038 et
478 1009 646 1040 Avernum
667 1009 775 1039 sinum
800 1010 897 1041 fuisse

178 1049 472 1082 dicitur.1·'abula
493 1055 542 1081 est
565 1062 605 1091 ap
610 1051 768 1083 ..Homer
784 1051 854 1093 Ody
857 1062 897 1084 ss.

179 1098 212 1123 λ.
255 1093 327 1124 Ab
319 1093 358 1124 115
379 1092 559 1124 Gmmen'ae
574 1094 710 1124 tenebra
725 1094 889 1125 dicuntur.

225 1135 416 1175 evagatum,
432 1135 474 1166 ad
496 1136 566 1166 Att.
589 1136 642 1166 vii.
671 1138 717 1166 11.
741 1136 897 1177 oppidum

179 1177 214 1209 in
238 1178 370 1215 Piceno,
389 1177 467 1208 belli
489 1178 592 1208 civilis
614 1179 791 1209 Caesariani
814 1183 899 1208 tem-

179 1229 258 1260 pore
273 1219 472 1251 aedificatum
487 1230 507 1250 a
520 1220 560 1250 T.
576 1220 732 1251 Labieno.
759 1220 821 1252 Sed
835 1221 899 1251 suit

177 1266 338 1303 praeterea
352 1261 440 1293 aliud
460 1260 650 1300 angulum,
666 1262 751 1301 quod
766 1263 900 1293 Floren-

179 1305 285 1335 tinum
295 1304 433 1350 'dicitun
448 1310 487 1334 ut
509 1305 550 1334 ab
564 1304 625 1335 hoc
648 1304 770 1335 Piceno
784 1305 900 1335 distin-

245 1352 310 1376 tur.

179 1356 356 1425 guaCirceii,
370 1387 410 1418 ad
425 1387 495 1418 Att.
510 1387 566 1418 xii.
584 1391 632 1421 19.
645 1389 723 1419 urbs
736 1399 811 1420 cum
827 1399 901 1429 pro-

181 1430 349 1462 montorio
361 1429 490 1460 Veteris
503 1429 603 1468 Latii,
615 1431 762 1471 subjecta
774 1432 900 1462 Pomti-

182 1482 235 1504 nae
250 1472 372 1513 paludi.

139 1515 145 1523 *
229 1515 376 1550 Ciuieus,
390 1523 411 1543 a
429 1512 536 1550 Cittio,
550 1514 599 1562 C)
601 1515 648 1554 pri
664 1515 755 1546 urbe.

229 1556 382 1592 manni,
397 1555 431 1586 in
445 1556 537 1587 Verr.
549 1556 594 1585 iii.
606 1559 658 1586 43
671 1557 841 1589 Cluverius
855 1557 901 1589 le-

183 1599 326 1638 gendum
341 1604 454 1628 censet
476 1597 633 1634 Cetarini,
649 1609 668 1629 a
690 1600 833 1637 Cetaria,
848 1611 901 1630 ur-

183 1641 223 1671 be
238 1640 358 1672 Siciliae
375 1640 463 1670 inter
485 1620 738 1680 Segestanorum
760 1643 902 1682 empori-

183 1692 241 1713 um
271 1688 307 1714 et
328 1683 603 1722 promontorium.
647 1683 692 1714 Et
712 1685 758 1715 sic
780 1693 830 1715 est
848 1695 899 1725 ap.

183 1724 269 1756 Plin.
284 1724 329 1755 iii.
344 1727 374 1756 8.
389 1724 496 1754 Graev.
510 1724 587 1755 adl.
601 1735 630 1755 c.

233 1766 348 1798 Civaro
362 1766 403 1797 ad
426 1766 502 1797 Div.
519 1778 548 1797 x.
564 1777 614 1807 ep.
631 1769 681 1798 23.
697 1767 787 1799 locus
809 1769 844 1799 in
865 1768 902 1798 fl-

185 1809 282 1840 uibus
304 1808 532 1849 Allobrogum,
554 1809 579 1839 si
607 1809 704 1840 lectio
728 1816 819 1842 recta
841 1817 901 1842 est.

186 1850 272 1882 Nam
287 1850 368 1882 Mss.
385 1851 517 1890 quidam
533 1851 655 1881 habent
682 1853 821 1883 Cuiarm
843 1864 904 1884 un-

186 1892 226 1924 de
240 1861 405 1932 Scaliger?
412 1893 617 1929 Sirmondus,
633 1898 667 1924 et
689 1895 745 1926 alii
764 1895 829 1931 levi
850 1906 904 1925 vo-

185 1934 262 1966 lunt
281 1935 413 1972 Cularo,
427 1945 499 1975 quae
511 1940 562 1966 est
580 1936 834 1977 Gratianopolis,
847 1939 906 1969 ho·

186 1976 239 2008 die
260 1977 439 2008 Grenoble:
462 1987 542 2017 quos
558 1978 640 2008 bene
654 1980 801 2018 sequitur
815 1981 906 2011 (ἐι-3-

186 2020 270 2050 vius.
312 2019 491 2058 Vulgatam
510 2019 656 2050 defendit
675 2021 812 2062 Dionys.
835 2023 907 2053 Sal-

187 2061 325 2101 vag-nius
339 2061 508 2092 Boessius.
533 2062 588 2093 sed
606 2062 637 2092 ei
657 2033 824 2103 respondit
843 2066 907 2095 Va-

187 2102 245 2133 les.
261 2104 358 2134 notit.
381 2103 504 2144 Gall.p
508 2105 609 2135 ..165
632 2110 666 2135 et
678 2111 791 2145 postea
807 2107 908 2157 pluri-

188 2145 250 2176 bus
265 2151 299 2176 et
322 2147 506 2176 accuratius
525 2146 694 2177 Bimardus
717 2147 756 2178 «le
774 2150 908 2185 011σί111-

189 2188 250 2218 bus
271 2187 571 2219 Cularonensibus'
564 2198 599 2219 in
619 2188 795 2221 Muratorii
809 2184 907 2223 Thes.

192 2240 266 2261 nos.
283 2230 380 2260 inscr.
395 2229 436 2260 T.
458 2233 484 2261 1.

237 2271 367 2304 (flav-im
378 2271 432 2303 Br.
446 2275 496 2303 51.
511 2282 531 2303 a
549 2273 732 2304 Clarourbc
747 2274 911 2316 Colopho-

191 2315 333 2345 niorum.

238 2355 445 2392 Clastidium,
468 2355 568 2387 Tusc.
593 2356 658 2397 Qu.
680 2357 722 2388 iv.
745 2359 797 2389 22.
820 2358 911 2389 vicus

193 2398 310 2430 Gallia·
323 2398 509 2438 Cisalpinae.

241 2440 408 2475 Claterna,
425 2440 465 2470 ‘ul
481 2441 556 2470 niv
575 2440 627 2471 xii.
643 2451 694 2480 ep.
711 2443 739 2472 5.
754 2441 911 2482 oppidum

194 2482 383 2520 Lingonum
406 2483 440 2512 in
466 2482 573 2513 Gallia
598 2483 794 2523 Cispadana,
814 2485 913 2523 juxta

193 2534 326 2556 amnem
338 2524 481 2564 eiusdem
497 2525 650 2555 nominis.

241 2566 450 2603 Clazommzoe,
461 2567 560 2597 Tusc.
578 2567 598 2596 i.
613 2570 667 2598 43.
682 2567 760 2598 urbs
775 2567 889 2598 Ioniae.

241 2608 449 2643 emeramus,
465 2608 505 2639 ad
529 2609 604 2639 Div.
621 2609 664 2640 ix.
688 2610 740 2640 22.
755 2619 774 2640 a
799 2609 912 2640 Cliter-

194 2660 248 2686 πο,
263 2650 445 2688 AEquorum
461 2651 591 2691 oppido.

241 2691 374 2727 Cnidus,
395 2702 455 2731 pro
481 2693 519 2724 L.
543 2692 660 2723 Manil.
685 2695 732 2723 12.
751 2693 828 2723 urbs
851 2693 914 2724 Ca-

193 2738 264 2769 riae,
279 2734 366 2765 unde
385 2733 529 2772 Cnidius,
544 2736 578 2765 in
592 2735 685 2766 Verr.
702 2736 744 2765 iv.
760 2735 812 2765 60.
829 2735 886 2765 &c.

243 2775 358 2813 Cnoeie',
383 2775 422 2806 de
447 2777 549 2817 Legg.
574 2778 598 2808 i.
626 2779 656 2808 5.
683 2776 801 2808 incolae
825 2777 914 2807 urbis

202 2818 294 2849 Cnosi
305 2819 338 2848 in
354 2819 465 2850 Creta.

234 2860 481 2898 ,comoneat-hus,
505 2869 563 2900 pro
582 2859 679 2891 Font.
700 2863 730 2891 5.
754 2860 844 2890 vicus
866 2860 914 2899 ig-

196 2903 316 2933 nobilis
329 2902 416 2933 inter
428 2902 583 2933 Tolosam
598 2908 633 2932 et
647 2902 848 2932 Narbonem.

244 2944 390 2986 cocytus,
413 2943 453 2977 de
477 2945 558 2976 Nat.
581 2943 626 2977 D.
649 2944 696 2976 iii.
726 2948 774 2979 17.
797 2944 915 2976 fluvius

1585 162 1635 203 41

931 262 983 293 ap.
999 253 1131 286 inferos.
1154 280 1155 283 ,

977 295 1210 328 Coelimontana
1245 297 1362 332 Porta.
1390 298 1422 328 in
1451 300 1556 330 vizon.
1585 302 1639 332 23.

931 335 1081 367 Romana
1095 346 1201 378 porta,
1217 339 1303 370 dicta
1317 350 1335 370 a
1362 340 1454 370 Coetio
1469 350 1591 379 moute,
1607 344 1642 374 in

932 379 1025 417 cnjus
1041 379 1124 410 clivo
1138 386 1220 412 erat.

980 420 1112 457 coa-hle,
1129 423 1216 461 reg-io
1231 423 1271 452 ad
1285 422 1362 453 litus
1376 424 1534 454 orientale
1549 425 1645 456 Ponti

934 461 1052 493 Euxini
1069 465 1251 500 notissima,
1266 466 1358 503 cuius
1372 465 1482 504 populi
1501 466 1617 497 (met-i.

981 504 1131 543 Collatia,
1145 507 1259 546 Agrar.
1276 508 1308 537 ii.
1323 509 1375 537 35.
1391 508 1546 548 oppidum
1560 507 1647 540 Latii

937 555 1003 576 non
1020 548 1133 587 procul
1149 550 1189 579 ab
1205 549 1284 579 urbe
1300 549 1414 580 Roma.

982 588 1149 629 Colophon,
1172 591 1248 621 urbs
1274 591 1375 621 loniae
1396 590 1543 622 celebris.
1565 592 1651 624 unde

941 630 1131 671 Colcrphom'i.

983 673 1152 711 comensis,
1174 673 1214 705 ad
1237 673 1308 705 Att.
1333 684 1364 705 ν.
1392 677 1439 705 11.
1465 685 1485 704 a
1505 675 1597 706 Como
1624 686 1652 707 5.

939 715 1131 798 Notiocomo,
1147 717 1276 747 colonia
1295 717 1517 758 transpadana
1538 717 1654 748 Gauiae

937 766 1002 787 cisa
1040 768 1103 788 1113

985 800 1136 837 Commag
1121 811 1211 837 vene,
1227 799 1266 830 ad
1281 800 1357 831 Div.
1376 800 1422 831 iii.
1442 803 1490 832 10.
1504 810 1577 841 pars
1596 802 1656 842 Sy.

938 841 1008 877 riar,
1022 843 1150 872 Amano
1168 843 1275 873 monti
1291 848 1325 873 et
1340 842 1500 882 Euphrati
1524 844 1655 883 interie-

938 889 1010 913 cta.
1035 884 1122 914 unde
1142 885 1388 923 Commagenus,
1404 883 1444 914 ad
1463 885 1533 916 Att.
1552 886 1584 916 ii.
1607 888 1654 918 12.

986 925 1172 963 commone,
1187 927 1227 957 ad
1241 926 1315 957 Div.
1331 937 1381 957 xv.
1395 937 1446 965 ep.
1459 929 1491 957 4.
1505 928 1656 959 vicusvel

940 968 1111 998 castellnm
1129 969 1219 1000 Cilic
1213 979 1252 999 13
1265 969 1298 998 in
1313 969 1440 999 Amano
1456 976 1580 1001 monte.

986 1009 1180 1047 Consemini,
1195 1011 1234 1041 de
1254 1011 1324 1041 Fin.
1350 1010 1387 1040 Β.
1411 1011 1432 1041 1.
1455 1013 1485 1041 3.
1500 1012 1584 1042 cives
1599 1021 1657 1053 op-

941 1051 1005 1091 pidi
1026 1052 1217 1083 Consentiae'
1210 1063 1244 1083 m
1259 1052 1496 1083 mediterranea
1509 1054 1662 1086 Bruttio.

942 1103 1026 1124 rum.
1667 1114 1672 1118 ·

988 1136 1080 1172 Cmes,
1103 1136 1138 1166 in
1157 1136 1251 1166 Vei-r.
1276 1136 1318 1167 iv.
1341 1135 1392 1166 60.
1418 1136 1458 1166 ab
1481 1137 1587 1167 insula
1604 1136 1657 1174 Co.

943 1177 1030 1207 inter
1052 1178 1210 1208 Asiaticas
1225 1179 1288 1208 sita
1303 1178 1344 1209 ad
1365 1188 1456 1208 oram
1472 1179 1657 1211 occidenta-

941 1219 1020 1255 lem,
1031 1219 1066 1248 in
1079 1230 1143 1259 qua
1157 1220 1233 1250 urbs
1246 1220 1360 1251 eodem
1376 1221 1521 1251 nomine.

989 1262 1141 1300 (ἄπαρτι,
1158 1262 1265 1292 insula
1288 1268 1368 1293 nota
1391 1263 1505 1293 Graeca
1524 1272 1543 1293 a
1565 1267 1659 1303 parte

942 1303 1148 1341 occidentali,
1159 1305 1252 1343 enjus
1264 1305 1375 1352 populi
1395 1305 1561 1344 Corcyroei.

989 1345 1149 1384 Corduba,
1169 1347 1246 1377 urbs
1269 1347 1303 1376 in
1329 1347 1388 1378 His
1374 1348 1488 1388 spania
1509 1346 1660 1377 ulteriori

942 1397 968 1418 5.
984 1387 1120 1419 Baetica.

989 1429 1178 1471 Corfinium,
1192 1430 1231 1459 ad
1250 1430 1320 1463 Att.
1335 1431 1402 1462 viii.
1426 1433 1457 1461 3.
1482 1431 1540 1462 &c.
1555 1431 1664 1461 muni-

942 1471 1064 1511 cipium
1087 1473 1120 1502 in
1145 1473 1298 1521 pelignis,
1321 1483 1396 1503 cum
1420 1473 1506 1504 bello
1531 1474 1661 1510 Italico,

941 1520 1014 1543 tum
1030 1515 1116 1544 civili
1137 1516 1207 1545 035
1194 1515 1272 1544 aris
1287 1516 1512 1545 nobilitatum.
1529 1525 1559 1546 v.
1576 1516 1659 1547 035.
1671 1527 1677 1534 ·

943 1554 981 1585 de
1010 1555 1048 1587 B.
1084 1557 1122 1588 C.
1149 1555 1172 1587 l.
1209 1558 1230 1587 i.
1267 1557 1353 1588 unde
1392 1557 1596 1598 Corfiniensis
1622 1556 1664 1589 ad

943 1597 1015 1628 Att.
1031 1598 1098 1628 viii.
1116 1601 1145 1629 5.

991 1639 1051 1670 (³02
1052 1641 1174 1676 zathus·
1208 1641 1285 1671 urbs
1320 1640 1466 1676 Achaiae,
1501 1640 1542 1671 ad
1578 1640 1666 1671 Isth·
1671 1650 1679 1661 ·’

943 1691 1058 1719 mum;
1082 1693 1102 1713 a
1117 1683 1279 1713 Mummio
1293 1683 1401 1714 deleta
1420 1690 1454 1714 et
1472 1693 1491 1714 a
1511 1683 1578 1714 Jul.
1594 1684 1666 1715 03.

943 1733 1013 1754 sare
1030 1725 1233 1755 instaurata:
1257 1736 1277 1756 a
1294 1736 1357 1764 qua
1375 1725 1530 1756 dicuntur
1557 1727 1666 1757 Corin-

944 1767 1014 1796 thia
1037 1777 1130 1804 vasa,
1157 1766 1251 1797 Rosc.
1281 1768 1392 1798 Amer.
1414 1768 1464 1799 46.
1508 1768 1606 1799 Tusc.
1633 1768 1668 1799 ii.

950 1811 997 1838 14.
1012 1814 1045 1838 ct
1072 1809 1273 1840 Corinthium
1290 1819 1343 1845 a‘s,
1359 1810 1399 1840 ad
1415 1811 1485 1840 Att.
1501 1810 1534 1840 ii.
1558 1814 1583 1841 l.
1606 1811 1666 1840 &c.

946 1850 1123 1887 factitium,
1152 1862 1170 1881 e
1191 1852 1286 1882 variis
1321 1852 1463 1882 metallis
1491 1852 1680 1883 artificiose*

947 1892 1083 1922 mistum
1099 1898 1134 1923 et
1147 1899 1225 1923 ante
1249 1893 1446 1924 Corinthum
1467 1905 1486 1924 a
1502 1894 1666 1927 Mummio

947 1934 1090 1966 deletam
1122 1940 1250 1965 notum.
1275 1946 1305 1967 v.
1331 1936 1486 1967 Dukerus
1517 1937 1557 1967 ad
1580 1936 1666 1967 Flor.

948 1977 982 2007 ii.
1004 1977 1049 2007 16.
1066 1977 1248 2008 Bochartus
1262 1978 1393 2008 Hieroz.
1410 1979 1442 2009 ii.
1462 1979 1494 2009 6.
1521 1979 1567 2008 16.
1591 1978 1669 2008 For·

948 2024 982 2049 te
1000 2024 1073 2059 post
1087 2029 1159 2050 eam
1173 2019 1317 2050 dirutam
1333 2021 1474 2060 primum
1491 2022 1604 2052 Romae
1619 2021 1669 2050 in-

950 2061 1073 2097 notuit,
1093 2071 1170 2092 cum
1192 2063 1226 2092 in
1249 2061 1358 2102 praeda
1380 2063 1551 2093 Corinthia
1575 2063 1669 2101 signa

949 2109 983 2133 et
998 2113 1075 2133 vasa
1089 2112 1130 2134 ex
1145 2103 1331 2143 hujusmodi
1347 2113 1410 2135 aere
1425 2105 1512 2135 facta
1526 2104 1681 2135 Romans

950 2145 1077 2185 perlata
1089 2151 1207 2176 essent.

998 2187 1196 2225 Coriolanus,
1213 2187 1255 2218 ad
1275 2187 1345 2218 Att.
1368 2187 1411 2217 ix.
1437 2190 1486 2219 10.
1502 2198 1522 2219 a
1541 2188 1670 2220 (hriolis

951 2230 1031 2259 urbe
1046 2229 1133 2260 Latii
1148 2230 1188 2260 ad
1202 2230 1290 2259 viam
1305 2229 1455 2270 Appiam.

999 2271 1149 2311 Corycus,
1177 2271 1217 2302 ad
1245 2271 1320 2302 Div.
1349 2272 1403 2302 xii.
1437 2274 1485 2304 13.
1513 2272 1669 2314 oppidum

953 2313 1088 2345 Cilieiae.

999 2354 1172 2391 Cosanum,
1200 2354 1241 2385 ad
1261 2355 1333 2386 Att.
1361 2355 1404 2385 ix.
1429 2356 1459 2387 6.
1483 2365 1561 2396 ager
1582 2357 1671 2388 urbi·

959 2396 1061 2428 (ᾤεθ’
1055 2408 1088 2428 in
1102 2398 1246 2428 Etruria.

1001 2439 1125 2470 Crabra
1141 2439 1249 2478 Aqua,
1265 2438 1380 2478 Agrar.
1397 2439 1442 2469 iii.
1457 2441 1488 2470 3.
1509 2449 1600 2479 aquae
1614 2440 1673 2471 du-

954 2485 1026 2511 ctus
1041 2493 1079 2513 ex
1094 2491 1171 2521 agro
1185 2481 1373 2512 Tusculano
1389 2481 1428 2511 ad
1444 2482 1557 2512 urbem
1573 2482 1672 2513 ‹ledu-

954 2528 1044 2554 ctus:
1069 2523 1155 2554 unde
1171 2529 1204 2553 et
1226 2523 1416 2553 Tusculana
1435 2523 1555 2554 dicitur
1578 2524 1673 2556 Balb.

955 2566 1006 2596 220,
1023 2565 1077 2596 sed
1091 2570 1165 2605 post
1180 2565 1375 2596 Tusculanis
1389 2575 1473 2604 aqua
1487 2566 1611 2597 Crabra
1624 2575 1674 2596 re-

956 2606 1035 2637 licta
1048 2608 1109 2637 sub
1123 2608 1281 2646 Aug-usto.
1297 2617 1328 2637 ν.
1343 2607 1382 2637 de
1406 2618 1445 2637 ca
1467 2607 1616 2638 Frontin.
1632 2608 1671 2639 de

955 2649 1147 2687 Aquaeduet.
1169 2659 1202 2679 n.
1218 2653 1249 2683 9.
1273 2649 1388 2689 Nuper
1407 2648 1447 2679 de
1468 2659 1507 2679 ea
1529 2650 1674 2689 disputa·
1717 2684 1720 2686 ,

955 2696 1028 2721 tum
1043 2697 1093 2721 est
1106 2692 1141 2721 in
1155 2691 1334 2729 quaestione
1349 2691 1388 2722 de
1402 2691 1467 2721 situ
1476 2691 1506 2722 T
1508 2692 1674 2723 usculanae

956 2733 1042 2763 villae
1058 2734 1234 2764 Ciceronis.

1003 2775 1167 2811 Crannon,
1194 2775 1233 2806 de
1256 2774 1313 2805 Or.
1336 2774 1370 2805 ii.
1393 2775 1423 2805 6.
1440 2775 1516 2805 urbs
1536 2775 1676 2806 Thessa.

958 2816 1010 2847 113
1022 2828 1028 2845 :
1047 2817 1161 2847 melior
1172 2818 1334 2857 scriptura
1347 2821 1396 2847 est
1417 2816 1605 2853 (Er-anomia
1619 2817 1675 2847 do-

956 2863 1009 2889 cet
1027 2859 1196 2890 Drakenb.
1207 2859 1247 2890 ad
1261 2859 1332 2889 Liv.
1343 2860 1447 2889 xxxvi.
1465 2862 1512 2890 10.
1523 2860 1578 2898 qui
1596 2866 1630 2890 et
1640 2860 1675 2892 h.

957 2900 980 2931 l.
996 2901 1042 2931 sic
1056 2901 1152 2931 scribi
1168 2902 1270 2932 tradit
1285 2901 1318 2931 111
1335 2901 1415 2931 Cod.
1430 2901 1630 2939 Traiectino.

1005 2942 1134 2982 C'mter,
1147 2943 1190 2976 ad
1201 2944 1273 2976 Att.
1289 2943 1323 2974 ii.
1341 2946 1371 2974 8.
1393 2943 1459 2975 fuit
1479 2944 1568 2973 sinus
1589 2944 1691 2976 intem
