1804 3178
640 144 785 175 mnex
814 131 1109 179 nummus.

158 232 383 266 ·0mmoraeio.
408 232 490 275 quid
513 234 548 265 in
571 233 769 266 rhetoricis?
799 236 838 266 ad

119 274 202 309 Her.
218 278 260 309 iv.
277 281 330 310 45.

165 320 452 359 &tumetium-ula,
468 320 547 352 levis
570 321 718 362 impetus
741 321 839 354 sebri-

115 362 169 402 lis,
193 365 300 405 qualis
322 375 391 396 esse
414 364 498 395 solet
514 366 586 404 jam
609 365 780 397 debilitata
804 371 838 397 et

114 406 223 439 fracta
251 409 350 440 febris
378 409 422 438 vi.
453 408 525 439 Att.
550 409 606 440 xii.
635 412 684 440 ll.
715 410 837 441 Atticm

112 452 392 483 commotiunculis
404 451 590 492 συμπάσχειν.

164 495 373 526 (humavere.
391 505 449 535 pro
465 505 607 526 movere.
628 495 722 526 Verr.
740 506 770 527 v.
784 499 835 530 37.

111 547 308 570 mmmmm
332 544 442 569 castra
463 549 502 568 ex
527 539 598 570 lut-o
619 539 741 579 aliquo.
770 542 835 580 Qu.

114 580 166 612 Fr.
194 582 229 612 ii.
251 582 287 613 8.
319 581 496 622 perleviter
522 585 719 614 commoveri.
747 583 778 613 h.
805 594 834 614 e.

112 629 285 665 egrotare.
318 625 393 656 *de
422 625 637 666 philos‹›phi5‚
665 628 720 666 qui
753 636 835 657 nova

109 669 410 699 cummium—untur.
449 670 550 700 Acad.
585 671 627 701 iv.
659 672 689 701 6.
728 670 834 707 Philo,

110 710 193 742 dum
217 721 303 743 nova
324 711 474 751 quaedam
495 718 677 750 commovet,
694 714 782 753 quod
796 724 836 743 ca

109 755 274 786 sustinere
289 756 342 786 vix
361 760 505 796 poterat,
522 767 596 796 quae
620 762 737 788 contra
751 757 834 787 Aca-

109 797 316 830 demicorum
338 801 556 839 pertinaciam
579 800 779 831 dicebantur
799 807 833 831 et

107 847 223 882 aperte
240 843 404 873 mentitur
419 844 478 873 διο.
503 843 719 884 ‘Suscipere‚
739 843 833 875 moli-

107 884 148 916 ri.
186 885 258 916 Att.
288 886 354 916 xvi.
387 890 435 917 15.
468 886 551 924 haec,
577 897 650 926 qnae
678 893 833 919 commota

107 933 201 966 sunt,
215 939 373 969 quorsum
385 929 544 960 evadant:
562 930 651 961 unde
661 941 832 962 commove-

105 981 144 1002 re
164 981 200 1002 se
221 973 391 1011 dicuntur,
408 973 463 1012 qui
486 973 612 1013 aliquid
635 975 830 1006 moliuntur.

107 1015 208 1046 Catil.
220 1016 243 1046 i.
255 1017 286 1047 2.
303 1025 344 1046 ne
359 1026 550 1048 cmnmovere
565 1022 599 1047 te
613 1023 730 1048 contra
745 1029 830 1049 rem-

106 1058 276 1099 publicam
299 1060 413 1100 possis.
438 1060 458 1078 ¹²
473 1060 666 1091 Commoverae'
688 1072 764 1092 eum
789 1063 829 1093 de

106 1102 221 1133 animo
245 1102 381 1141 dicitur,
403 1104 509 1134 tribus
532 1105 637 1134 modis
660 1107 829 1144 sumitur;

105 1146 227 1186 primo,
243 1156 321 1177 cum
345 1146 488 1178 refertur
505 1148 546 1178 ad
563 1149 748 1188 ingenium,
764 1154 828 1188 est,

104 1189 289 1220 rationibus
317 1190 513 1230 quibusdam
544 1201 583 1222 eo
614 1192 762 1232 perduci,
790 1197 828 1223 ut

103 1231 231 1273 aliquid
243 1243 359 1264 verum
376 1234 538 1265 falsumve
551 1241 718 1275 putemuS.
738 1236 829 1266 dein-

102 1275 158 1314 de,
169 1286 247 1307 cum
259 1276 300 1307 de
311 1279 615 1318 perturbationibus
626 1279 742 1316 animi,
755 1289 828 1318 quae

103 1324 141 1350 et
159 1322 374 1352 commotiones
388 1322 490 1352 animi
507 1321 730 1362 appellantur,
747 1322 827 1354 dici-

102 1367 176 1402 tur,
203 1364 400 1404 plerumque
427 1370 556 1395 certum
585 1365 718 1405 aliquod
746 1375 827 1396 com-

101 1408 246 1438 motionis
257 1417 362 1448 genus
374 1408 519 1439 indicat:
540 1414 592 1446 ut,
605 1416 712 1439 morte
725 1409 827 1440 alicu-

96 1450 154 1490 jus
176 1454 376 1489 mmmmten',
393 1462 452 1492 pro
467 1453 598 1489 terreri,
615 1458 674 1482 ant
689 1454 828 1484 tristitia

101 1495 200 1525 affici.
224 1494 277 1525 Ad
297 1495 506 1526 voluntatem
531 1496 672 1535 denique
696 1496 751 1526 ubi
777 1507 825 1527 re—

100 1537 220 1576 fertur,
235 1539 417 1578 significat,
433 1539 531 1570 certis
553 1539 592 1569 de
608 1540 716 1570 causis
732 1541 825 1571 nobis

100 1580 228 1620 aliquid
237 1591 308 1612 esse
320 1583 551 1613 constitutum.
568 1583 730 1623 Exempla
745 1594 827 1624 pau-

100 1634 142 1664 ca
155 1624 336 1665 adjecimus
351 1637 358 1655 t
383 1626 484 1656 Arch.
500 1629 531 1657 5.
558 1626 664 1656 Unius
681 1628 824 1659 nominis

98 1667 204 1699 litura
224 1677 259 1700 se
282 1673 473 1700 commotum
496 1669 636 1700 dixerit:
662 1670 683 1700 i.
707 1679 735 1700 e.
753 1681 824 1710 pro-

97 1715 175 1752 pter
195 1721 299 1743 unam
322 1712 457 1743 lituram
481 1713 541 1744 sibi
563 1713 695 1744 tabulas
711 1724 824 1754 suspe-

97 1758 170 1786 ctas
185 1765 268 1786 esse.
283 1755 416 1786 Mnren.
435 1760 483 1791 19.
506 1758 723 1788 commovebar
738 1757 823 1788 ludis

97 1798 256 1830 Antonii:
281 1800 439 1829 timorem
463 1800 658 1837 afferebant,
674 1809 717 1830 ne
740 1801 821 1831 mihi

96 1847 258 1873 nocerent
268 1843 302 1874 in
310 1843 484 1883 petitione.
501 1843 584 1874 *On
598 1844 631 1874 ii.
645 1848 674 1876 5.
691 1843 822 1874 Graeca-

97 1895 173 1916 rum
192 1886 458 1927 disputationum
476 1887 672 1917 memoriam
688 1897 821 1919 commo-

97 1933 190 1960 vemt
202 1941 213 1958 .-
227 1929 260 1959 h.
272 1939 302 1959 e.
314 1930 528 1968 instaurarat,
541 1934 722 1961 revocarat.
736 1931 821 1962 *On

95 1973 120 2003 i.
144 1974 198 2004 25.
233 1973 408 2012 ingenium
433 1978 505 2004 arte
528 1983 732 2011 commovere,
760 1985 820 2015 pro

96 2025 232 2056 augere,
263 2026 392 2047 acuere.
430 2016 450 2035 ¹²
464 2024 625 2056 evertere,
657 2017 819 2056 refellere,

95 2059 281 2090 confutare.
327 2060 384 2091 Or.
416 2061 450 2091 ii.
481 2062 534 2091 51.
569 2060 603 2090 Si
635 2061 819 2092 convellere

95 2102 287 2134 adoriamur
303 2113 355 2142 ea,
372 2113 445 2143 quae
461 2105 648 2134 commoveri
664 2114 731 2135 non
746 2114 820 2145 pos-

92 2150 185 2179 tunt.

107 2203 110 2206 >
143 2189 357 2222 &immunde-o.
387 2190 429 2220 ad
455 2190 530 2220 Div.
558 2190 580 2220 i.
604 2194 635 2224 7.
666 2189 744 2221 Non
767 2200 819 2222 so-

93 2232 166 2264 lum
190 2243 211 2264 a
231 2243 286 2264 me
313 2239 524 2274 provocatuS,
546 2233 604 2263 sed
632 2234 735 2264 etiam
758 2244 820 2265 sua

92 2280 213 2318 sponte
224 2277 265 2308 cle
274 2281 310 2308 te
325 2279 561 2308 commum'mre
576 2277 678 2307 solet:
704 2276 747 2307 ad
763 2287 816 2308 me

92 2319 229 2359 referre,
245 2320 438 2352 deliberare.
461 2320 563 2352 Acad.
586 2321 628 2351 iv.
649 2323 675 2350 1.
702 2321 815 2360 itaque

92 2363 228 2404 privabo
247 2363 342 2395 illum
358 2365 469 2405 potius
485 2364 595 2394 debito
610 2364 815 2402 testimonio,

92 2415 194 2447 quam
217 2407 252 2438 id
273 2418 351 2438 cum
372 2418 447 2438 mea
461 2407 558 2438 laude
572 2408 814 2438 communicem.

92 2451 150 2482 Or.
168 2452 189 2482 i.
206 2454 255 2483 15.
278 2453 516 2482 communicare
531 2460 608 2482 cum
621 2450 744 2490 aliquo,
757 2460 816 2491 pro

92 2494 266 2526 consulere
289 2495 446 2534 aliquem.
470 2495 566 2526 Rosc.
589 2493 663 2525 Am.
685 2497 738 2525 40.
761 2496 815 2529 49.

91 2547 144 2570 res
158 2542 195 2569 et
209 2539 295 2570 ratio
310 2548 388 2569 cum
403 2538 514 2578 aliquo
525 2538 756 2568 communicavi
765 2537 815 2567 di-

92 2582 192 2620 citur,
215 2592 315 2622 quem
341 2583 467 2613 socium
493 2583 526 2612 in
550 2580 733 2611 commodis
755 2585 814 2611 aut

92 2625 236 2666 negotiis
257 2626 433 2657 sumimus.
457 2625 498 2656 ad
521 2625 596 2656 Div.
621 2635 671 2655 xv.
687 2626 740 2655 21.
765 2624 814 2654 in-

91 2669 248 2700 imicitias
272 2679 404 2700 mecum
427 2669 681 2700 communicasti.
707 2668 727 2698 i.
751 2667 814 2697 ini-

91 2712 196 2743 micos
211 2722 302 2744 meos
318 2723 377 2753 pro
392 2713 460 2744 tuis
477 2712 634 2742 habuisti.

138 2755 336 2795 memunis,
359 2756 515 2796 vulgaris.
531 2755 638 2795 quoad
653 2763 726 2794 quae
741 2763 814 2784 om-

89 2798 189 2830 nibus
210 2801 398 2830 communia
420 2803 512 2837 sunt,
528 2799 677 2838 vulgaria
692 2798 814 2828 haben-

88 2846 160 2879 tur,
174 2846 210 2873 et
231 2842 313 2874 adeo
335 2846 610 2874 contemnuntur.
638 2842 678 2872 ad
704 2841 776 2871 Div.
792 2841 812 2870 i.

89 2889 122 2920 9.
152 2885 333 2917 abhorrent
347 2896 368 2916 a
386 2886 560 2927 praeceptis
583 2885 812 2916 communibm.

90 2928 170 2963 ibid.
191 2929 248 2962 vii.
275 2932 302 2961 1.
331 2939 515 2961 communes
543 2930 663 2961 mimos
686 2933 815 2968 specta-

1527 146 1607 183 229

885 240 961 274 rent
989 239 1192 270 semisomni.
1228 239 1315 272 ⁶Or.
1347 244 1398 273 33.
1435 253 1600 274 muninime

878 279 1058 318 judicium,
1073 281 1112 310 do
1130 282 1257 321 jndicio
1279 284 1403 325 populi.
1426 285 1522 316 Doni.
1550 289 1598 317 18.

884 325 1066 353 communia
1088 330 1250 365 tempom,
1265 338 1338 366 qua·
1357 327 1397 357 ad
1414 328 1596 359 universam

885 366 1123 405 rempublicam
1148 370 1326 408 pertinent.
1349 370 1440 402 Balb.
1457 374 1487 402 5.
1516 381 1596 401 com

882 411 992 441 munis
1014 411 1143 451 imperii
1166 411 1260 448 fines,
1275 414 1295 442 i.
1319 424 1348 444 r.
1369 413 1484 450 nostri,
1503 414 1594 444 Rom.

883 452 974 483 Sext.
1008 456 1033 484 l.
1071 456 1247 485 communis
1278 455 1420 487 libor-tas.
1456 457 1533 488 ibid.
1564 458 1596 489 G.

881 507 1081 528 communem
1097 498 1240 528 salntem
1256 499 1400 529 reficere.
1418 499 1528 531 Plane.
1549 503 1596 531 14-

881 543 1057 572 mmmum's
1071 540 1126 572 ille
1136 550 1252 573 sensus
1268 542 1302 572 in
1315 541 1385 574 aliis
1399 542 1533 574 sortasse
1551 543 1596 574 la-

880 585 958 614 tuit.
984 584 1016 614 h.
1041 594 1070 615 e.
1097 584 1154 616 alii
1183 585 1320 616 sortasse
1348 585 1597 617 dissimularunt

880 627 1040 664 dolorem,
1056 629 1113 667 qui
1137 628 1178 659 ad
1195 638 1310 659 omnes
1324 629 1522 669 pertinebat.
1538 629 1595 661 Or.

881 670 927 700 iii.
944 672 997 706 29.
1027 672 1106 710 quid
1129 672 1162 702 in
1187 676 1350 704 communi
1369 676 1479 704 mente
1502 673 1593 712 quasi

882 713 1076 753 impressum
1089 716 1144 752 sit,
1157 720 1207 746 cst
1223 716 1314 746 notio
1329 714 1478 753 confusa,
1495 725 1593 754 qnam

879 767 994 788 omnes
1010 757 1192 796 habent‚et
1203 769 1301 799 quam
1319 758 1439 790 evolvit
1454 758 1596 800 philoso-

881 800 976 840 plius.
1000 801 1064 832 Pis.
1086 805 1140 832 40.
1165 804 1342 834 communis
1363 802 1538 833 salutatio:
1563 801 1595 832 h.

879 854 908 873 e.
925 846 1035 883 quain
1046 855 1161 876 omnes
1177 847 1317 884 utimur,
1334 846 1435 877 etiam
1452 846 1595 885 ignotos.

878 888 934 917 Or.
967 889 1000 918 ii.
1024 892 1078 923 77.
1112 899 1279 920 commune
1299 889 1484 926 exordium,
1508 889 1596 929 quod

877 930 991 962 multis
1020 932 1224 963 orationibus
1247 934 1405 974 praemitti
1422 937 1545 973 potest,
1560 939 1596 963 et

876 980 928 1004 est
944 975 979 1005 in
994 975 1086 1006 vitio.
1109 976 1186 1006 ibid.
1209 979 1255 1011 17.
1278 986 1459 1008 communes
1472 976 1594 1013 literae,

875 1024 955 1048 sunt
974 1024 1060 1050 artes
1076 1019 1238 1058 liberales,
1253 1021 1372 1059 quibus
1387 1029 1502 1051 omnes
1517 1029 1595 1059 ope-

876 1070 945 1091 ram
973 1062 1050 1092 dare
1079 1062 1198 1093 solent.
1225 1064 1319 1094 Orat.
1347 1063 1391 1094 iii.
1417 1065 1470 1097 27.
1501 1062 1591 1092 locus

874 1107 1051 1137 eom-munis
1066 1106 1187 1136 dicitur
1202 1116 1222 1137 a
1237 1106 1434 1144 rhetoribus,
1450 1106 1505 1145 qui
1523 1115 1591 1136 rem

873 1157 1008 1179 omnem
1037 1149 1077 1179 ad
1103 1159 1207 1189 genus
1235 1150 1348 1188 refert,
1375 1149 1522 1188 adeoque
1550 1149 1591 1179 ad

873 1201 988 1222 omnes
1012 1191 1132 1223 formas
1157 1194 1314 1233 pertinet.
1329 1198 1364 1224 at
1379 1193 1471 1223 Verr.
1488 1193 1521 1223 ii.
1537 1193 1591 1223 46.

873 1240 923 1264 est
940 1235 1031 1266 locus
1048 1235 1211 1276 publicus,
1224 1242 1261 1267 ut
1272 1237 1393 1273 forum,
1406 1236 1591 1272 theatrum,

873 1279 1018 1318 porticus
1031 1279 1090 1309 Bac.
1115 1279 1198 1310 Phil.
1214 1280 1247 1311 ii.
1259 1283 1290 1311 4.
1314 1280 1412 1310 homo
1423 1280 1497 1309 vitae
1509 1288 1592 1309 com-

873 1324 980 1351 munis
1003 1323 1149 1362 ignarus,
1173 1324 1228 1353 ein
1252 1323 1404 1360 Mensch,
1419 1322 1476 1352 der
1497 1322 1592 1353 nicht

871 1374 914 1395 zu
945 1365 1041 1396 leben
1069 1367 1174 1403 weiss,
1201 1371 1240 1397 ut
1267 1376 1325 1397 nos
1353 1366 1506 1403 dicimus,
1532 1366 1589 1404 qui

872 1410 990 1446 nescit,
1014 1419 1088 1448 quae
1117 1410 1283 1447 omnibus,
1307 1410 1409 1440 etiam
1431 1409 1589 1446 inimicis,

871 1453 978 1482 officia
992 1453 1168 1483 tribuenda
1183 1454 1262 1490 sint,
1279 1459 1313 1483 et
1328 1453 1426 1493 vulgo
1440 1453 1589 1483 tribuan-

870 1499 934 1525 tur.
958 1496 1015 1526 Or.
1030 1497 1051 1526 i.
1068 1499 1120 1530 49.
1144 1504 1292 1527 versatus
1308 1498 1342 1527 in
1358 1497 1464 1527 causis
1481 1496 1589 1527 foren-

870 1539 959 1569 sibus
976 1545 1075 1579 atque
1091 1541 1316 1570 communibus.
1337 1540 1500 1571 Tironum
1511 1549 1590 1569 can-

869 1591 906 1612 sa
925 1582 1129 1613 monendum
1144 1589 1208 1621 est,
1223 1585 1404 1614 communia
1421 1583 1498 1619 dici,
1514 1591 1588 1622 quae

869 1625 910 1655 ad
927 1625 1037 1665 plures
1052 1627 1235 1666 pertinent,
1248 1627 1392 1666 adeoque
1407 1627 1589 1657 communita

869 1668 932 1698 dici
958 1679 1051 1708 posse
1074 1671 1176 1700 etiam
1192 1680 1266 1710 quae
1281 1669 1430 1710 vulgaria
1443 1668 1523 1699 alias
1539 1669 1588 1699 di-

869 1718 1004 1751 cuntur,
1022 1718 1061 1743 ut
1075 1723 1177 1754 supra
1196 1717 1361 1744 notamus.
1395 1712 1484 1753 Quid
1498 1713 1589 1743 enim

867 1762 947 1786 sunt
969 1758 1152 1788 communia
1170 1762 1348 1797 praeccpta,
1363 1767 1383 1786 a
1397 1757 1515 1795 quibus
1532 1755 1586 1786 Ci-

868 1800 996 1830 ceronis
1019 1799 1058 1830 de
1075 1801 1212 1831 Oratore
1227 1799 1301 1831 libri
1317 1799 1508 1836 abhorrent,
1525 1800 1585 1829 nisi

867 1842 1026 1882 vulgaria,
1042 1853 1115 1882 quae
1136 1845 1170 1874 in
1197 1843 1386 1883 vulgaribus
1414 1843 1584 1874 rhetoricis

868 1885 986 1917 libellis
1015 1887 1218 1917 occurrunt?
1253 1887 1312 1917 Est
1341 1891 1454 1917 tamen
1481 1885 1583 1915 etiam

867 1928 991 1968 aliquid
1006 1930 1096 1960 inter
1110 1930 1261 1969 nugaria
1275 1937 1308 1960 et
1324 1930 1506 1960 communia
1521 1928 1586 1959 ‹lis-

866 1973 1024 2003 criminis.
1051 1973 1209 2014 Vulgaria
1230 1973 1382 2011 dicimus,
1405 1982 1478 2011 quae
1500 1982 1583 2002 com-

865 2017 979 2046 munia
1006 2021 1086 2047 sunt
1107 2017 1274 2054 omnibus,
1296 2016 1353 2047 scd
1376 2017 1435 2053 ita,
1459 2020 1497 2046 ut.
1520 2014 1582 2046 hoe

865 2059 935 2099 ipso
963 2060 1062 2090 verbo
1095 2064 1306 2090 contemtum
1337 2069 1450 2090 eorum
1481 2059 1584 2099 signi-

865 2103 1014 2133 ficemus.
1047 2103 1235 2134 vamunia
1257 2107 1370 2134 autem
1394 2105 1428 2132 et
1449 2102 1520 2143 ipsa
1541 2101 1584 2132 ad

863 2146 985 2186 plures,
1003 2151 1102 2186 atque
1118 2147 1199 2177 adeo
1215 2146 1256 2177 ad
1270 2155 1385 2176 omnes
1403 2146 1582 2186 pertinent,

862 2189 919 2220 sed
946 2190 1016 2220 sine
1040 2193 1222 2220 contemtu.
1254 2190 1306 2219 Sic
1332 2188 1473 2219 dicimus
1499 2197 1581 2219 com-

863 2242 995 2263 munem
1017 2243 1165 2269 sensum,
1184 2242 1381 2263 communem
1403 2232 1580 2268 rationem,

860 2277 1044 2306 eommunia.
1070 2281 1248 2316 praecepta,
1269 2277 1453 2306 communia
1479 2274 1578 2312 mala,

862 2320 979 2350 vitium
1002 2329 1180 2356 commune,
1196 2319 1253 2349 sed
1268 2318 1464 2360 simpliciter
1478 2319 1578 2358 respi-

861 2363 966 2394 cimus
983 2362 1081 2401 adid,
1095 2363 1180 2401 (qnod
1196 2362 1237 2392 ad
1254 2361 1363 2402 plures
1378 2368 1437 2392 aut
1452 2361 1494 2393 ad
1508 2371 1579 2392 om-

862 2416 919 2437 nes
932 2407 1087 2446 pertinet.
1103 2407 1122 2424 ¹*
1132 2407 1318 2437 communia
1329 2405 1442 2436 omnia
1455 2405 1578 2436 habent

859 2449 1137 2489 significationem
1151 2449 1317 2480 amicitiae.
1333 2448 1375 2478 ad
1386 2448 1462 2479 Div.
1478 2459 1506 2478 v.
1524 2449 1578 2479 21.

860 2503 936 2523 nam
951 2496 1063 2523 tecum
1081 2492 1163 2523 mihi
1179 2502 1248 2522 esse
1258 2493 1440 2522 communia
1452 2492 1578 2529 omnia,

859 2537 907 2567 ita
926 2545 1000 2576 quae
1023 2542 1102 2576 opto
1123 2536 1332 2575 contingant,
1349 2539 1388 2565 ut
1403 2534 1578 2566 vehemen-

858 2584 911 2610 ter
939 2578 1058 2609 velim:
1090 2580 1139 2610 ita
1163 2578 1273 2609 locum
1297 2578 1379 2609 bene
1402 2578 1578 2609 constituit

858 2622 1016 2653 Graevius.
1061 2622 1124 2652 Sed
1146 2631 1260 2652 sensus
1276 2627 1343 2652 est:
1368 2621 1428 2652 tibi
1444 2622 1576 2654 amicis·

857 2666 960 2696 simus
993 2671 1028 2696 et
1058 2665 1334 2696 familiarissimus
1367 2674 1437 2695 esse
1467 2666 1577 2705 cupio.

857 2709 979 2739 *vern
1004 2709 1038 2739 ii.
1053 2709 1106 2739 46.
1129 2709 1181 2740 63.
1211 2708 1382 2739 Gnnmune
1403 2707 1536 2745 Siciliae,
1555 2708 1575 2738 i.

857 2762 886 2782 e.
898 2753 1085 2782 universam
1096 2751 1254 2782 Siciliam.
1278 2751 1372 2782 Verr.
1384 2751 1404 2781 i.
1417 2754 1469 2782 38.
1492 2760 1575 2782 com-

858 2805 955 2826 mune
982 2795 1179 2836 Milyadum.
1214 2793 1280 2825 vid.
1309 2794 1349 2824 de
1378 2794 1439 2824 hac
1468 2793 1575 2825 forma

858 2840 974 2870 Hcins.
995 2838 1034 2868 ad
1050 2837 1145 2868 Ovid.
1163 2838 1246 2868 Met.
1262 2837 1316 2869 xii.
1331 2841 1362 2871 7.

905 2883 1096 2912 Cbnmmnc'o.
1129 2881 1200 2911 Mil.
1225 2882 1277 2912 36.
1307 2880 1404 2917 bona,
1428 2879 1577 2910 fortunas

859 2935 947 2956 meas
971 2935 1008 2956 ac
1027 2925 1207 2956 liberorum
1223 2934 1373 2955 meorum
1390 2924 1423 2954 in
1438 2933 1578 2955 commu-

909 2972 963 3005 (23
