<?xml version="1.0" encoding="UTF-8"?>
<!DOCTYPE html PUBLIC "-//W3C//DTD XHTML 1.0 Transitional//EN"
    "http://www.w3.org/TR/xhtml1/DTD/xhtml1-transitional.dtd">
<html xmlns="http://www.w3.org/1999/xhtml" xml:lang="en" lang="en">
 <head>
  <title>
</title>
<meta http-equiv="Content-Type" content="text/html;charset=utf-8" />
  <meta name='ocr-system' content='tesseract 3.04.00' />
  <meta name='ocr-capabilities' content='ocr_page ocr_carea ocr_par ocr_line ocrx_word'/>
</head>
<body>
  <div class='ocr_page' id='page_1' title='image "./operaomnia05ciceuoft/operaomnia05ciceuoft_0293.png"; bbox 0 0 1804 3178; ppageno 0'>
   <div class='ocr_carea' id='block_1_1' title="bbox 49 1518 218 1550">
    <p class='ocr_par' dir='ltr' id='par_1_1' title="bbox 49 1518 218 1550">
     <span class='ocr_line' id='line_1_1' title="bbox 49 1518 218 1550; baseline 0.012 -2"><span class='ocrx_word' id='word_1_1' title='bbox 49 1529 58 1540; x_wconf 68' lang='lat'><strong><em>⁴</em></strong></span> <span class='ocrx_word' id='word_1_2' title='bbox 89 1518 218 1550; x_wconf 82' lang='lat' dir='ltr'>ducere.</span> 
     </span>
    </p>
   </div>
   <div class='ocr_carea' id='block_1_2' title="bbox 612 76 1082 108">
    <p class='ocr_par' dir='ltr' id='par_1_2' title="bbox 612 76 1082 108">
     <span class='ocr_line' id='line_1_2' title="bbox 612 76 1082 108; baseline 0.009 -4"><span class='ocrx_word' id='word_1_3' title='bbox 612 76 757 105; x_wconf 65' lang='lat' dir='ltr'>INDEX</span> <span class='ocrx_word' id='word_1_4' title='bbox 791 77 920 106; x_wconf 64' lang='lat' dir='ltr'>LATm</span> <span class='ocrx_word' id='word_1_5' title='bbox 931 80 1082 108; x_wconf 50' lang='lat' dir='ltr'>miris.</span> 
     </span>
    </p>
   </div>
   <div class='ocr_carea' id='block_1_3' title="bbox 82 163 826 2915">
    <p class='ocr_par' dir='ltr' id='par_1_3' title="bbox 92 163 826 464">
     <span class='ocr_line' id='line_1_3' title="bbox 93 163 826 203; baseline -0.004 -8"><span class='ocrx_word' id='word_1_6' title='bbox 93 173 146 199; x_wconf 71' lang='lat' dir='ltr'>tes</span> <span class='ocrx_word' id='word_1_7' title='bbox 169 168 204 194; x_wconf 86' lang='lat' dir='ltr'>et</span> <span class='ocrx_word' id='word_1_8' title='bbox 227 163 390 201; x_wconf 81' lang='lat' dir='ltr'>seditiosi,</span> <span class='ocrx_word' id='word_1_9' title='bbox 405 164 461 203; x_wconf 89' lang='lat' dir='ltr'>qui</span> <span class='ocrx_word' id='word_1_10' title='bbox 478 163 511 193; x_wconf 89' lang='lat' dir='ltr'>in</span> <span class='ocrx_word' id='word_1_11' title='bbox 529 163 746 193; x_wconf 78' lang='lat' dir='ltr'>concionibus</span> <span class='ocrx_word' id='word_1_12' title='bbox 770 163 826 193; x_wconf 83' lang='lat' dir='ltr'>do-</span> 
     </span>
     <span class='ocr_line' id='line_1_4' title="bbox 96 206 826 248; baseline -0.001 -10"><span class='ocrx_word' id='word_1_13' title='bbox 96 207 281 244; x_wconf 76' lang='lat' dir='ltr'>minantur,</span> <span class='ocrx_word' id='word_1_14' title='bbox 305 217 440 248; x_wconf 76' lang='lat' dir='ltr'>easque,</span> <span class='ocrx_word' id='word_1_15' title='bbox 463 217 529 246; x_wconf 89' lang='lat' dir='ltr'>quo</span> <span class='ocrx_word' id='word_1_16' title='bbox 552 206 684 245; x_wconf 78' lang='lat' dir='ltr'>volunt,</span> <span class='ocrx_word' id='word_1_17' title='bbox 709 206 826 247; x_wconf 79' lang='lat' dir='ltr'>impel-</span> 
     </span>
     <span class='ocr_line' id='line_1_5' title="bbox 94 249 826 291; baseline -0.003 -9"><span class='ocrx_word' id='word_1_18' title='bbox 94 249 162 282; x_wconf 83' lang='lat' dir='ltr'>lere</span> <span class='ocrx_word' id='word_1_19' title='bbox 187 257 337 291; x_wconf 84' lang='lat' dir='ltr'>possunt.</span> <span class='ocrx_word' id='word_1_20' title='bbox 368 250 479 281; x_wconf 81' lang='lat' dir='ltr'>Vatin.</span> <span class='ocrx_word' id='word_1_21' title='bbox 506 252 555 281; x_wconf 89' lang='grc'>13.</span> <span class='ocrx_word' id='word_1_22' title='bbox 587 259 664 280; x_wconf 85' lang='lat' dir='ltr'>cum</span> <span class='ocrx_word' id='word_1_23' title='bbox 688 249 757 290; x_wconf 87' lang='lat' dir='ltr'>ipse</span> <span class='ocrx_word' id='word_1_24' title='bbox 774 250 826 280; x_wconf 83' lang='lat' dir='ltr'>do-</span> 
     </span>
     <span class='ocr_line' id='line_1_6' title="bbox 92 292 821 336; baseline 0 -11"><span class='ocrx_word' id='word_1_25' title='bbox 92 295 203 326; x_wconf 67' lang='lat' dir='ltr'>uinus</span> <span class='ocrx_word' id='word_1_26' title='bbox 218 294 308 335; x_wconf 82' lang='lat' dir='ltr'><strong>epuli</strong></span> <span class='ocrx_word' id='word_1_27' title='bbox 322 295 364 336; x_wconf 76' lang='grc' dir='ltr'>Ω.</span> <span class='ocrx_word' id='word_1_28' title='bbox 379 294 494 325; x_wconf 80' lang='lat' dir='ltr'>Arrius</span> <span class='ocrx_word' id='word_1_29' title='bbox 510 292 640 325; x_wconf 78' lang='lat' dir='ltr'>albatus</span> <span class='ocrx_word' id='word_1_30' title='bbox 656 299 760 324; x_wconf 80' lang='lat' dir='ltr'>esset:</span> <span class='ocrx_word' id='word_1_31' title='bbox 788 293 821 325; x_wconf 87' lang='lat' dir='ltr'>h.</span> 
     </span>
     <span class='ocr_line' id='line_1_7' title="bbox 92 337 823 379; baseline 0.001 -12"><span class='ocrx_word' id='word_1_32' title='bbox 92 348 124 368; x_wconf 84' lang='lat' dir='ltr'>e.</span> <span class='ocrx_word' id='word_1_33' title='bbox 136 338 192 378; x_wconf 90' lang='lat' dir='ltr'>qui</span> <span class='ocrx_word' id='word_1_34' title='bbox 208 338 346 379; x_wconf 86' lang='lat' dir='ltr'>epulum</span> <span class='ocrx_word' id='word_1_35' title='bbox 358 337 536 378; x_wconf 77' lang='lat' dir='ltr'>praebebat.</span> <span class='ocrx_word' id='word_1_36' title='bbox 553 337 592 367; x_wconf 82' lang='lat' dir='ltr'>de</span> <span class='ocrx_word' id='word_1_37' title='bbox 609 337 734 368; x_wconf 76' lang='lat' dir='ltr'>editore</span> <span class='ocrx_word' id='word_1_38' title='bbox 750 347 823 368; x_wconf 90' lang='lat' dir='ltr'>mu-</span> 
     </span>
     <span class='ocr_line' id='line_1_8' title="bbox 94 380 823 416; baseline 0.001 -5"><span class='ocrx_word' id='word_1_39' title='bbox 94 382 183 412; x_wconf 84' lang='lat' dir='ltr'>neris</span> <span class='ocrx_word' id='word_1_40' title='bbox 204 387 255 412; x_wconf 81' lang='lat' dir='ltr'>est</span> <span class='ocrx_word' id='word_1_41' title='bbox 270 381 312 412; x_wconf 86' lang='lat' dir='ltr'>ad</span> <span class='ocrx_word' id='word_1_42' title='bbox 335 380 406 412; x_wconf 82' lang='lat' dir='ltr'>Att.</span> <span class='ocrx_word' id='word_1_43' title='bbox 424 381 457 411; x_wconf 92' lang='lat' dir='ltr'>ii.</span> <span class='ocrx_word' id='word_1_44' title='bbox 477 384 526 415; x_wconf 91' lang='grc'>19.</span> <span class='ocrx_word' id='word_1_45' title='bbox 549 381 631 411; x_wconf 80' lang='lat' dir='ltr'>Orat</span> <span class='ocrx_word' id='word_1_46' title='bbox 648 381 682 412; x_wconf 90' lang='lat' dir='ltr'>ii.</span> <span class='ocrx_word' id='word_1_47' title='bbox 702 384 751 416; x_wconf 83' lang='lat'>17.</span> <span class='ocrx_word' id='word_1_48' title='bbox 769 381 823 412; x_wconf 84' lang='lat' dir='ltr'>do-</span> 
     </span>
     <span class='ocr_line' id='line_1_9' title="bbox 94 423 541 464; baseline -0.004 -8"><span class='ocrx_word' id='word_1_49' title='bbox 94 425 202 456; x_wconf 76' lang='lat' dir='ltr'>minus</span> <span class='ocrx_word' id='word_1_50' title='bbox 219 425 277 463; x_wconf 84' lang='lat' dir='ltr'>rei,</span> <span class='ocrx_word' id='word_1_51' title='bbox 286 423 391 464; x_wconf 83' lang='lat' dir='ltr'>judex</span> <span class='ocrx_word' id='word_1_52' title='bbox 406 424 541 455; x_wconf 86' lang='lat' dir='ltr'>dicitur.</span> 
     </span>
    </p>

    <p class='ocr_par' dir='ltr' id='par_1_4' title="bbox 95 467 822 544">
     <span class='ocr_line' id='line_1_10' title="bbox 136 467 822 510; baseline 0 -9"><span class='ocrx_word' id='word_1_53' title='bbox 136 469 274 501; x_wconf 61' lang='lat' dir='ltr'>Danai-e</span> <span class='ocrx_word' id='word_1_54' title='bbox 295 478 354 510; x_wconf 87' lang='lat' dir='ltr'>pro</span> <span class='ocrx_word' id='word_1_55' title='bbox 371 467 571 499; x_wconf 84' lang='lat' dir='ltr'>condonare.</span> <span class='ocrx_word' id='word_1_56' title='bbox 590 468 632 499; x_wconf 85' lang='lat' dir='ltr'>ad</span> <span class='ocrx_word' id='word_1_57' title='bbox 649 468 726 500; x_wconf 89' lang='lat' dir='ltr'>Div.</span> <span class='ocrx_word' id='word_1_58' title='bbox 743 478 773 499; x_wconf 91' lang='lat' dir='ltr'>v.</span> <span class='ocrx_word' id='word_1_59' title='bbox 790 472 822 501; x_wconf 78' lang='lat'>4.</span> 
     </span>
     <span class='ocr_line' id='line_1_11' title="bbox 95 511 322 544; baseline -0.009 0"><span class='ocrx_word' id='word_1_60' title='bbox 95 512 153 544; x_wconf 83' lang='lat' dir='ltr'>ubi</span> <span class='ocrx_word' id='word_1_61' title='bbox 170 523 200 543; x_wconf 79' lang='lat' dir='ltr'>v.</span> <span class='ocrx_word' id='word_1_62' title='bbox 216 511 322 543; x_wconf 62' lang='grc' dir='ltr'><strong>(ἔνων.</strong></span> 
     </span>
    </p>

    <p class='ocr_par' dir='ltr' id='par_1_5' title="bbox 90 555 823 684">
     <span class='ocr_line' id='line_1_12' title="bbox 136 555 823 597; baseline -0.001 -10"><span class='ocrx_word' id='word_1_63' title='bbox 136 555 340 588; x_wconf 67' lang='lat' dir='ltr'>Dor-nutare.</span> <span class='ocrx_word' id='word_1_64' title='bbox 375 556 470 587; x_wconf 86' lang='lat' dir='ltr'>Orat.</span> <span class='ocrx_word' id='word_1_65' title='bbox 501 555 534 586; x_wconf 87' lang='lat' dir='ltr'>ii.</span> <span class='ocrx_word' id='word_1_66' title='bbox 566 559 619 587; x_wconf 82' lang='lat'>33.</span> <span class='ocrx_word' id='word_1_67' title='bbox 658 557 823 597; x_wconf 79' lang='lat' dir='ltr'>sapientia</span> 
     </span>
     <span class='ocr_line' id='line_1_13' title="bbox 90 598 822 639; baseline 0.001 -9"><span class='ocrx_word' id='word_1_68' title='bbox 90 599 291 630; x_wconf 72' lang='lat' dir='ltr'>dormicans:</span> <span class='ocrx_word' id='word_1_69' title='bbox 311 599 344 630; x_wconf 84' lang='lat' dir='ltr'>h.</span> <span class='ocrx_word' id='word_1_70' title='bbox 357 610 386 630; x_wconf 86' lang='lat' dir='ltr'>e.</span> <span class='ocrx_word' id='word_1_71' title='bbox 399 610 472 639; x_wconf 84' lang='lat' dir='ltr'>quae</span> <span class='ocrx_word' id='word_1_72' title='bbox 485 598 569 630; x_wconf 80' lang='lat' dir='ltr'>nihil</span> <span class='ocrx_word' id='word_1_73' title='bbox 581 599 700 630; x_wconf 84' lang='lat' dir='ltr'>laboris</span> <span class='ocrx_word' id='word_1_74' title='bbox 712 601 822 639; x_wconf 73' lang='lat' dir='ltr'>affert,</span> 
     </span>
     <span class='ocr_line' id='line_1_14' title="bbox 91 642 562 684; baseline 0 -10"><span class='ocrx_word' id='word_1_75' title='bbox 91 643 211 681; x_wconf 85' lang='lat' dir='ltr'>otiosa,</span> <span class='ocrx_word' id='word_1_76' title='bbox 227 642 268 674; x_wconf 83' lang='lat' dir='ltr'>de</span> <span class='ocrx_word' id='word_1_77' title='bbox 282 644 562 684; x_wconf 78' lang='lat' dir='ltr'>jurisprudentia.</span> 
     </span>
    </p>

    <p class='ocr_par' dir='ltr' id='par_1_6' title="bbox 91 685 822 815">
     <span class='ocr_line' id='line_1_15' title="bbox 135 685 822 726; baseline 0 -8"><span class='ocrx_word' id='word_1_78' title='bbox 135 685 215 718; x_wconf 78' lang='lat' dir='ltr'>Dos.</span> <span class='ocrx_word' id='word_1_79' title='bbox 245 688 303 719; x_wconf 89' lang='lat' dir='ltr'>Or.</span> <span class='ocrx_word' id='word_1_80' title='bbox 321 688 342 718; x_wconf 89' lang='lat' dir='ltr'>i.</span> <span class='ocrx_word' id='word_1_81' title='bbox 360 691 412 719; x_wconf 79' lang='lat'>55.</span> <span class='ocrx_word' id='word_1_82' title='bbox 442 688 536 726; x_wconf 84' lang='lat' dir='ltr'>cujus</span> <span class='ocrx_word' id='word_1_83' title='bbox 553 691 661 718; x_wconf 80' lang='lat' dir='ltr'>arteni</span> <span class='ocrx_word' id='word_1_84' title='bbox 677 698 754 718; x_wconf 89' lang='lat' dir='ltr'>cum</span> <span class='ocrx_word' id='word_1_85' title='bbox 771 687 822 718; x_wconf 89' lang='lat' dir='ltr'>in·</span> 
     </span>
     <span class='ocr_line' id='line_1_16' title="bbox 91 729 821 771; baseline 0.003 -11"><span class='ocrx_word' id='word_1_86' title='bbox 91 729 244 761; x_wconf 81' lang='lat' dir='ltr'>dotatam</span> <span class='ocrx_word' id='word_1_87' title='bbox 267 737 368 771; x_wconf 83' lang='lat' dir='ltr'>atque</span> <span class='ocrx_word' id='word_1_88' title='bbox 392 732 575 761; x_wconf 86' lang='lat' dir='ltr'>incomtam</span> <span class='ocrx_word' id='word_1_89' title='bbox 594 731 734 769; x_wconf 70' lang='lat' dir='ltr'>videres,</span> <span class='ocrx_word' id='word_1_90' title='bbox 750 741 821 762; x_wconf 84' lang='lat' dir='ltr'>ver-</span> 
     </span>
     <span class='ocr_line' id='line_1_17' title="bbox 92 774 690 815; baseline -0.002 -10"><span class='ocrx_word' id='word_1_91' title='bbox 92 774 216 807; x_wconf 82' lang='lat' dir='ltr'>borum</span> <span class='ocrx_word' id='word_1_92' title='bbox 228 785 301 805; x_wconf 88' lang='lat' dir='ltr'>eam</span> <span class='ocrx_word' id='word_1_93' title='bbox 318 776 388 806; x_wconf 80' lang='lat' dir='ltr'>dote</span> <span class='ocrx_word' id='word_1_94' title='bbox 404 774 614 815; x_wconf 77' lang='lat' dir='ltr'>locupletasti</span> <span class='ocrx_word' id='word_1_95' title='bbox 630 776 690 804; x_wconf 65' lang='lat' dir='ltr'>dcc.</span> 
     </span>
    </p>

    <p class='ocr_par' dir='ltr' id='par_1_7' title="bbox 90 817 822 946">
     <span class='ocr_line' id='line_1_18' title="bbox 137 817 821 858; baseline -0.001 -8"><span class='ocrx_word' id='word_1_96' title='bbox 137 817 327 857; x_wconf 75' lang='lat' dir='ltr'>Draclama,</span> <span class='ocrx_word' id='word_1_97' title='bbox 356 829 478 849; x_wconf 83' lang='lat' dir='ltr'>numus</span> <span class='ocrx_word' id='word_1_98' title='bbox 509 827 650 858; x_wconf 76' lang='lat' dir='ltr'>groecus,</span> <span class='ocrx_word' id='word_1_99' title='bbox 681 819 739 857; x_wconf 84' lang='lat' dir='ltr'>qni</span> <span class='ocrx_word' id='word_1_100' title='bbox 772 829 821 849; x_wconf 82' lang='lat' dir='ltr'>rc-</span> 
     </span>
     <span class='ocr_line' id='line_1_19' title="bbox 90 861 822 902; baseline 0.001 -10"><span class='ocrx_word' id='word_1_101' title='bbox 90 861 235 902; x_wconf 85' lang='lat' dir='ltr'>spondet</span> <span class='ocrx_word' id='word_1_102' title='bbox 256 862 485 893; x_wconf 87' lang='lat' dir='ltr'>Romanorum</span> <span class='ocrx_word' id='word_1_103' title='bbox 508 862 654 892; x_wconf 82' lang='lat' dir='ltr'>denario.</span> <span class='ocrx_word' id='word_1_104' title='bbox 681 862 722 892; x_wconf 86' lang='lat' dir='ltr'>ad</span> <span class='ocrx_word' id='word_1_105' title='bbox 745 863 822 894; x_wconf 69' lang='lat' dir='ltr'>Div.</span> 
     </span>
     <span class='ocr_line' id='line_1_20' title="bbox 93 905 820 946; baseline -0.001 -10"><span class='ocrx_word' id='word_1_106' title='bbox 93 905 128 936; x_wconf 90' lang='lat' dir='ltr'>ii.</span> <span class='ocrx_word' id='word_1_107' title='bbox 148 909 196 941; x_wconf 81' lang='grc'>17.</span> <span class='ocrx_word' id='word_1_108' title='bbox 223 906 283 936; x_wconf 84' lang='lat' dir='ltr'>&amp;c.</span> <span class='ocrx_word' id='word_1_109' title='bbox 299 906 364 939; x_wconf 79' lang='lat' dir='ltr'>vid.</span> <span class='ocrx_word' id='word_1_110' title='bbox 385 905 486 936; x_wconf 89' lang='lat' dir='ltr'>Gron.</span> <span class='ocrx_word' id='word_1_111' title='bbox 509 905 592 936; x_wconf 67' lang='lat' dir='ltr'>Sest.</span> <span class='ocrx_word' id='word_1_112' title='bbox 608 906 642 935; x_wconf 92' lang='lat' dir='ltr'>ii.</span> <span class='ocrx_word' id='word_1_113' title='bbox 660 906 690 936; x_wconf 88' lang='grc'>6.</span> <span class='ocrx_word' id='word_1_114' title='bbox 719 916 751 946; x_wconf 91' lang='lat' dir='ltr'>p.</span> <span class='ocrx_word' id='word_1_115' title='bbox 767 910 820 941; x_wconf 84' lang='lat'>91.</span> 
     </span>
    </p>

    <p class='ocr_par' dir='ltr' id='par_1_8' title="bbox 89 949 820 1429">
     <span class='ocr_line' id='line_1_21' title="bbox 136 949 819 991; baseline 0 -10"><span class='ocrx_word' id='word_1_116' title='bbox 136 949 220 981; x_wconf 81' lang='lat' dir='ltr'>Dua</span> <span class='ocrx_word' id='word_1_117' title='bbox 234 959 294 991; x_wconf 89' lang='lat' dir='ltr'>pro</span> <span class='ocrx_word' id='word_1_118' title='bbox 306 949 372 980; x_wconf 88' lang='lat' dir='ltr'>duo</span> <span class='ocrx_word' id='word_1_119' title='bbox 382 960 422 980; x_wconf 88' lang='lat' dir='ltr'>cx</span> <span class='ocrx_word' id='word_1_120' title='bbox 438 949 540 981; x_wconf 85' lang='lat' dir='ltr'>Accio</span> <span class='ocrx_word' id='word_1_121' title='bbox 557 949 712 980; x_wconf 82' lang='lat' dir='ltr'>laudatur</span> <span class='ocrx_word' id='word_1_122' title='bbox 726 950 819 981; x_wconf 84' lang='lat' dir='ltr'>Orat.</span> 
     </span>
     <span class='ocr_line' id='line_1_22' title="bbox 138 1035 819 1078; baseline -0.001 -10"><span class='ocrx_word' id='word_1_123' title='bbox 138 1035 313 1076; x_wconf 75' lang='lat' dir='ltr'><strong><em>Dubitare,</em></strong></span> <span class='ocrx_word' id='word_1_124' title='bbox 327 1037 491 1078; x_wconf 84' lang='lat' dir='ltr'>ignorare.</span> <span class='ocrx_word' id='word_1_125' title='bbox 515 1036 556 1067; x_wconf 84' lang='lat' dir='ltr'>ad</span> <span class='ocrx_word' id='word_1_126' title='bbox 572 1036 647 1068; x_wconf 89' lang='lat' dir='ltr'>Div.</span> <span class='ocrx_word' id='word_1_127' title='bbox 660 1048 691 1069; x_wconf 87' lang='lat' dir='ltr'>x.</span> <span class='ocrx_word' id='word_1_128' title='bbox 704 1040 734 1068; x_wconf 87' lang='lat'>8.</span> <span class='ocrx_word' id='word_1_129' title='bbox 753 1047 819 1069; x_wconf 85' lang='lat' dir='ltr'>non</span> 
     </span>
     <span class='ocr_line' id='line_1_23' title="bbox 91 1079 820 1122; baseline 0.003 -12"><span class='ocrx_word' id='word_1_130' title='bbox 91 1079 214 1120; x_wconf 73' lang='lat' dir='ltr'>dubito,</span> <span class='ocrx_word' id='word_1_131' title='bbox 226 1082 306 1122; x_wconf 89' lang='lat' dir='ltr'>quid</span> <span class='ocrx_word' id='word_1_132' title='bbox 323 1082 552 1122; x_wconf 70' lang='lat' dir='ltr'>praesentiant.</span> <span class='ocrx_word' id='word_1_133' title='bbox 572 1080 642 1116; x_wconf 79' lang='lat' dir='ltr'>Att,</span> <span class='ocrx_word' id='word_1_134' title='bbox 658 1091 689 1112; x_wconf 81' lang='lat' dir='ltr'>x.</span> <span class='ocrx_word' id='word_1_135' title='bbox 711 1084 736 1112; x_wconf 96' lang='lat' dir='ltr'>l.</span> <span class='ocrx_word' id='word_1_136' title='bbox 752 1089 820 1114; x_wconf 82' lang='lat' dir='ltr'>nou</span> 
     </span>
     <span class='ocr_line' id='line_1_24' title="bbox 89 1123 820 1166; baseline -0.001 -10"><span class='ocrx_word' id='word_1_137' title='bbox 89 1124 212 1163; x_wconf 72' lang='lat' dir='ltr'>dubito,</span> <span class='ocrx_word' id='word_1_138' title='bbox 223 1125 406 1166; x_wconf 86' lang='lat' dir='ltr'>quidnobis</span> <span class='ocrx_word' id='word_1_139' title='bbox 415 1124 580 1166; x_wconf 85' lang='lat' dir='ltr'>agendum</span> <span class='ocrx_word' id='word_1_140' title='bbox 595 1129 703 1165; x_wconf 83' lang='lat' dir='ltr'>putes,</span> <span class='ocrx_word' id='word_1_141' title='bbox 714 1123 820 1156; x_wconf 63' lang='lat' dir='ltr'>*eon-</span> 
     </span>
     <span class='ocr_line' id='line_1_25' title="bbox 89 1167 819 1206; baseline 0 -8"><span class='ocrx_word' id='word_1_142' title='bbox 89 1167 246 1200; x_wconf 87' lang='lat' dir='ltr'>siderare.</span> <span class='ocrx_word' id='word_1_143' title='bbox 270 1169 367 1200; x_wconf 84' lang='lat' dir='ltr'>Rosc.</span> <span class='ocrx_word' id='word_1_144' title='bbox 390 1170 464 1200; x_wconf 85' lang='lat' dir='ltr'>Am.</span> <span class='ocrx_word' id='word_1_145' title='bbox 489 1172 540 1200; x_wconf 77' lang='lat'>31.</span> <span class='ocrx_word' id='word_1_146' title='bbox 564 1172 682 1206; x_wconf 82' lang='lat' dir='ltr'>restat,</span> <span class='ocrx_word' id='word_1_147' title='bbox 700 1174 738 1199; x_wconf 91' lang='lat' dir='ltr'>ut</span> <span class='ocrx_word' id='word_1_148' title='bbox 757 1168 819 1203; x_wconf 82' lang='lat' dir='ltr'>boc</span> 
     </span>
     <span class='ocr_line' id='line_1_26' title="bbox 89 1212 820 1254; baseline 0 -12"><span class='ocrx_word' id='word_1_149' title='bbox 89 1212 287 1250; x_wconf 77' lang='lat' dir='ltr'>dubitemus,</span> <span class='ocrx_word' id='word_1_150' title='bbox 311 1219 386 1244; x_wconf 88' lang='lat' dir='ltr'>uter</span> <span class='ocrx_word' id='word_1_151' title='bbox 409 1213 520 1254; x_wconf 84' lang='lat' dir='ltr'>potius</span> <span class='ocrx_word' id='word_1_152' title='bbox 542 1213 573 1243; x_wconf 79' lang='lat' dir='ltr'>S.</span> <span class='ocrx_word' id='word_1_153' title='bbox 591 1212 749 1243; x_wconf 82' lang='lat' dir='ltr'>Roscium</span> <span class='ocrx_word' id='word_1_154' title='bbox 765 1223 820 1242; x_wconf 87' lang='lat' dir='ltr'>oc-</span> 
     </span>
     <span class='ocr_line' id='line_1_27' title="bbox 90 1255 819 1297; baseline 0 -11"><span class='ocrx_word' id='word_1_155' title='bbox 90 1255 222 1287; x_wconf 84' lang='lat' dir='ltr'>ciderit.</span> <span class='ocrx_word' id='word_1_156' title='bbox 246 1258 299 1287; x_wconf 87' lang='lat' dir='ltr'>Sic</span> <span class='ocrx_word' id='word_1_157' title='bbox 312 1266 399 1297; x_wconf 79' lang='lat' dir='ltr'>saepe</span> <span class='ocrx_word' id='word_1_158' title='bbox 417 1257 515 1287; x_wconf 78' lang='lat' dir='ltr'>estin</span> <span class='ocrx_word' id='word_1_159' title='bbox 530 1256 620 1288; x_wconf 89' lang='lat' dir='ltr'>libris</span> <span class='ocrx_word' id='word_1_160' title='bbox 636 1255 676 1286; x_wconf 86' lang='lat' dir='ltr'>de</span> <span class='ocrx_word' id='word_1_161' title='bbox 692 1255 819 1286; x_wconf 83' lang='lat' dir='ltr'>officiis.</span> 
     </span>
     <span class='ocr_line' id='line_1_28' title="bbox 92 1299 820 1342; baseline 0 -13"><span class='ocrx_word' id='word_1_162' title='bbox 92 1299 184 1331; x_wconf 82' lang='lat' dir='ltr'>Verr.</span> <span class='ocrx_word' id='word_1_163' title='bbox 201 1301 236 1332; x_wconf 91' lang='lat' dir='ltr'>ii.</span> <span class='ocrx_word' id='word_1_164' title='bbox 253 1303 303 1332; x_wconf 69' lang='lat'>⁶22.</span> <span class='ocrx_word' id='word_1_165' title='bbox 336 1299 536 1342; x_wconf 27' lang='lat' dir='ltr'>causavnihil</span> <span class='ocrx_word' id='word_1_166' title='bbox 559 1299 713 1337; x_wconf 85' lang='lat' dir='ltr'>habebat,</span> <span class='ocrx_word' id='word_1_167' title='bbox 731 1299 820 1339; x_wconf 87' lang='lat' dir='ltr'>quod</span> 
     </span>
     <span class='ocr_line' id='line_1_29' title="bbox 90 1343 820 1386; baseline 0 -12"><span class='ocrx_word' id='word_1_168' title='bbox 90 1344 239 1375; x_wconf 76' lang='lat' dir='ltr'>dubitari</span> <span class='ocrx_word' id='word_1_169' title='bbox 254 1351 375 1386; x_wconf 85' lang='lat' dir='ltr'>posset.</span> <span class='ocrx_word' id='word_1_170' title='bbox 400 1346 418 1364; x_wconf 73' lang='lat'>¹*</span> <span class='ocrx_word' id='word_1_171' title='bbox 432 1343 515 1375; x_wconf 87' lang='lat' dir='ltr'>Sull.</span> <span class='ocrx_word' id='word_1_172' title='bbox 539 1345 570 1375; x_wconf 73' lang='lat'>53.</span> <span class='ocrx_word' id='word_1_173' title='bbox 594 1344 820 1382; x_wconf 74' lang='lat' dir='ltr'>nondubz&#39;lus-</span> 
     </span>
     <span class='ocr_line' id='line_1_30' title="bbox 89 1384 767 1429; baseline 0 -12"><span class='ocrx_word' id='word_1_174' title='bbox 89 1397 124 1418; x_wconf 75' lang='lat' dir='ltr'>se</span> <span class='ocrx_word' id='word_1_175' title='bbox 137 1389 217 1427; x_wconf 85' lang='lat' dir='ltr'>quin</span> <span class='ocrx_word' id='word_1_176' title='bbox 234 1387 438 1426; x_wconf 80' lang='lat' dir='ltr'>defenderet,</span> <span class='ocrx_word' id='word_1_177' title='bbox 454 1398 513 1429; x_wconf 86' lang='lat' dir='ltr'>pro</span> <span class='ocrx_word' id='word_1_178' title='bbox 529 1386 717 1424; x_wconf 72' lang='lat' dir='ltr'><strong>defendere.</strong></span> <span class='ocrx_word' id='word_1_179' title='bbox 763 1384 767 1388; x_wconf 87' lang='grc'><strong>’</strong></span> 
     </span>
    </p>

    <p class='ocr_par' dir='ltr' id='par_1_9' title="bbox 82 1428 822 2915">
     <span class='ocr_line' id='line_1_31' title="bbox 135 1428 822 1472; baseline -0.004 -8"><span class='ocrx_word' id='word_1_180' title='bbox 135 1432 281 1471; x_wconf 57' lang='lat' dir='ltr'>Ducere,</span> <span class='ocrx_word' id='word_1_181' title='bbox 298 1432 422 1464; x_wconf 87' lang='lat' dir='ltr'>dicitur</span> <span class='ocrx_word' id='word_1_182' title='bbox 438 1432 602 1468; x_wconf 80' lang='lat' dir='ltr'>absolute,</span> <span class='ocrx_word' id='word_1_183' title='bbox 614 1441 685 1472; x_wconf 89' lang='lat' dir='ltr'>pro,</span> <span class='ocrx_word' id='word_1_184' title='bbox 698 1431 733 1462; x_wconf 88' lang='lat' dir='ltr'>in</span> <span class='ocrx_word' id='word_1_185' title='bbox 749 1428 822 1461; x_wconf 79' lang='lat' dir='ltr'>car-</span> 
     </span>
     <span class='ocr_line' id='line_1_32' title="bbox 89 1474 820 1516; baseline 0 -11"><span class='ocrx_word' id='word_1_186' title='bbox 89 1485 215 1513; x_wconf 85' lang='lat' dir='ltr'>cerem,</span> <span class='ocrx_word' id='word_1_187' title='bbox 226 1476 293 1506; x_wconf 80' lang='lat' dir='ltr'>sive</span> <span class='ocrx_word' id='word_1_188' title='bbox 307 1476 542 1516; x_wconf 71' lang='lat' dir='ltr'>domesticum,</span> <span class='ocrx_word' id='word_1_189' title='bbox 555 1476 622 1505; x_wconf 81' lang='lat' dir='ltr'>sive</span> <span class='ocrx_word' id='word_1_190' title='bbox 634 1474 820 1516; x_wconf 88' lang='lat' dir='ltr'>publicum,</span> 
     </span>
     <span class='ocr_line' id='line_1_33' title="bbox 240 1518 821 1560; baseline -0.002 -10"><span class='ocrx_word' id='word_1_191' title='bbox 240 1519 321 1560; x_wconf 83' lang='lat' dir='ltr'>Agr.</span> <span class='ocrx_word' id='word_1_192' title='bbox 335 1520 437 1555; x_wconf 86' lang='lat' dir='ltr'>ii.37.</span> <span class='ocrx_word' id='word_1_193' title='bbox 465 1529 508 1553; x_wconf 87' lang='lat' dir='ltr'>ne</span> <span class='ocrx_word' id='word_1_194' title='bbox 532 1518 613 1550; x_wconf 86' lang='lat' dir='ltr'>mihi</span> <span class='ocrx_word' id='word_1_195' title='bbox 638 1519 673 1548; x_wconf 89' lang='lat' dir='ltr'>in</span> <span class='ocrx_word' id='word_1_196' title='bbox 690 1528 821 1549; x_wconf 88' lang='lat' dir='ltr'>carcere</span> 
     </span>
     <span class='ocr_line' id='line_1_34' title="bbox 90 1561 822 1607; baseline 0 -14"><span class='ocrx_word' id='word_1_197' title='bbox 90 1561 312 1605; x_wconf 79' lang='lat' dir='ltr'>habitandum</span> <span class='ocrx_word' id='word_1_198' title='bbox 335 1564 392 1602; x_wconf 85' lang='lat' dir='ltr'>sit,</span> <span class='ocrx_word' id='word_1_199' title='bbox 407 1565 434 1595; x_wconf 89' lang='lat' dir='ltr'>si</span> <span class='ocrx_word' id='word_1_200' title='bbox 449 1563 526 1595; x_wconf 87' lang='lat' dir='ltr'>trib.</span> <span class='ocrx_word' id='word_1_201' title='bbox 550 1562 596 1603; x_wconf 85' lang='lat' dir='ltr'>pl.</span> <span class='ocrx_word' id='word_1_202' title='bbox 613 1563 687 1607; x_wconf 56' lang='lat' dir='ltr'>duci</span> <span class='ocrx_word' id='word_1_203' title='bbox 701 1562 822 1602; x_wconf 84' lang='lat' dir='ltr'>jussis-</span> 
     </span>
     <span class='ocr_line' id='line_1_35' title="bbox 89 1603 821 1648; baseline 0.001 -12"><span class='ocrx_word' id='word_1_204' title='bbox 89 1615 152 1637; x_wconf 61' lang='lat' dir='ltr'>set.</span> <span class='ocrx_word' id='word_1_205' title='bbox 177 1604 284 1638; x_wconf 86' lang='lat' dir='ltr'>Flacc.</span> <span class='ocrx_word' id='word_1_206' title='bbox 301 1603 421 1643; x_wconf 76' lang='lat'>19.&#39;21.</span> <span class='ocrx_word' id='word_1_207' title='bbox 445 1617 544 1648; x_wconf 85' lang='lat' dir='ltr'>quem</span> <span class='ocrx_word' id='word_1_208' title='bbox 554 1606 747 1646; x_wconf 75' lang='lat' dir='ltr'>‚judicatum</span> <span class='ocrx_word' id='word_1_209' title='bbox 759 1607 821 1637; x_wconf 88' lang='lat' dir='ltr'>‹Iu-</span> 
     </span>
     <span class='ocr_line' id='line_1_36' title="bbox 87 1649 817 1693; baseline -0.003 -11"><span class='ocrx_word' id='word_1_210' title='bbox 87 1652 139 1682; x_wconf 68' lang='lat' dir='ltr'>xit</span> <span class='ocrx_word' id='word_1_211' title='bbox 161 1650 387 1693; x_wconf 85' lang='lat' dir='ltr'>Hermippus:</span> <span class='ocrx_word' id='word_1_212' title='bbox 420 1652 452 1686; x_wconf 86' lang='lat' dir='ltr'>h.</span> <span class='ocrx_word' id='word_1_213' title='bbox 474 1661 505 1683; x_wconf 83' lang='lat' dir='ltr'>e.</span> <span class='ocrx_word' id='word_1_214' title='bbox 531 1660 608 1681; x_wconf 85' lang='lat' dir='ltr'>cum</span> <span class='ocrx_word' id='word_1_215' title='bbox 625 1649 817 1688; x_wconf 76' lang='lat' dir='ltr'>,judicatum</span> 
     </span>
     <span class='ocr_line' id='line_1_37' title="bbox 88 1695 820 1736; baseline 0 -12"><span class='ocrx_word' id='word_1_216' title='bbox 88 1698 190 1731; x_wconf 80' lang='lat' dir='ltr'>esset,</span> <span class='ocrx_word' id='word_1_217' title='bbox 203 1705 280 1725; x_wconf 89' lang='lat' dir='ltr'>eum</span> <span class='ocrx_word' id='word_1_218' title='bbox 297 1695 423 1726; x_wconf 75' lang='lat' dir='ltr'>solvere</span> <span class='ocrx_word' id='word_1_219' title='bbox 439 1701 606 1736; x_wconf 79' lang='lat' dir='ltr'>oportere,</span> <span class='ocrx_word' id='word_1_220' title='bbox 623 1704 730 1733; x_wconf 85' lang='lat' dir='ltr'>neque</span> <span class='ocrx_word' id='word_1_221' title='bbox 747 1704 820 1734; x_wconf 85' lang='lat' dir='ltr'>pos-</span> 
     </span>
     <span class='ocr_line' id='line_1_38' title="bbox 88 1737 817 1780; baseline 0 -12"><span class='ocrx_word' id='word_1_222' title='bbox 88 1743 154 1777; x_wconf 86' lang='lat' dir='ltr'>set,</span> <span class='ocrx_word' id='word_1_223' title='bbox 170 1739 212 1769; x_wconf 84' lang='lat' dir='ltr'>ab</span> <span class='ocrx_word' id='word_1_224' title='bbox 233 1739 419 1780; x_wconf 83' lang='lat' dir='ltr'>Hermippo</span> <span class='ocrx_word' id='word_1_225' title='bbox 435 1739 599 1770; x_wconf 81' lang='lat' dir='ltr'>abductus</span> <span class='ocrx_word' id='word_1_226' title='bbox 614 1743 666 1769; x_wconf 89' lang='lat' dir='ltr'>est</span> <span class='ocrx_word' id='word_1_227' title='bbox 681 1737 817 1769; x_wconf 88' lang='lat' dir='ltr'>domum</span> 
     </span>
     <span class='ocr_line' id='line_1_39' title="bbox 88 1781 819 1823; baseline 0 -11"><span class='ocrx_word' id='word_1_228' title='bbox 88 1782 125 1816; x_wconf 84' lang='lat' dir='ltr'>in</span> <span class='ocrx_word' id='word_1_229' title='bbox 137 1791 317 1820; x_wconf 84' lang='lat' dir='ltr'>carcerem,</span> <span class='ocrx_word' id='word_1_230' title='bbox 329 1783 417 1822; x_wconf 82' lang='lat' dir='ltr'>quod</span> <span class='ocrx_word' id='word_1_231' title='bbox 428 1793 534 1823; x_wconf 81' lang='lat' dir='ltr'>genus</span> <span class='ocrx_word' id='word_1_232' title='bbox 544 1781 719 1814; x_wconf 87' lang='lat' dir='ltr'>hominum</span> <span class='ocrx_word' id='word_1_233' title='bbox 730 1781 819 1822; x_wconf 81' lang='lat' dir='ltr'>apud</span> 
     </span>
     <span class='ocr_line' id='line_1_40' title="bbox 88 1825 818 1863; baseline -0.003 -7"><span class='ocrx_word' id='word_1_234' title='bbox 88 1825 223 1859; x_wconf 86' lang='lat' dir='ltr'>Livium</span> <span class='ocrx_word' id='word_1_235' title='bbox 235 1827 311 1859; x_wconf 84' lang='lat' dir='ltr'>nexi</span> <span class='ocrx_word' id='word_1_236' title='bbox 323 1827 493 1863; x_wconf 77' lang='lat' dir='ltr'>dicuntur.</span> <span class='ocrx_word' id='word_1_237' title='bbox 506 1825 571 1857; x_wconf 89' lang='lat' dir='ltr'>vid.</span> <span class='ocrx_word' id='word_1_238' title='bbox 589 1825 751 1859; x_wconf 81' lang='lat' dir='ltr'>addictus.</span> <span class='ocrx_word' id='word_1_239' title='bbox 764 1825 818 1858; x_wconf 88' lang='lat' dir='ltr'>Sic</span> 
     </span>
     <span class='ocr_line' id='line_1_41' title="bbox 89 1862 819 1910; baseline -0.003 -10"><span class='ocrx_word' id='word_1_240' title='bbox 89 1869 183 1900; x_wconf 89' lang='lat' dir='ltr'>Verr.</span> <span class='ocrx_word' id='word_1_241' title='bbox 199 1871 234 1901; x_wconf 86' lang='lat' dir='ltr'>ii.</span> <span class='ocrx_word' id='word_1_242' title='bbox 255 1872 303 1900; x_wconf 71' lang='grc'>19.</span> <span class='ocrx_word' id='word_1_243' title='bbox 326 1871 354 1901; x_wconf 84' lang='lat' dir='ltr'>si</span> <span class='ocrx_word' id='word_1_244' title='bbox 370 1868 438 1903; x_wconf 83' lang='lat' dir='ltr'>nou</span> <span class='ocrx_word' id='word_1_245' title='bbox 454 1866 591 1910; x_wconf 74' lang='lat' dir='ltr'>accipit,</span> <span class='ocrx_word' id='word_1_246' title='bbox 608 1869 695 1909; x_wconf 89' lang='lat' dir='ltr'>quod</span> <span class='ocrx_word' id='word_1_247' title='bbox 709 1865 745 1899; x_wconf 82' lang='lat' dir='ltr'>te</span> <span class='ocrx_word' id='word_1_248' title='bbox 763 1862 819 1899; x_wconf 83' lang='lat' dir='ltr'>de-</span> 
     </span>
     <span class='ocr_line' id='line_1_42' title="bbox 89 1912 818 1957; baseline 0 -13"><span class='ocrx_word' id='word_1_249' title='bbox 89 1913 167 1944; x_wconf 85' lang='lat' dir='ltr'>bere</span> <span class='ocrx_word' id='word_1_250' title='bbox 189 1914 285 1951; x_wconf 86' lang='lat' dir='ltr'>dicis,</span> <span class='ocrx_word' id='word_1_251' title='bbox 301 1924 453 1957; x_wconf 72' lang='lat' dir='ltr'>accuses:</span> <span class='ocrx_word' id='word_1_252' title='bbox 478 1915 506 1945; x_wconf 92' lang='lat' dir='ltr'>si</span> <span class='ocrx_word' id='word_1_253' title='bbox 531 1914 630 1955; x_wconf 84' lang='lat' dir='ltr'>petit,</span> <span class='ocrx_word' id='word_1_254' title='bbox 645 1913 755 1944; x_wconf 70' lang='lat' dir='ltr'>ducas.</span> <span class='ocrx_word' id='word_1_255' title='bbox 780 1912 818 1944; x_wconf 91' lang='lat' dir='ltr'>C.</span> 
     </span>
     <span class='ocr_line' id='line_1_43' title="bbox 89 1955 818 2000; baseline -0.001 -12"><span class='ocrx_word' id='word_1_256' title='bbox 89 1956 255 1988; x_wconf 83' lang='lat' dir='ltr'>Fuficium</span> <span class='ocrx_word' id='word_1_257' title='bbox 266 1958 455 2000; x_wconf 77' lang='lat' dir='ltr'>dueijussit</span> <span class='ocrx_word' id='word_1_258' title='bbox 470 1958 647 1999; x_wconf 80' lang='lat' dir='ltr'>petitorem</span> <span class='ocrx_word' id='word_1_259' title='bbox 661 1957 720 1987; x_wconf 65' lang='lat' dir='ltr'>&amp;cu</span> <span class='ocrx_word' id='word_1_260' title='bbox 739 1955 818 1987; x_wconf 90' lang='lat' dir='ltr'>ibid.</span> 
     </span>
     <span class='ocr_line' id='line_1_44' title="bbox 88 2000 819 2042; baseline -0.008 -7"><span class='ocrx_word' id='word_1_261' title='bbox 88 2002 143 2035; x_wconf 77' lang='lat'>26.</span> <span class='ocrx_word' id='word_1_262' title='bbox 167 2002 315 2042; x_wconf 86' lang='lat' dir='ltr'>quisquis</span> <span class='ocrx_word' id='word_1_263' title='bbox 327 2007 400 2033; x_wconf 84' lang='lat' dir='ltr'>erat</span> <span class='ocrx_word' id='word_1_264' title='bbox 410 2000 551 2032; x_wconf 79' lang='lat' dir='ltr'>eductus</span> <span class='ocrx_word' id='word_1_265' title='bbox 567 2001 708 2031; x_wconf 84' lang='lat' dir='ltr'>Senator</span> <span class='ocrx_word' id='word_1_266' title='bbox 724 2000 819 2040; x_wconf 75' lang='lat' dir='ltr'>Syra-</span> 
     </span>
     <span class='ocr_line' id='line_1_45' title="bbox 89 2043 818 2083; baseline -0.004 -7"><span class='ocrx_word' id='word_1_267' title='bbox 89 2055 235 2081; x_wconf 76' lang='lat' dir='ltr'>cusanus</span> <span class='ocrx_word' id='word_1_268' title='bbox 251 2046 292 2076; x_wconf 89' lang='lat' dir='ltr'>ab</span> <span class='ocrx_word' id='word_1_269' title='bbox 308 2044 478 2083; x_wconf 85' lang='lat' dir='ltr'>Heraclio,</span> <span class='ocrx_word' id='word_1_270' title='bbox 490 2045 565 2076; x_wconf 67' lang='lat' dir='ltr'>duci</span> <span class='ocrx_word' id='word_1_271' title='bbox 574 2044 727 2083; x_wconf 84' lang='lat' dir='ltr'>jubebat.</span> <span class='ocrx_word' id='word_1_272' title='bbox 753 2043 818 2074; x_wconf 84' lang='lat' dir='ltr'>Ita-</span> 
     </span>
     <span class='ocr_line' id='line_1_46' title="bbox 88 2087 818 2130; baseline -0.003 -10"><span class='ocrx_word' id='word_1_273' title='bbox 88 2099 154 2130; x_wconf 85' lang='lat' dir='ltr'>que</span> <span class='ocrx_word' id='word_1_274' title='bbox 169 2089 328 2129; x_wconf 82' lang='lat' dir='ltr'>permulti</span> <span class='ocrx_word' id='word_1_275' title='bbox 339 2090 429 2120; x_wconf 62' lang='lat' dir='ltr'>‹lac-cz·</span> <span class='ocrx_word' id='word_1_276' title='bbox 443 2092 534 2120; x_wconf 84' lang='lat' dir='ltr'>sunt.</span> <span class='ocrx_word' id='word_1_277' title='bbox 557 2089 575 2106; x_wconf 48' lang='grc' dir='ltr'>*Ρ</span> <span class='ocrx_word' id='word_1_278' title='bbox 587 2089 623 2118; x_wconf 86' lang='lat' dir='ltr'>in</span> <span class='ocrx_word' id='word_1_279' title='bbox 634 2087 818 2118; x_wconf 88' lang='lat' dir='ltr'>rationibus</span> 
     </span>
     <span class='ocr_line' id='line_1_47' title="bbox 88 2131 817 2174; baseline -0.003 -10"><span class='ocrx_word' id='word_1_280' title='bbox 88 2133 290 2174; x_wconf 84' lang='lat' dir='ltr'>pecuniariis</span> <span class='ocrx_word' id='word_1_281' title='bbox 313 2133 430 2164; x_wconf 72' lang='lat' dir='ltr'>‹lm-ere</span> <span class='ocrx_word' id='word_1_282' title='bbox 452 2138 502 2164; x_wconf 83' lang='lat' dir='ltr'>est</span> <span class='ocrx_word' id='word_1_283' title='bbox 524 2131 565 2162; x_wconf 90' lang='lat' dir='ltr'>de</span> <span class='ocrx_word' id='word_1_284' title='bbox 581 2141 726 2169; x_wconf 87' lang='lat' dir='ltr'>summa,</span> <span class='ocrx_word' id='word_1_285' title='bbox 743 2141 817 2171; x_wconf 83' lang='lat' dir='ltr'>quae</span> 
     </span>
     <span class='ocr_line' id='line_1_48' title="bbox 87 2174 817 2217; baseline -0.004 -9"><span class='ocrx_word' id='word_1_286' title='bbox 87 2177 235 2216; x_wconf 66' lang='lat' dir='ltr'>efficitur</span> <span class='ocrx_word' id='word_1_287' title='bbox 248 2176 387 2217; x_wconf 77' lang='lat' dir='ltr'>sing-ulis</span> <span class='ocrx_word' id='word_1_288' title='bbox 404 2175 595 2207; x_wconf 83' lang='lat' dir='ltr'>nominibus</span> <span class='ocrx_word' id='word_1_289' title='bbox 612 2174 817 2214; x_wconf 82' lang='lat' dir='ltr'>colligendis.</span> 
     </span>
     <span class='ocr_line' id='line_1_49' title="bbox 88 2218 818 2262; baseline -0.004 -11"><span class='ocrx_word' id='word_1_290' title='bbox 88 2219 220 2262; x_wconf 65' lang='lat' dir='ltr'>Yerriu.</span> <span class='ocrx_word' id='word_1_291' title='bbox 244 2221 290 2252; x_wconf 91' lang='lat' dir='ltr'>iii.</span> <span class='ocrx_word' id='word_1_292' title='bbox 306 2223 360 2256; x_wconf 80' lang='lat'>49.</span> <span class='ocrx_word' id='word_1_293' title='bbox 388 2221 545 2260; x_wconf 85' lang='lat' dir='ltr'>quoniam</span> <span class='ocrx_word' id='word_1_294' title='bbox 563 2227 607 2249; x_wconf 89' lang='lat' dir='ltr'>xc</span> <span class='ocrx_word' id='word_1_295' title='bbox 627 2218 733 2249; x_wconf 87' lang='lat' dir='ltr'>millia</span> <span class='ocrx_word' id='word_1_296' title='bbox 748 2228 818 2249; x_wconf 89' lang='lat' dir='ltr'>me-</span> 
     </span>
     <span class='ocr_line' id='line_1_50' title="bbox 87 2263 818 2305; baseline -0.003 -10"><span class='ocrx_word' id='word_1_297' title='bbox 87 2265 244 2305; x_wconf 72' lang='lat' dir='ltr'>dimnum</span> <span class='ocrx_word' id='word_1_298' title='bbox 269 2265 426 2296; x_wconf 67' lang='lat' dir='ltr'>«luximus</span> <span class='ocrx_word' id='word_1_299' title='bbox 452 2264 511 2294; x_wconf 72' lang='grc' dir='ltr'>ἃς.</span> <span class='ocrx_word' id='word_1_300' title='bbox 544 2263 615 2294; x_wconf 82' lang='lat' dir='ltr'>Att.</span> <span class='ocrx_word' id='word_1_301' title='bbox 641 2263 684 2292; x_wconf 90' lang='lat' dir='ltr'>vi.</span> <span class='ocrx_word' id='word_1_302' title='bbox 711 2263 743 2294; x_wconf 76' lang='lat'>2.</span> <span class='ocrx_word' id='word_1_303' title='bbox 777 2267 818 2294; x_wconf 89' lang='lat' dir='ltr'>ut</span> 
     </span>
     <span class='ocr_line' id='line_1_51' title="bbox 87 2306 815 2347; baseline -0.004 -8"><span class='ocrx_word' id='word_1_304' title='bbox 87 2309 196 2347; x_wconf 63' lang='lat' dir='ltr'>faenus</span> <span class='ocrx_word' id='word_1_305' title='bbox 219 2309 392 2347; x_wconf 77' lang='lat' dir='ltr'>quaternis</span> <span class='ocrx_word' id='word_1_306' title='bbox 415 2307 605 2340; x_wconf 80' lang='lat' dir='ltr'>centesimis</span> <span class='ocrx_word' id='word_1_307' title='bbox 628 2306 760 2338; x_wconf 80' lang='lat' dir='ltr'>ducant.</span> <span class='ocrx_word' id='word_1_308' title='bbox 784 2316 815 2337; x_wconf 88' lang='lat' dir='ltr'>v.</span> 
     </span>
     <span class='ocr_line' id='line_1_52' title="bbox 87 2347 818 2393; baseline -0.005 -10"><span class='ocrx_word' id='word_1_309' title='bbox 87 2353 192 2384; x_wconf 87' lang='lat' dir='ltr'>Gron.</span> <span class='ocrx_word' id='word_1_310' title='bbox 209 2347 287 2383; x_wconf 90' lang='lat' dir='ltr'>Obs.</span> <span class='ocrx_word' id='word_1_311' title='bbox 304 2352 340 2382; x_wconf 89' lang='lat' dir='ltr'>ii.</span> <span class='ocrx_word' id='word_1_312' title='bbox 360 2355 410 2383; x_wconf 90' lang='lat'>10.</span> <span class='ocrx_word' id='word_1_313' title='bbox 436 2362 468 2393; x_wconf 91' lang='lat' dir='ltr'>p.</span> <span class='ocrx_word' id='word_1_314' title='bbox 485 2354 577 2393; x_wconf 64' lang='lat'>2¹64..</span> <span class='ocrx_word' id='word_1_315' title='bbox 594 2350 682 2382; x_wconf 84' lang='lat' dir='ltr'>Hinc</span> <span class='ocrx_word' id='word_1_316' title='bbox 694 2349 736 2380; x_wconf 85' lang='lat' dir='ltr'>ad</span> <span class='ocrx_word' id='word_1_317' title='bbox 752 2349 818 2380; x_wconf 85' lang='lat' dir='ltr'>alia</span> 
     </span>
     <span class='ocr_line' id='line_1_53' title="bbox 87 2392 816 2435; baseline -0.007 -7"><span class='ocrx_word' id='word_1_318' title='bbox 87 2395 308 2428; x_wconf 77' lang='lat' dir='ltr'>transfertur:</span> <span class='ocrx_word' id='word_1_319' title='bbox 333 2395 520 2435; x_wconf 86' lang='lat' dir='ltr'>cujusmodi</span> <span class='ocrx_word' id='word_1_320' title='bbox 532 2401 582 2424; x_wconf 78' lang='lat' dir='ltr'>est</span> <span class='ocrx_word' id='word_1_321' title='bbox 594 2393 674 2424; x_wconf 81' lang='lat' dir='ltr'>lioc:</span> <span class='ocrx_word' id='word_1_322' title='bbox 699 2392 816 2433; x_wconf 74' lang='lat' dir='ltr'>Quint.</span> 
     </span>
     <span class='ocr_line' id='line_1_54' title="bbox 92 2437 815 2472; baseline -0.007 0"><span class='ocrx_word' id='word_1_323' title='bbox 92 2441 141 2472; x_wconf 89' lang='grc'>16.</span> <span class='ocrx_word' id='word_1_324' title='bbox 173 2440 274 2471; x_wconf 87' lang='lat' dir='ltr'>officii</span> <span class='ocrx_word' id='word_1_325' title='bbox 305 2445 340 2471; x_wconf 90' lang='lat' dir='ltr'>et</span> <span class='ocrx_word' id='word_1_326' title='bbox 365 2438 623 2471; x_wconf 82' lang='lat' dir='ltr'>existimationis</span> <span class='ocrx_word' id='word_1_327' title='bbox 649 2437 815 2468; x_wconf 83' lang='lat' dir='ltr'>rationem</span> 
     </span>
     <span class='ocr_line' id='line_1_55' title="bbox 85 2479 817 2525; baseline -0.005 -10"><span class='ocrx_word' id='word_1_328' title='bbox 85 2484 218 2522; x_wconf 78' lang='lat' dir='ltr'>ducere,</span> <span class='ocrx_word' id='word_1_329' title='bbox 243 2494 303 2525; x_wconf 87' lang='lat' dir='ltr'>pro</span> <span class='ocrx_word' id='word_1_330' title='bbox 328 2483 461 2515; x_wconf 82' lang='lat' dir='ltr'>babere.</span> <span class='ocrx_word' id='word_1_331' title='bbox 486 2480 573 2513; x_wconf 82' lang='lat' dir='ltr'>conf.</span> <span class='ocrx_word' id='word_1_332' title='bbox 601 2479 694 2512; x_wconf 89' lang='lat' dir='ltr'>Verr.</span> <span class='ocrx_word' id='word_1_333' title='bbox 718 2480 740 2511; x_wconf 88' lang='lat' dir='ltr'>i.</span> <span class='ocrx_word' id='word_1_334' title='bbox 763 2483 817 2513; x_wconf 75' lang='grc'>48.</span> 
     </span>
     <span class='ocr_line' id='line_1_56' title="bbox 86 2523 815 2561; baseline -0.007 -1"><span class='ocrx_word' id='word_1_335' title='bbox 86 2528 219 2561; x_wconf 59' lang='grc' dir='ltr'><strong>’.Τιιεα</strong></span> <span class='ocrx_word' id='word_1_336' title='bbox 231 2528 266 2559; x_wconf 94' lang='lat' dir='ltr'>ii.</span> <span class='ocrx_word' id='word_1_337' title='bbox 283 2530 331 2559; x_wconf 76' lang='lat'>18.</span> <span class='ocrx_word' id='word_1_338' title='bbox 355 2528 462 2558; x_wconf 89' lang='lat' dir='ltr'>oratio</span> <span class='ocrx_word' id='word_1_339' title='bbox 479 2532 538 2557; x_wconf 89' lang='lat' dir='ltr'>tua</span> <span class='ocrx_word' id='word_1_340' title='bbox 555 2523 596 2555; x_wconf 84' lang='lat' dir='ltr'>ad</span> <span class='ocrx_word' id='word_1_341' title='bbox 611 2524 815 2555; x_wconf 81' lang='lat' dir='ltr'>eredendum</span> 
     </span>
     <span class='ocr_line' id='line_1_57' title="bbox 85 2568 816 2608; baseline -0.01 -3"><span class='ocrx_word' id='word_1_342' title='bbox 85 2572 187 2605; x_wconf 79' lang='lat' dir='ltr'>ducit.</span> <span class='ocrx_word' id='word_1_343' title='bbox 215 2571 233 2591; x_wconf 58' lang='lat'><strong>⁴</strong></span> <span class='ocrx_word' id='word_1_344' title='bbox 247 2571 320 2603; x_wconf 77' lang='lat' dir='ltr'>Inv.</span> <span class='ocrx_word' id='word_1_345' title='bbox 337 2571 371 2602; x_wconf 83' lang='lat' dir='ltr'>ii.</span> <span class='ocrx_word' id='word_1_346' title='bbox 385 2573 416 2602; x_wconf 73' lang='lat'>2.</span> <span class='ocrx_word' id='word_1_347' title='bbox 445 2570 488 2601; x_wconf 88' lang='lat' dir='ltr'>ad</span> <span class='ocrx_word' id='word_1_348' title='bbox 502 2569 584 2600; x_wconf 86' lang='lat' dir='ltr'>vitia</span> <span class='ocrx_word' id='word_1_349' title='bbox 599 2578 729 2608; x_wconf 85' lang='lat' dir='ltr'>quoque</span> <span class='ocrx_word' id='word_1_350' title='bbox 744 2568 816 2607; x_wconf 79' lang='lat' dir='ltr'>ejus</span> 
     </span>
     <span class='ocr_line' id='line_1_58' title="bbox 86 2613 817 2655; baseline -0.01 -7"><span class='ocrx_word' id='word_1_351' title='bbox 86 2616 260 2654; x_wconf 76' lang='lat' dir='ltr'>accedere,</span> <span class='ocrx_word' id='word_1_352' title='bbox 283 2616 378 2655; x_wconf 86' lang='lat' dir='ltr'>cujus</span> <span class='ocrx_word' id='word_1_353' title='bbox 407 2613 519 2654; x_wconf 89' lang='lat' dir='ltr'>aliquo</span> <span class='ocrx_word' id='word_1_354' title='bbox 543 2613 626 2643; x_wconf 87' lang='lat' dir='ltr'>bene</span> <span class='ocrx_word' id='word_1_355' title='bbox 651 2614 817 2652; x_wconf 79' lang='lat' dir='ltr'>praecepto</span> 
     </span>
     <span class='ocr_line' id='line_1_59' title="bbox 85 2654 817 2697; baseline -0.01 -6"><span class='ocrx_word' id='word_1_356' title='bbox 85 2659 357 2691; x_wconf 39' lang='lat' dir='ltr'>duceremursh.</span> <span class='ocrx_word' id='word_1_357' title='bbox 376 2669 405 2689; x_wconf 89' lang='lat' dir='ltr'>e.</span> <span class='ocrx_word' id='word_1_358' title='bbox 421 2659 516 2697; x_wconf 76' lang='lat' dir='ltr'>cujus</span> <span class='ocrx_word' id='word_1_359' title='bbox 534 2663 739 2697; x_wconf 67' lang='lat' dir='ltr'>praeceptum</span> <span class='ocrx_word' id='word_1_360' title='bbox 757 2654 817 2685; x_wconf 89' lang='lat' dir='ltr'>ali-</span> 
     </span>
     <span class='ocr_line' id='line_1_60' title="bbox 86 2699 816 2744; baseline -0.007 -10"><span class='ocrx_word' id='word_1_361' title='bbox 86 2703 178 2743; x_wconf 82' lang='lat' dir='ltr'>quod</span> <span class='ocrx_word' id='word_1_362' title='bbox 202 2703 296 2734; x_wconf 88' lang='lat' dir='ltr'>nobis</span> <span class='ocrx_word' id='word_1_363' title='bbox 323 2703 530 2744; x_wconf 83' lang='lat' dir='ltr'>probaretur.</span> <span class='ocrx_word' id='word_1_364' title='bbox 558 2701 651 2731; x_wconf 76' lang='lat' dir='ltr'>Orat.</span> <span class='ocrx_word' id='word_1_365' title='bbox 680 2704 711 2733; x_wconf 87' lang='lat'>9.</span> <span class='ocrx_word' id='word_1_366' title='bbox 742 2699 816 2738; x_wconf 86' lang='lat' dir='ltr'>quis</span> 
     </span>
     <span class='ocr_line' id='line_1_61' title="bbox 87 2743 819 2788; baseline -0.008 -10"><span class='ocrx_word' id='word_1_367' title='bbox 87 2756 186 2787; x_wconf 84' lang='lat' dir='ltr'>porro</span> <span class='ocrx_word' id='word_1_368' title='bbox 208 2756 358 2788; x_wconf 81' lang='lat' dir='ltr'>unquam</span> <span class='ocrx_word' id='word_1_369' title='bbox 384 2746 579 2777; x_wconf 81' lang='lat' dir='ltr'>Graecorum</span> <span class='ocrx_word' id='word_1_370' title='bbox 602 2743 773 2774; x_wconf 83' lang='lat' dir='ltr'>rhetorum</span> <span class='ocrx_word' id='word_1_371' title='bbox 798 2752 819 2773; x_wconf 85' lang='lat' dir='ltr'>a</span> 
     </span>
     <span class='ocr_line' id='line_1_62' title="bbox 82 2787 818 2831; baseline -0.008 -10"><span class='ocrx_word' id='word_1_372' title='bbox 82 2789 282 2830; x_wconf 81' lang='lat' dir='ltr'>Thucydide</span> <span class='ocrx_word' id='word_1_373' title='bbox 305 2789 486 2831; x_wconf 86' lang='lat' dir='ltr'>quidquam</span> <span class='ocrx_word' id='word_1_374' title='bbox 502 2788 597 2819; x_wconf 69' lang='lat' dir='ltr'>«luxit</span> <span class='ocrx_word' id='word_1_375' title='bbox 608 2799 617 2816; x_wconf 92' lang='lat'>.·</span> <span class='ocrx_word' id='word_1_376' title='bbox 641 2787 663 2817; x_wconf 92' lang='lat' dir='ltr'>i.</span> <span class='ocrx_word' id='word_1_377' title='bbox 678 2795 707 2816; x_wconf 91' lang='lat' dir='ltr'>e.</span> <span class='ocrx_word' id='word_1_378' title='bbox 725 2795 818 2826; x_wconf 82' lang='lat' dir='ltr'>repe-</span> 
     </span>
     <span class='ocr_line' id='line_1_63' title="bbox 84 2833 817 2874; baseline -0.003 -10"><span class='ocrx_word' id='word_1_379' title='bbox 84 2835 156 2872; x_wconf 74' lang='lat' dir='ltr'>tiit,</span> <span class='ocrx_word' id='word_1_380' title='bbox 173 2834 262 2873; x_wconf 86' lang='lat' dir='ltr'>qnod</span> <span class='ocrx_word' id='word_1_381' title='bbox 284 2833 430 2874; x_wconf 84' lang='lat' dir='ltr'>exempli</span> <span class='ocrx_word' id='word_1_382' title='bbox 453 2842 555 2863; x_wconf 82' lang='lat' dir='ltr'>causa</span> <span class='ocrx_word' id='word_1_383' title='bbox 577 2839 817 2862; x_wconf 84' lang='lat' dir='ltr'>commemora-</span> 
     </span>
     <span class='ocr_line' id='line_1_64' title="bbox 85 2875 816 2915; baseline -0.007 -6"><span class='ocrx_word' id='word_1_384' title='bbox 85 2882 147 2909; x_wconf 84' lang='lat' dir='ltr'>ret.</span> <span class='ocrx_word' id='word_1_385' title='bbox 171 2877 191 2896; x_wconf 67' lang='lat'>¹*</span> <span class='ocrx_word' id='word_1_386' title='bbox 203 2877 246 2909; x_wconf 83' lang='lat' dir='ltr'>ad</span> <span class='ocrx_word' id='word_1_387' title='bbox 269 2877 347 2910; x_wconf 89' lang='lat' dir='ltr'>Div.</span> <span class='ocrx_word' id='word_1_388' title='bbox 364 2888 396 2909; x_wconf 81' lang='lat' dir='ltr'>x.</span> <span class='ocrx_word' id='word_1_389' title='bbox 411 2878 464 2910; x_wconf 75' lang='lat'>32.</span> <span class='ocrx_word' id='word_1_390' title='bbox 487 2875 611 2909; x_wconf 83' lang='lat' dir='ltr'>Balbus</span> <span class='ocrx_word' id='word_1_391' title='bbox 626 2878 816 2915; x_wconf 67' lang='lat' dir='ltr'>questor—</span> 
     </span>
    </p>
   </div>
   <div class='ocr_carea' id='block_1_4' title="bbox 1514 76 1594 114">
    <p class='ocr_par' dir='ltr' id='par_1_10' title="bbox 1514 76 1594 114">
     <span class='ocr_line' id='line_1_65' title="bbox 1514 76 1594 114; baseline 0 0"><span class='ocrx_word' id='word_1_392' title='bbox 1514 76 1594 114; x_wconf 79' lang='lat'>283</span> 
     </span>
    </p>
   </div>
   <div class='ocr_carea' id='block_1_5' title="bbox 858 165 1594 2686">
    <p class='ocr_par' dir='ltr' id='par_1_11' title="bbox 866 165 1592 413">
     <span class='ocr_line' id='line_1_66' title="bbox 869 165 1591 206; baseline 0.01 -13"><span class='ocrx_word' id='word_1_393' title='bbox 869 165 964 196; x_wconf 58' lang='lat' dir='ltr'>dus-it</span> <span class='ocrx_word' id='word_1_394' title='bbox 987 176 1022 196; x_wconf 69' lang='grc' dir='ltr'>ευ</span> <span class='ocrx_word' id='word_1_395' title='bbox 1038 177 1058 196; x_wconf 79' lang='lat' dir='ltr'>a</span> <span class='ocrx_word' id='word_1_396' title='bbox 1080 167 1244 199; x_wconf 69' lang='lat' dir='ltr'>Gadibus:</span> <span class='ocrx_word' id='word_1_397' title='bbox 1271 169 1292 200; x_wconf 92' lang='lat' dir='ltr'>i.</span> <span class='ocrx_word' id='word_1_398' title='bbox 1307 179 1337 202; x_wconf 85' lang='lat' dir='ltr'>e.</span> <span class='ocrx_word' id='word_1_399' title='bbox 1354 172 1432 202; x_wconf 75' lang='lat' dir='ltr'>abiit</span> <span class='ocrx_word' id='word_1_400' title='bbox 1457 173 1591 206; x_wconf 81' lang='lat' dir='ltr'>clancu.</span> 
     </span>
     <span class='ocr_line' id='line_1_67' title="bbox 870 206 1592 257; baseline 0.01 -20"><span class='ocrx_word' id='word_1_401' title='bbox 870 206 953 239; x_wconf 85' lang='lat' dir='ltr'>luni.</span> <span class='ocrx_word' id='word_1_402' title='bbox 986 209 1091 239; x_wconf 73' lang='lat' dir='ltr'>·l)·1v.</span> <span class='ocrx_word' id='word_1_403' title='bbox 1110 210 1130 240; x_wconf 91' lang='lat' dir='ltr'>i.</span> <span class='ocrx_word' id='word_1_404' title='bbox 1152 215 1198 242; x_wconf 64' lang='lat' dir='ltr'>ln.</span> <span class='ocrx_word' id='word_1_405' title='bbox 1228 213 1373 250; x_wconf 78' lang='lat' dir='ltr'>oracula,</span> <span class='ocrx_word' id='word_1_406' title='bbox 1389 225 1461 253; x_wconf 71' lang='lat' dir='ltr'>qua:</span> <span class='ocrx_word' id='word_1_407' title='bbox 1483 228 1592 257; x_wconf 60' lang='lat' dir='ltr'>mqua-</span> 
     </span>
     <span class='ocr_line' id='line_1_68' title="bbox 870 252 1589 300; baseline 0.015 -19"><span class='ocrx_word' id='word_1_408' title='bbox 870 253 914 282; x_wconf 85' lang='lat' dir='ltr'>tis</span> <span class='ocrx_word' id='word_1_409' title='bbox 937 252 1080 282; x_wconf 81' lang='lat' dir='ltr'>sortibus</span> <span class='ocrx_word' id='word_1_410' title='bbox 1104 253 1278 286; x_wconf 71' lang='lat' dir='ltr'>ducuntur.</span> <span class='ocrx_word' id='word_1_411' title='bbox 1302 266 1357 297; x_wconf 86' lang='lat' dir='ltr'>np.</span> <span class='ocrx_word' id='word_1_412' title='bbox 1377 268 1445 288; x_wconf 71' lang='lat' dir='ltr'>sors</span> <span class='ocrx_word' id='word_1_413' title='bbox 1463 263 1589 300; x_wconf 75' lang='lat' dir='ltr'>proprie</span> 
     </span>
     <span class='ocr_line' id='line_1_69' title="bbox 866 295 1589 335; baseline 0.015 -12"><span class='ocrx_word' id='word_1_414' title='bbox 866 295 1013 332; x_wconf 75' lang='lat' dir='ltr'>ducitur,</span> <span class='ocrx_word' id='word_1_415' title='bbox 1039 306 1115 326; x_wconf 85' lang='lat' dir='ltr'>cum</span> <span class='ocrx_word' id='word_1_416' title='bbox 1146 309 1184 327; x_wconf 66' lang='lat' dir='ltr'>tx</span> <span class='ocrx_word' id='word_1_417' title='bbox 1213 309 1295 328; x_wconf 82' lang='lat' dir='ltr'>urna</span> <span class='ocrx_word' id='word_1_418' title='bbox 1323 310 1423 330; x_wconf 81' lang='lat' dir='ltr'>manu</span> <span class='ocrx_word' id='word_1_419' title='bbox 1449 302 1589 335; x_wconf 81' lang='lat' dir='ltr'>tollitur.</span> 
     </span>
     <span class='ocr_line' id='line_1_70' title="bbox 868 338 1591 383; baseline 0.014 -15"><span class='ocrx_word' id='word_1_420' title='bbox 868 338 982 369; x_wconf 72' lang='lat' dir='ltr'>‘diem</span> <span class='ocrx_word' id='word_1_421' title='bbox 997 339 1112 369; x_wconf 74' lang='lat' dir='ltr'>ducere</span> <span class='ocrx_word' id='word_1_422' title='bbox 1124 341 1193 371; x_wconf 78' lang='lat' dir='ltr'>Att.</span> <span class='ocrx_word' id='word_1_423' title='bbox 1208 352 1237 370; x_wconf 79' lang='lat' dir='ltr'>v.</span> <span class='ocrx_word' id='word_1_424' title='bbox 1247 344 1298 372; x_wconf 73' lang='grc'><strong>(21.</strong></span> <span class='ocrx_word' id='word_1_425' title='bbox 1315 353 1374 383; x_wconf 87' lang='lat' dir='ltr'>pro</span> <span class='ocrx_word' id='word_1_426' title='bbox 1386 354 1591 378; x_wconf 80' lang='lat' dir='ltr'>consumere.</span> 
     </span>
     <span class='ocr_line' id='line_1_71' title="bbox 870 382 1123 413; baseline 0 -2"><span class='ocrx_word' id='word_1_427' title='bbox 870 382 935 412; x_wconf 83' lang='lat' dir='ltr'>vid.</span> <span class='ocrx_word' id='word_1_428' title='bbox 953 382 995 413; x_wconf 89' lang='lat' dir='ltr'>ibi</span> <span class='ocrx_word' id='word_1_429' title='bbox 1017 384 1123 413; x_wconf 78' lang='lat' dir='ltr'>Graev.</span> 
     </span>
    </p>

    <p class='ocr_par' dir='ltr' id='par_1_12' title="bbox 868 426 1589 501">
     <span class='ocr_line' id='line_1_72' title="bbox 910 426 1589 468; baseline 0.009 -11"><span class='ocrx_word' id='word_1_430' title='bbox 910 426 1050 463; x_wconf 77' lang='lat' dir='ltr'>Ductor,</span> <span class='ocrx_word' id='word_1_431' title='bbox 1074 426 1263 468; x_wconf 83' lang='lat' dir='ltr'>imperator.</span> <span class='ocrx_word' id='word_1_432' title='bbox 1293 427 1392 459; x_wconf 81' lang='lat' dir='ltr'>Tusc-</span> <span class='ocrx_word' id='word_1_433' title='bbox 1411 431 1432 461; x_wconf 89' lang='lat' dir='ltr'>i.</span> <span class='ocrx_word' id='word_1_434' title='bbox 1448 435 1500 466; x_wconf 79' lang='grc'>37.</span> <span class='ocrx_word' id='word_1_435' title='bbox 1530 430 1589 463; x_wconf 82' lang='lat' dir='ltr'>du-</span> 
     </span>
     <span class='ocr_line' id='line_1_73' title="bbox 868 470 1098 501; baseline -0.004 -1"><span class='ocrx_word' id='word_1_436' title='bbox 868 474 968 501; x_wconf 73' lang='lat' dir='ltr'>cem-es</span> <span class='ocrx_word' id='word_1_437' title='bbox 984 470 1098 500; x_wconf 89' lang='lat' dir='ltr'>nostri.</span> 
     </span>
    </p>

    <p class='ocr_par' dir='ltr' id='par_1_13' title="bbox 868 513 1592 598">
     <span class='ocr_line' id='line_1_74' title="bbox 913 513 1592 554; baseline 0.006 -9"><span class='ocrx_word' id='word_1_438' title='bbox 913 514 1085 545; x_wconf 78' lang='lat' dir='ltr'>Duellum.</span> <span class='ocrx_word' id='word_1_439' title='bbox 1115 513 1195 554; x_wconf 78' lang='lat' dir='ltr'>Leg.</span> <span class='ocrx_word' id='word_1_440' title='bbox 1213 514 1245 545; x_wconf 94' lang='lat' dir='ltr'>ii.</span> <span class='ocrx_word' id='word_1_441' title='bbox 1264 518 1294 544; x_wconf 82' lang='lat'>8.</span> <span class='ocrx_word' id='word_1_442' title='bbox 1327 525 1376 545; x_wconf 88' lang='lat' dir='ltr'>res</span> <span class='ocrx_word' id='word_1_443' title='bbox 1392 516 1510 547; x_wconf 76' lang='lat' dir='ltr'>duelli:</span> <span class='ocrx_word' id='word_1_444' title='bbox 1535 528 1592 549; x_wconf 79' lang='lat' dir='ltr'>an-</span> 
     </span>
     <span class='ocr_line' id='line_1_75' title="bbox 868 557 1254 598; baseline 0 -10"><span class='ocrx_word' id='word_1_445' title='bbox 868 557 959 597; x_wconf 81' lang='lat' dir='ltr'>tique</span> <span class='ocrx_word' id='word_1_446' title='bbox 977 568 1035 598; x_wconf 91' lang='lat' dir='ltr'>pro</span> <span class='ocrx_word' id='word_1_447' title='bbox 1052 557 1175 588; x_wconf 82' lang='lat' dir='ltr'>belluni</span> <span class='ocrx_word' id='word_1_448' title='bbox 1195 558 1254 588; x_wconf 64' lang='grc' dir='ltr'><strong>διε.</strong></span> 
     </span>
    </p>

    <p class='ocr_par' dir='ltr' id='par_1_14' title="bbox 867 601 1591 685">
     <span class='ocr_line' id='line_1_76' title="bbox 910 601 1591 637; baseline 0.004 -6"><span class='ocrx_word' id='word_1_449' title='bbox 910 601 1115 633; x_wconf 56' lang='lat' dir='ltr'>Dulcia-utus.</span> <span class='ocrx_word' id='word_1_450' title='bbox 1143 601 1244 632; x_wconf 86' lang='lat' dir='ltr'>Tusc.</span> <span class='ocrx_word' id='word_1_451' title='bbox 1276 601 1324 633; x_wconf 88' lang='lat' dir='ltr'>iii.</span> <span class='ocrx_word' id='word_1_452' title='bbox 1353 605 1401 637; x_wconf 84' lang='lat'>19.</span> <span class='ocrx_word' id='word_1_453' title='bbox 1431 604 1591 636; x_wconf 64' lang='lat' dir='ltr'>dulcit-ula</span> 
     </span>
     <span class='ocr_line' id='line_1_77' title="bbox 867 645 967 685; baseline 0.02 -11"><span class='ocrx_word' id='word_1_454' title='bbox 867 645 967 685; x_wconf 87' lang='lat' dir='ltr'>potio.</span> 
     </span>
    </p>

    <p class='ocr_par' dir='ltr' id='par_1_15' title="bbox 865 687 1593 990">
     <span class='ocr_line' id='line_1_78' title="bbox 910 687 1592 730; baseline 0.003 -10"><span class='ocrx_word' id='word_1_455' title='bbox 910 687 1038 720; x_wconf 77' lang='lat' dir='ltr'>Dulcis.</span> <span class='ocrx_word' id='word_1_456' title='bbox 1070 688 1128 719; x_wconf 91' lang='lat' dir='ltr'>Or.</span> <span class='ocrx_word' id='word_1_457' title='bbox 1152 688 1197 719; x_wconf 88' lang='lat' dir='ltr'>iii.</span> <span class='ocrx_word' id='word_1_458' title='bbox 1222 688 1275 720; x_wconf 71' lang='lat'>26.</span> <span class='ocrx_word' id='word_1_459' title='bbox 1304 689 1408 722; x_wconf 73' lang='lat' dir='ltr'>dulcis</span> <span class='ocrx_word' id='word_1_460' title='bbox 1434 692 1592 730; x_wconf 66' lang='lat' dir='ltr'>suavita-2,</span> 
     </span>
     <span class='ocr_line' id='line_1_79' title="bbox 868 730 1592 772; baseline 0.006 -10"><span class='ocrx_word' id='word_1_461' title='bbox 868 730 908 762; x_wconf 88' lang='lat' dir='ltr'>de</span> <span class='ocrx_word' id='word_1_462' title='bbox 924 743 975 770; x_wconf 86' lang='lat' dir='ltr'>ea,</span> <span class='ocrx_word' id='word_1_463' title='bbox 988 742 1061 772; x_wconf 66' lang='lat' dir='ltr'>qua*</span> <span class='ocrx_word' id='word_1_464' title='bbox 1078 739 1128 763; x_wconf 86' lang='lat' dir='ltr'>est</span> <span class='ocrx_word' id='word_1_465' title='bbox 1140 731 1272 762; x_wconf 77' lang='lat' dir='ltr'>feminis</span> <span class='ocrx_word' id='word_1_466' title='bbox 1287 738 1393 772; x_wconf 75' lang='lat' dir='ltr'>grata,</span> <span class='ocrx_word' id='word_1_467' title='bbox 1407 745 1424 763; x_wconf 88' lang='lat' dir='ltr'>e</span> <span class='ocrx_word' id='word_1_468' title='bbox 1437 734 1592 767; x_wconf 75' lang='lat' dir='ltr'>saccharo</span> 
     </span>
     <span class='ocr_line' id='line_1_80' title="bbox 868 775 1593 818; baseline 0.006 -13"><span class='ocrx_word' id='word_1_469' title='bbox 868 780 904 806; x_wconf 90' lang='lat' dir='ltr'>et</span> <span class='ocrx_word' id='word_1_470' title='bbox 926 775 998 806; x_wconf 89' lang='lat' dir='ltr'>aliis</span> <span class='ocrx_word' id='word_1_471' title='bbox 1019 775 1251 806; x_wconf 84' lang='lat' dir='ltr'>condimentis.</span> <span class='ocrx_word' id='word_1_472' title='bbox 1274 776 1516 818; x_wconf 67' lang='lat' dir='ltr'>*indulgentes</span> <span class='ocrx_word' id='word_1_473' title='bbox 1531 779 1593 809; x_wconf 87' lang='lat' dir='ltr'>eti-</span> 
     </span>
     <span class='ocr_line' id='line_1_81' title="bbox 870 818 1593 854; baseline 0.006 -5"><span class='ocrx_word' id='word_1_474' title='bbox 870 829 924 850; x_wconf 88' lang='lat' dir='ltr'>am</span> <span class='ocrx_word' id='word_1_475' title='bbox 937 819 1095 850; x_wconf 85' lang='lat' dir='ltr'>dicuntur</span> <span class='ocrx_word' id='word_1_476' title='bbox 1105 820 1222 850; x_wconf 80' lang='lat' dir='ltr'>dulces.</span> <span class='ocrx_word' id='word_1_477' title='bbox 1248 818 1327 850; x_wconf 78' lang='lat' dir='ltr'>Lael.</span> <span class='ocrx_word' id='word_1_478' title='bbox 1339 823 1391 852; x_wconf 67' lang='lat'>⁶24.</span> <span class='ocrx_word' id='word_1_479' title='bbox 1415 826 1498 852; x_wconf 81' lang='lat' dir='ltr'>extr.</span> <span class='ocrx_word' id='word_1_480' title='bbox 1511 824 1593 854; x_wconf 88' lang='lat' dir='ltr'>ami-</span> 
     </span>
     <span class='ocr_line' id='line_1_82' title="bbox 865 863 1592 906; baseline 0.007 -14"><span class='ocrx_word' id='word_1_481' title='bbox 865 863 894 893; x_wconf 91' lang='lat' dir='ltr'>ci</span> <span class='ocrx_word' id='word_1_482' title='bbox 917 863 1037 901; x_wconf 71' lang='lat' dir='ltr'>dulces,</span> <span class='ocrx_word' id='word_1_483' title='bbox 1053 864 1109 903; x_wconf 89' lang='lat' dir='ltr'>qui</span> <span class='ocrx_word' id='word_1_484' title='bbox 1134 863 1168 893; x_wconf 92' lang='lat' dir='ltr'>in</span> <span class='ocrx_word' id='word_1_485' title='bbox 1184 863 1338 894; x_wconf 79' lang='lat' dir='ltr'>omnibus</span> <span class='ocrx_word' id='word_1_486' title='bbox 1361 865 1508 906; x_wconf 77' lang='lat' dir='ltr'>obsequu</span> <span class='ocrx_word' id='word_1_487' title='bbox 1534 872 1592 897; x_wconf 85' lang='lat' dir='ltr'>tur</span> 
     </span>
     <span class='ocr_line' id='line_1_83' title="bbox 866 906 1588 946; baseline 0.006 -9"><span class='ocrx_word' id='word_1_488' title='bbox 866 907 960 938; x_wconf 89' lang='lat' dir='ltr'>nobis</span> <span class='ocrx_word' id='word_1_489' title='bbox 975 906 1158 946; x_wconf 89' lang='lat' dir='ltr'>studiisque</span> <span class='ocrx_word' id='word_1_490' title='bbox 1175 907 1309 945; x_wconf 83' lang='lat' dir='ltr'>nostris,</span> <span class='ocrx_word' id='word_1_491' title='bbox 1323 917 1382 938; x_wconf 82' lang='lat' dir='ltr'>nec</span> <span class='ocrx_word' id='word_1_492' title='bbox 1395 918 1510 940; x_wconf 75' lang='lat' dir='ltr'>verum</span> <span class='ocrx_word' id='word_1_493' title='bbox 1527 919 1588 941; x_wconf 88' lang='lat' dir='ltr'>un-</span> 
     </span>
     <span class='ocr_line' id='line_1_84' title="bbox 868 951 1223 990; baseline 0.003 -10"><span class='ocrx_word' id='word_1_494' title='bbox 868 961 968 990; x_wconf 83' lang='lat' dir='ltr'>quam</span> <span class='ocrx_word' id='word_1_495' title='bbox 986 951 1078 982; x_wconf 91' lang='lat' dir='ltr'>nobis</span> <span class='ocrx_word' id='word_1_496' title='bbox 1094 951 1223 981; x_wconf 88' lang='lat' dir='ltr'>dicunt.</span> 
     </span>
    </p>

    <p class='ocr_par' dir='ltr' id='par_1_16' title="bbox 906 994 1320 1026">
     <span class='ocr_line' id='line_1_85' title="bbox 906 994 1320 1026; baseline -0.005 0"><span class='ocrx_word' id='word_1_497' title='bbox 906 994 1099 1026; x_wconf 71' lang='lat' dir='ltr'>Dua-itudo.</span> <span class='ocrx_word' id='word_1_498' title='bbox 1131 995 1190 1026; x_wconf 87' lang='lat' dir='ltr'>Or.</span> <span class='ocrx_word' id='word_1_499' title='bbox 1205 994 1251 1025; x_wconf 92' lang='lat' dir='ltr'>iii.</span> <span class='ocrx_word' id='word_1_500' title='bbox 1267 995 1320 1025; x_wconf 73' lang='lat'>25.</span> 
     </span>
    </p>

    <p class='ocr_par' dir='ltr' id='par_1_17' title="bbox 864 1037 1590 1246">
     <span class='ocr_line' id='line_1_86' title="bbox 908 1037 1590 1078; baseline 0.004 -8"><span class='ocrx_word' id='word_1_501' title='bbox 908 1037 1108 1076; x_wconf 79' lang='lat' dir='ltr'>Dumetum,</span> <span class='ocrx_word' id='word_1_502' title='bbox 1125 1037 1165 1069; x_wconf 87' lang='lat' dir='ltr'>de</span> <span class='ocrx_word' id='word_1_503' title='bbox 1181 1037 1321 1078; x_wconf 82' lang='lat' dir='ltr'>spinosis</span> <span class='ocrx_word' id='word_1_504' title='bbox 1337 1042 1371 1069; x_wconf 88' lang='lat' dir='ltr'>et</span> <span class='ocrx_word' id='word_1_505' title='bbox 1381 1038 1508 1078; x_wconf 76' lang='lat' dir='ltr'>jejunis</span> <span class='ocrx_word' id='word_1_506' title='bbox 1524 1040 1590 1072; x_wconf 83' lang='lat' dir='ltr'>dis-</span> 
     </span>
     <span class='ocr_line' id='line_1_87' title="bbox 864 1081 1588 1125; baseline 0.003 -12"><span class='ocrx_word' id='word_1_507' title='bbox 864 1083 1107 1122; x_wconf 79' lang='lat' dir='ltr'>putationibus,</span> <span class='ocrx_word' id='word_1_508' title='bbox 1130 1081 1399 1112; x_wconf 82' lang='lat' dir='ltr'>distinctionibus</span> <span class='ocrx_word' id='word_1_509' title='bbox 1425 1083 1484 1115; x_wconf 77' lang='lat' dir='ltr'>&amp;c.</span> <span class='ocrx_word' id='word_1_510' title='bbox 1516 1084 1588 1125; x_wconf 89' lang='lat' dir='ltr'>phi-</span> 
     </span>
     <span class='ocr_line' id='line_1_88' title="bbox 866 1125 1588 1166; baseline 0.004 -10"><span class='ocrx_word' id='word_1_511' title='bbox 866 1125 1090 1166; x_wconf 85' lang='lat' dir='ltr'>losophorum.</span> <span class='ocrx_word' id='word_1_512' title='bbox 1122 1125 1224 1156; x_wconf 85' lang='lat' dir='ltr'>Acad.</span> <span class='ocrx_word' id='word_1_513' title='bbox 1255 1125 1297 1155; x_wconf 88' lang='lat' dir='ltr'>iv.</span> <span class='ocrx_word' id='word_1_514' title='bbox 1322 1128 1374 1157; x_wconf 85' lang='lat'>35.</span> <span class='ocrx_word' id='word_1_515' title='bbox 1403 1128 1588 1159; x_wconf 85' lang='lat' dir='ltr'>orationem</span> 
     </span>
     <span class='ocr_line' id='line_1_89' title="bbox 864 1169 1587 1210; baseline 0.004 -10"><span class='ocrx_word' id='word_1_516' title='bbox 864 1170 899 1200; x_wconf 91' lang='lat' dir='ltr'>in</span> <span class='ocrx_word' id='word_1_517' title='bbox 928 1169 1117 1209; x_wconf 81' lang='lat' dir='ltr'>Stoicorum</span> <span class='ocrx_word' id='word_1_518' title='bbox 1142 1169 1276 1200; x_wconf 79' lang='lat' dir='ltr'>dumeta</span> <span class='ocrx_word' id='word_1_519' title='bbox 1300 1170 1511 1210; x_wconf 84' lang='lat' dir='ltr'>compellitis.</span> <span class='ocrx_word' id='word_1_520' title='bbox 1543 1172 1587 1203; x_wconf 82' lang='lat' dir='ltr'>cf.</span> 
     </span>
     <span class='ocr_line' id='line_1_90' title="bbox 865 1213 1110 1246; baseline -0.008 0"><span class='ocrx_word' id='word_1_521' title='bbox 865 1213 944 1246; x_wconf 87' lang='lat' dir='ltr'>Nat.</span> <span class='ocrx_word' id='word_1_522' title='bbox 961 1214 1004 1245; x_wconf 92' lang='lat' dir='ltr'>D.</span> <span class='ocrx_word' id='word_1_523' title='bbox 1020 1215 1041 1246; x_wconf 87' lang='lat' dir='ltr'>i.</span> <span class='ocrx_word' id='word_1_524' title='bbox 1057 1215 1110 1244; x_wconf 76' lang='lat'>⁶24.</span> 
     </span>
    </p>

    <p class='ocr_par' dir='ltr' id='par_1_18' title="bbox 863 1257 1588 1343">
     <span class='ocr_line' id='line_1_91' title="bbox 908 1257 1588 1299; baseline 0 -10"><span class='ocrx_word' id='word_1_525' title='bbox 908 1257 1055 1299; x_wconf 70' lang='lat' dir='ltr'>Duplex.</span> <span class='ocrx_word' id='word_1_526' title='bbox 1083 1257 1234 1295; x_wconf 85' lang='lat' dir='ltr'>mistum,</span> <span class='ocrx_word' id='word_1_527' title='bbox 1258 1261 1461 1289; x_wconf 81' lang='lat' dir='ltr'>concretum.</span> <span class='ocrx_word' id='word_1_528' title='bbox 1487 1257 1588 1289; x_wconf 87' lang='lat' dir='ltr'>Tusc.</span> 
     </span>
     <span class='ocr_line' id='line_1_92' title="bbox 863 1300 1534 1343; baseline 0 -11"><span class='ocrx_word' id='word_1_529' title='bbox 863 1301 885 1333; x_wconf 92' lang='lat' dir='ltr'>i.</span> <span class='ocrx_word' id='word_1_530' title='bbox 903 1303 956 1337; x_wconf 75' lang='lat'>29.</span> <span class='ocrx_word' id='word_1_531' title='bbox 988 1300 1072 1332; x_wconf 86' lang='lat' dir='ltr'>nihil</span> <span class='ocrx_word' id='word_1_532' title='bbox 1087 1306 1138 1332; x_wconf 91' lang='lat' dir='ltr'>est</span> <span class='ocrx_word' id='word_1_533' title='bbox 1154 1301 1188 1331; x_wconf 89' lang='lat' dir='ltr'>in</span> <span class='ocrx_word' id='word_1_534' title='bbox 1204 1301 1324 1332; x_wconf 87' lang='lat' dir='ltr'>animis</span> <span class='ocrx_word' id='word_1_535' title='bbox 1339 1301 1458 1343; x_wconf 69' lang='lat' dir='ltr'>duplex</span> <span class='ocrx_word' id='word_1_536' title='bbox 1475 1304 1534 1332; x_wconf 70' lang='grc' dir='ltr'><strong>διο.</strong></span> 
     </span>
    </p>

    <p class='ocr_par' dir='ltr' id='par_1_19' title="bbox 864 1344 1590 1562">
     <span class='ocr_line' id='line_1_93' title="bbox 908 1344 1590 1386; baseline -0.001 -9"><span class='ocrx_word' id='word_1_537' title='bbox 908 1344 1114 1386; x_wconf 76' lang='lat' dir='ltr'>Dupondius,</span> <span class='ocrx_word' id='word_1_538' title='bbox 1143 1353 1265 1375; x_wconf 82' lang='lat' dir='ltr'>numus</span> <span class='ocrx_word' id='word_1_539' title='bbox 1294 1345 1434 1375; x_wconf 87' lang='lat' dir='ltr'>duarum</span> <span class='ocrx_word' id='word_1_540' title='bbox 1462 1344 1590 1376; x_wconf 79' lang='lat' dir='ltr'>libella-</span> 
     </span>
     <span class='ocr_line' id='line_1_94' title="bbox 866 1389 1588 1422; baseline 0 -3"><span class='ocrx_word' id='word_1_541' title='bbox 866 1399 957 1420; x_wconf 86' lang='lat' dir='ltr'>rum:</span> <span class='ocrx_word' id='word_1_542' title='bbox 984 1389 1015 1422; x_wconf 78' lang='grc'>11,</span> <span class='ocrx_word' id='word_1_543' title='bbox 1033 1399 1061 1418; x_wconf 89' lang='lat' dir='ltr'>e.</span> <span class='ocrx_word' id='word_1_544' title='bbox 1086 1389 1227 1421; x_wconf 84' lang='lat' dir='ltr'>duorum</span> <span class='ocrx_word' id='word_1_545' title='bbox 1252 1389 1387 1419; x_wconf 71' lang='lat' dir='ltr'>assium.</span> <span class='ocrx_word' id='word_1_546' title='bbox 1410 1389 1496 1420; x_wconf 86' lang='lat' dir='ltr'>Nam</span> <span class='ocrx_word' id='word_1_547' title='bbox 1521 1389 1588 1419; x_wconf 91' lang='lat' dir='ltr'>sin-</span> 
     </span>
     <span class='ocr_line' id='line_1_95' title="bbox 866 1432 1589 1472; baseline 0 -9"><span class='ocrx_word' id='word_1_548' title='bbox 866 1432 936 1472; x_wconf 72' lang='lat' dir='ltr'>guli</span> <span class='ocrx_word' id='word_1_549' title='bbox 960 1442 1047 1463; x_wconf 86' lang='lat' dir='ltr'>asses</span> <span class='ocrx_word' id='word_1_550' title='bbox 1066 1432 1159 1470; x_wconf 89' lang='lat' dir='ltr'>olim,</span> <span class='ocrx_word' id='word_1_551' title='bbox 1176 1442 1252 1462; x_wconf 84' lang='lat' dir='ltr'>cum</span> <span class='ocrx_word' id='word_1_552' title='bbox 1269 1433 1359 1471; x_wconf 78' lang='lat' dir='ltr'>gravi</span> <span class='ocrx_word' id='word_1_553' title='bbox 1376 1442 1440 1462; x_wconf 83' lang='lat' dir='ltr'>aere</span> <span class='ocrx_word' id='word_1_554' title='bbox 1454 1438 1589 1463; x_wconf 80' lang='lat' dir='ltr'>uteren-</span> 
     </span>
     <span class='ocr_line' id='line_1_96' title="bbox 864 1475 1587 1517; baseline 0 -10"><span class='ocrx_word' id='word_1_555' title='bbox 864 1482 922 1507; x_wconf 87' lang='lat' dir='ltr'>tur</span> <span class='ocrx_word' id='word_1_556' title='bbox 951 1476 1048 1507; x_wconf 85' lang='lat' dir='ltr'>Rom.</span> <span class='ocrx_word' id='word_1_557' title='bbox 1078 1475 1232 1509; x_wconf 61' lang='lat' dir='ltr'>valebant</span> <span class='ocrx_word' id='word_1_558' title='bbox 1260 1475 1377 1506; x_wconf 82' lang='lat' dir='ltr'>libram</span> <span class='ocrx_word' id='word_1_559' title='bbox 1408 1486 1434 1507; x_wconf 91' lang='lat' dir='ltr'>s.</span> <span class='ocrx_word' id='word_1_560' title='bbox 1467 1476 1587 1517; x_wconf 79' lang='lat' dir='ltr'>pondo.</span> 
     </span>
     <span class='ocr_line' id='line_1_97' title="bbox 866 1519 1559 1562; baseline -0.001 -11"><span class='ocrx_word' id='word_1_561' title='bbox 866 1520 983 1562; x_wconf 69' lang='lat' dir='ltr'>Quint.</span> <span class='ocrx_word' id='word_1_562' title='bbox 1004 1521 1051 1550; x_wconf 89' lang='lat'>16.</span> <span class='ocrx_word' id='word_1_563' title='bbox 1067 1520 1094 1551; x_wconf 88' lang='lat' dir='ltr'>si</span> <span class='ocrx_word' id='word_1_564' title='bbox 1109 1523 1187 1550; x_wconf 81' lang='lat' dir='ltr'>tuus</span> <span class='ocrx_word' id='word_1_565' title='bbox 1203 1519 1382 1560; x_wconf 77' lang='lat' dir='ltr'>dupondius</span> <span class='ocrx_word' id='word_1_566' title='bbox 1393 1526 1559 1558; x_wconf 78' lang='lat' dir='ltr'>ageretur.</span> 
     </span>
    </p>

    <p class='ocr_par' dir='ltr' id='par_1_20' title="bbox 862 1562 1593 1769">
     <span class='ocr_line' id='line_1_98' title="bbox 909 1562 1593 1604; baseline -0.006 -9"><span class='ocrx_word' id='word_1_567' title='bbox 909 1563 1056 1595; x_wconf 63' lang='lat' dir='ltr'>Dur-icas</span> <span class='ocrx_word' id='word_1_568' title='bbox 1077 1564 1258 1604; x_wconf 71' lang='lat' dir='ltr'>opponitur</span> <span class='ocrx_word' id='word_1_569' title='bbox 1279 1563 1429 1593; x_wconf 82' lang='lat' dir='ltr'>comitati</span> <span class='ocrx_word' id='word_1_570' title='bbox 1453 1569 1488 1593; x_wconf 89' lang='lat' dir='ltr'>et</span> <span class='ocrx_word' id='word_1_571' title='bbox 1507 1562 1593 1594; x_wconf 79' lang='lat' dir='ltr'>hila-</span> 
     </span>
     <span class='ocr_line' id='line_1_99' title="bbox 867 1606 1588 1638; baseline -0.001 0"><span class='ocrx_word' id='word_1_572' title='bbox 867 1608 959 1638; x_wconf 85' lang='lat' dir='ltr'>ritati</span> <span class='ocrx_word' id='word_1_573' title='bbox 975 1608 1009 1638; x_wconf 88' lang='lat' dir='ltr'>in</span> <span class='ocrx_word' id='word_1_574' title='bbox 1023 1617 1175 1638; x_wconf 85' lang='lat' dir='ltr'>sermone</span> <span class='ocrx_word' id='word_1_575' title='bbox 1187 1612 1222 1637; x_wconf 86' lang='lat' dir='ltr'>et</span> <span class='ocrx_word' id='word_1_576' title='bbox 1231 1606 1483 1636; x_wconf 79' lang='lat' dir='ltr'>consuetudine.</span> <span class='ocrx_word' id='word_1_577' title='bbox 1495 1606 1588 1638; x_wconf 74' lang='lat' dir='ltr'>Orat.</span> 
     </span>
     <span class='ocr_line' id='line_1_100' title="bbox 870 1651 1588 1689; baseline 0 -8"><span class='ocrx_word' id='word_1_578' title='bbox 870 1652 917 1682; x_wconf 86' lang='lat'>16.</span> <span class='ocrx_word' id='word_1_579' title='bbox 949 1651 1081 1682; x_wconf 70' lang='lat' dir='ltr'>duritas</span> <span class='ocrx_word' id='word_1_580' title='bbox 1101 1655 1137 1681; x_wconf 91' lang='lat' dir='ltr'>et</span> <span class='ocrx_word' id='word_1_581' title='bbox 1158 1651 1326 1687; x_wconf 72' lang='lat' dir='ltr'>severitas,</span> <span class='ocrx_word' id='word_1_582' title='bbox 1343 1657 1378 1680; x_wconf 86' lang='lat' dir='ltr'>et</span> <span class='ocrx_word' id='word_1_583' title='bbox 1401 1651 1492 1689; x_wconf 87' lang='lat' dir='ltr'>quasi</span> <span class='ocrx_word' id='word_1_584' title='bbox 1509 1660 1588 1681; x_wconf 76' lang='lat' dir='ltr'>nite-</span> 
     </span>
     <span class='ocr_line' id='line_1_101' title="bbox 863 1694 1587 1733; baseline 0 -8"><span class='ocrx_word' id='word_1_585' title='bbox 863 1696 957 1726; x_wconf 84' lang='lat' dir='ltr'>stitia</span> <span class='ocrx_word' id='word_1_586' title='bbox 988 1695 1158 1726; x_wconf 79' lang='lat' dir='ltr'>orationis.</span> <span class='ocrx_word' id='word_1_587' title='bbox 1192 1694 1286 1725; x_wconf 79' lang='lat' dir='ltr'>cato.</span> <span class='ocrx_word' id='word_1_588' title='bbox 1321 1696 1368 1725; x_wconf 83' lang='lat'>18.</span> <span class='ocrx_word' id='word_1_589' title='bbox 1397 1700 1524 1733; x_wconf 81' lang='lat' dir='ltr'>quanta</span> <span class='ocrx_word' id='word_1_590' title='bbox 1554 1694 1587 1725; x_wconf 84' lang='lat' dir='ltr'>in</span> 
     </span>
     <span class='ocr_line' id='line_1_102' title="bbox 862 1737 1493 1769; baseline -0.003 0"><span class='ocrx_word' id='word_1_591' title='bbox 862 1739 967 1769; x_wconf 87' lang='lat' dir='ltr'>altero</span> <span class='ocrx_word' id='word_1_592' title='bbox 981 1738 1134 1769; x_wconf 76' lang='lat' dir='ltr'>duritas?</span> <span class='ocrx_word' id='word_1_593' title='bbox 1158 1738 1192 1768; x_wconf 86' lang='lat' dir='ltr'>in</span> <span class='ocrx_word' id='word_1_594' title='bbox 1209 1737 1313 1768; x_wconf 74' lang='lat' dir='ltr'>altero</span> <span class='ocrx_word' id='word_1_595' title='bbox 1330 1738 1468 1768; x_wconf 83' lang='lat' dir='ltr'>comitas</span> <span class='ocrx_word' id='word_1_596' title='bbox 1482 1738 1493 1767; x_wconf 89' lang='lat'>?</span> 
     </span>
    </p>

    <p class='ocr_par' dir='ltr' id='par_1_21' title="bbox 862 1781 1594 1998">
     <span class='ocr_line' id='line_1_103' title="bbox 907 1781 1588 1818; baseline -0.003 -5"><span class='ocrx_word' id='word_1_597' title='bbox 907 1782 1061 1818; x_wconf 69' lang='lat' dir='ltr'>Duritia.</span> <span class='ocrx_word' id='word_1_598' title='bbox 1083 1783 1141 1813; x_wconf 86' lang='lat' dir='ltr'>Or.</span> <span class='ocrx_word' id='word_1_599' title='bbox 1156 1782 1203 1812; x_wconf 89' lang='lat' dir='ltr'>iii.</span> <span class='ocrx_word' id='word_1_600' title='bbox 1224 1784 1272 1815; x_wconf 78' lang='grc'>17.</span> <span class='ocrx_word' id='word_1_601' title='bbox 1296 1781 1454 1816; x_wconf 75' lang='lat' dir='ltr'>duritiam</span> <span class='ocrx_word' id='word_1_602' title='bbox 1471 1781 1505 1811; x_wconf 91' lang='lat' dir='ltr'>in</span> <span class='ocrx_word' id='word_1_603' title='bbox 1521 1790 1588 1812; x_wconf 86' lang='lat' dir='ltr'>ser-</span> 
     </span>
     <span class='ocr_line' id='line_1_104' title="bbox 863 1823 1589 1865; baseline -0.003 -8"><span class='ocrx_word' id='word_1_604' title='bbox 863 1836 961 1857; x_wconf 87' lang='lat' dir='ltr'>mone</span> <span class='ocrx_word' id='word_1_605' title='bbox 991 1825 1161 1856; x_wconf 83' lang='lat' dir='ltr'>Socratico</span> <span class='ocrx_word' id='word_1_606' title='bbox 1189 1824 1379 1863; x_wconf 80' lang='lat' dir='ltr'>adainarat3</span> <span class='ocrx_word' id='word_1_607' title='bbox 1409 1824 1441 1854; x_wconf 92' lang='lat' dir='ltr'>h.</span> <span class='ocrx_word' id='word_1_608' title='bbox 1465 1835 1493 1855; x_wconf 89' lang='lat' dir='ltr'>e.</span> <span class='ocrx_word' id='word_1_609' title='bbox 1518 1823 1589 1865; x_wconf 84' lang='lat' dir='ltr'>pla-</span> 
     </span>
     <span class='ocr_line' id='line_1_105' title="bbox 863 1866 1589 1910; baseline -0.004 -10"><span class='ocrx_word' id='word_1_610' title='bbox 863 1875 1004 1901; x_wconf 80' lang='lat' dir='ltr'>cuerant</span> <span class='ocrx_word' id='word_1_611' title='bbox 1027 1870 1087 1910; x_wconf 88' lang='lat' dir='ltr'>ipsi</span> <span class='ocrx_word' id='word_1_612' title='bbox 1111 1868 1262 1909; x_wconf 88' lang='lat' dir='ltr'>inprimis</span> <span class='ocrx_word' id='word_1_613' title='bbox 1281 1866 1425 1898; x_wconf 84' lang='lat' dir='ltr'>Socratis</span> <span class='ocrx_word' id='word_1_614' title='bbox 1441 1867 1589 1908; x_wconf 80' lang='lat' dir='ltr'>disputa-</span> 
     </span>
     <span class='ocr_line' id='line_1_106' title="bbox 862 1910 1594 1954; baseline -0.001 -10"><span class='ocrx_word' id='word_1_615' title='bbox 862 1915 969 1944; x_wconf 85' lang='lat' dir='ltr'>tiones</span> <span class='ocrx_word' id='word_1_616' title='bbox 993 1914 1032 1944; x_wconf 89' lang='lat' dir='ltr'>de</span> <span class='ocrx_word' id='word_1_617' title='bbox 1056 1912 1168 1944; x_wconf 87' lang='lat' dir='ltr'>dolore</span> <span class='ocrx_word' id='word_1_618' title='bbox 1189 1910 1327 1952; x_wconf 84' lang='lat' dir='ltr'>aliisque</span> <span class='ocrx_word' id='word_1_619' title='bbox 1343 1911 1441 1952; x_wconf 84' lang='lat' dir='ltr'>hujus</span> <span class='ocrx_word' id='word_1_620' title='bbox 1457 1913 1594 1954; x_wconf 62' lang='lat' dir='ltr'>generis</span> 
     </span>
     <span class='ocr_line' id='line_1_107' title="bbox 867 1956 1532 1998; baseline -0.005 -10"><span class='ocrx_word' id='word_1_621' title='bbox 867 1957 963 1988; x_wconf 87' lang='lat' dir='ltr'>malis</span> <span class='ocrx_word' id='word_1_622' title='bbox 979 1956 1194 1998; x_wconf 79' lang='lat' dir='ltr'>perferendis.</span> <span class='ocrx_word' id='word_1_623' title='bbox 1518 1985 1532 1998; x_wconf 38' lang='grc' dir='ltr'>,ι</span> 
     </span>
    </p>

    <p class='ocr_par' dir='ltr' id='par_1_22' title="bbox 858 1999 1589 2519">
     <span class='ocr_line' id='line_1_108' title="bbox 905 1999 1589 2039; baseline -0.006 -7"><span class='ocrx_word' id='word_1_624' title='bbox 905 2000 1035 2032; x_wconf 77' lang='lat' dir='ltr'>Durus.</span> <span class='ocrx_word' id='word_1_625' title='bbox 1061 2001 1161 2031; x_wconf 87' lang='lat' dir='ltr'>Dom.</span> <span class='ocrx_word' id='word_1_626' title='bbox 1185 1999 1216 2031; x_wconf 83' lang='lat'>6.</span> <span class='ocrx_word' id='word_1_627' title='bbox 1240 1999 1352 2031; x_wconf 80' lang='lat' dir='ltr'>durior</span> <span class='ocrx_word' id='word_1_628' title='bbox 1366 2007 1512 2036; x_wconf 81' lang='lat' dir='ltr'>annona,</span> <span class='ocrx_word' id='word_1_629' title='bbox 1525 2007 1589 2039; x_wconf 83' lang='lat' dir='ltr'>pro</span> 
     </span>
     <span class='ocr_line' id='line_1_109' title="bbox 862 2039 1589 2079; baseline -0.003 -4"><span class='ocrx_word' id='word_1_630' title='bbox 862 2045 977 2075; x_wconf 85' lang='lat' dir='ltr'>carior.</span> <span class='ocrx_word' id='word_1_631' title='bbox 1009 2043 1107 2074; x_wconf 83' lang='lat' dir='ltr'>Areli.</span> <span class='ocrx_word' id='word_1_632' title='bbox 1123 2048 1153 2079; x_wconf 90' lang='lat'>9.</span> <span class='ocrx_word' id='word_1_633' title='bbox 1182 2042 1296 2073; x_wconf 79' lang='lat' dir='ltr'>durior</span> <span class='ocrx_word' id='word_1_634' title='bbox 1318 2041 1359 2072; x_wconf 83' lang='lat' dir='ltr'>ad</span> <span class='ocrx_word' id='word_1_635' title='bbox 1382 2041 1453 2072; x_wconf 73' lang='lat' dir='ltr'>lime</span> <span class='ocrx_word' id='word_1_636' title='bbox 1474 2039 1589 2073; x_wconf 78' lang='lat' dir='ltr'>studia</span> 
     </span>
     <span class='ocr_line' id='line_1_110' title="bbox 862 2085 1586 2127; baseline -0.003 -9"><span class='ocrx_word' id='word_1_637' title='bbox 862 2088 1057 2125; x_wconf 87' lang='lat' dir='ltr'>videbatur;</span> <span class='ocrx_word' id='word_1_638' title='bbox 1082 2087 1113 2118; x_wconf 89' lang='lat' dir='ltr'>b.</span> <span class='ocrx_word' id='word_1_639' title='bbox 1137 2097 1166 2117; x_wconf 89' lang='lat' dir='ltr'>e.</span> <span class='ocrx_word' id='word_1_640' title='bbox 1183 2096 1249 2117; x_wconf 88' lang='lat' dir='ltr'>non</span> <span class='ocrx_word' id='word_1_641' title='bbox 1265 2087 1292 2116; x_wconf 90' lang='lat' dir='ltr'>is</span> <span class='ocrx_word' id='word_1_642' title='bbox 1308 2095 1378 2116; x_wconf 86' lang='lat' dir='ltr'>esse</span> <span class='ocrx_word' id='word_1_643' title='bbox 1402 2085 1586 2127; x_wconf 81' lang='lat' dir='ltr'>videbatur,</span> 
     </span>
     <span class='ocr_line' id='line_1_111' title="bbox 863 2128 1586 2172; baseline -0.004 -9"><span class='ocrx_word' id='word_1_644' title='bbox 863 2133 920 2172; x_wconf 90' lang='lat' dir='ltr'>qui</span> <span class='ocrx_word' id='word_1_645' title='bbox 943 2142 983 2163; x_wconf 85' lang='lat' dir='ltr'>ex</span> <span class='ocrx_word' id='word_1_646' title='bbox 1009 2132 1058 2162; x_wconf 88' lang='lat' dir='ltr'>his</span> <span class='ocrx_word' id='word_1_647' title='bbox 1081 2130 1197 2162; x_wconf 84' lang='lat' dir='ltr'>studiis</span> <span class='ocrx_word' id='word_1_648' title='bbox 1220 2129 1357 2171; x_wconf 66' lang='lat' dir='ltr'>poeticis</span> <span class='ocrx_word' id='word_1_649' title='bbox 1381 2128 1586 2169; x_wconf 74' lang='lat' dir='ltr'>voluptatem</span> 
     </span>
     <span class='ocr_line' id='line_1_112' title="bbox 861 2172 1587 2216; baseline -0.004 -10"><span class='ocrx_word' id='word_1_650' title='bbox 861 2176 1044 2216; x_wconf 85' lang='lat' dir='ltr'>percipere,</span> <span class='ocrx_word' id='word_1_651' title='bbox 1060 2180 1160 2214; x_wconf 84' lang='lat' dir='ltr'>atque</span> <span class='ocrx_word' id='word_1_652' title='bbox 1184 2173 1264 2204; x_wconf 89' lang='lat' dir='ltr'>adeo</span> <span class='ocrx_word' id='word_1_653' title='bbox 1288 2173 1326 2203; x_wconf 92' lang='lat' dir='ltr'>iis</span> <span class='ocrx_word' id='word_1_654' title='bbox 1350 2172 1495 2213; x_wconf 89' lang='lat' dir='ltr'>pretium</span> <span class='ocrx_word' id='word_1_655' title='bbox 1519 2178 1587 2204; x_wconf 84' lang='lat' dir='ltr'>sta-</span> 
     </span>
     <span class='ocr_line' id='line_1_113' title="bbox 859 2216 1586 2260; baseline -0.007 -10"><span class='ocrx_word' id='word_1_656' title='bbox 859 2226 955 2250; x_wconf 83' lang='lat' dir='ltr'>tuere</span> <span class='ocrx_word' id='word_1_657' title='bbox 972 2224 1092 2260; x_wconf 83' lang='lat' dir='ltr'>posset.</span> <span class='ocrx_word' id='word_1_658' title='bbox 1116 2218 1211 2254; x_wconf 74' lang='lat' dir='ltr'>Brut.</span> <span class='ocrx_word' id='word_1_659' title='bbox 1232 2220 1280 2248; x_wconf 85' lang='grc'>18.</span> <span class='ocrx_word' id='word_1_660' title='bbox 1304 2216 1399 2256; x_wconf 79' lang='lat' dir='ltr'>signa</span> <span class='ocrx_word' id='word_1_661' title='bbox 1412 2216 1512 2258; x_wconf 80' lang='lat' dir='ltr'>dura,</span> <span class='ocrx_word' id='word_1_662' title='bbox 1528 2225 1586 2257; x_wconf 88' lang='lat' dir='ltr'>op-</span> 
     </span>
     <span class='ocr_line' id='line_1_114' title="bbox 862 2257 1588 2304; baseline -0.006 -10"><span class='ocrx_word' id='word_1_663' title='bbox 862 2269 1035 2304; x_wconf 88' lang='lat' dir='ltr'>ponuntur</span> <span class='ocrx_word' id='word_1_664' title='bbox 1057 2260 1230 2292; x_wconf 88' lang='lat' dir='ltr'>mollibus:</span> <span class='ocrx_word' id='word_1_665' title='bbox 1256 2259 1289 2291; x_wconf 89' lang='lat' dir='ltr'>h.</span> <span class='ocrx_word' id='word_1_666' title='bbox 1309 2271 1338 2290; x_wconf 90' lang='lat' dir='ltr'>e.</span> <span class='ocrx_word' id='word_1_667' title='bbox 1363 2258 1498 2300; x_wconf 86' lang='lat' dir='ltr'>politius</span> <span class='ocrx_word' id='word_1_668' title='bbox 1521 2257 1588 2290; x_wconf 82' lang='lat' dir='ltr'>ele-</span> 
     </span>
     <span class='ocr_line' id='line_1_115' title="bbox 861 2303 1589 2347; baseline -0.007 -9"><span class='ocrx_word' id='word_1_669' title='bbox 861 2307 1062 2346; x_wconf 84' lang='lat' dir='ltr'>gantiusque</span> <span class='ocrx_word' id='word_1_670' title='bbox 1084 2304 1270 2335; x_wconf 75' lang='lat' dir='ltr'>elaboratis.</span> <span class='ocrx_word' id='word_1_671' title='bbox 1316 2303 1424 2334; x_wconf 88' lang='lat' dir='ltr'>Notus</span> <span class='ocrx_word' id='word_1_672' title='bbox 1447 2307 1499 2333; x_wconf 88' lang='lat' dir='ltr'>est</span> <span class='ocrx_word' id='word_1_673' title='bbox 1514 2312 1589 2347; x_wconf 74' lang='lat' dir='ltr'>ver-</span> 
     </span>
     <span class='ocr_line' id='line_1_116' title="bbox 860 2345 1587 2420; baseline -0.007 -39"><span class='ocrx_word' id='word_1_674' title='bbox 860 2351 984 2381; x_wconf 88' lang='lat' dir='ltr'>siculus</span> <span class='ocrx_word' id='word_1_675' title='bbox 1008 2347 1227 2388; x_wconf 74' lang='lat' dir='ltr'>Virgilianos:</span> <span class='ocrx_word' id='word_1_676' title='bbox 1253 2346 1431 2378; x_wconf 85' lang='lat' dir='ltr'>Excudent</span> <span class='ocrx_word' id='word_1_677' title='bbox 1448 2345 1587 2420; x_wconf 67' lang='grc' dir='ltr'><strong>111115Ῡί-</strong></span> 
     </span>
     <span class='ocr_line' id='line_1_117' title="bbox 861 2389 1588 2430; baseline -0.007 -6"><span class='ocrx_word' id='word_1_678' title='bbox 861 2394 971 2424; x_wconf 88' lang='lat' dir='ltr'>rantia</span> <span class='ocrx_word' id='word_1_679' title='bbox 993 2392 1125 2424; x_wconf 84' lang='lat' dir='ltr'>mollins</span> <span class='ocrx_word' id='word_1_680' title='bbox 1147 2401 1232 2422; x_wconf 82' lang='lat' dir='ltr'>aera:</span> <span class='ocrx_word' id='word_1_681' title='bbox 1259 2390 1290 2422; x_wconf 87' lang='grc'>11.</span> <span class='ocrx_word' id='word_1_682' title='bbox 1307 2400 1335 2420; x_wconf 86' lang='lat' dir='ltr'>e.</span> <span class='ocrx_word' id='word_1_683' title='bbox 1352 2399 1425 2430; x_wconf 83' lang='lat' dir='ltr'>quae</span> <span class='ocrx_word' id='word_1_684' title='bbox 1449 2389 1498 2420; x_wconf 85' lang='lat' dir='ltr'>ita</span> <span class='ocrx_word' id='word_1_685' title='bbox 1519 2399 1537 2419; x_wconf 88' lang='lat' dir='ltr'>e</span> <span class='ocrx_word' id='word_1_686' title='bbox 1553 2399 1588 2420; x_wconf 86' lang='lat' dir='ltr'>a·</span> 
     </span>
     <span class='ocr_line' id='line_1_118' title="bbox 860 2432 1588 2475; baseline -0.008 -7"><span class='ocrx_word' id='word_1_687' title='bbox 860 2437 977 2468; x_wconf 85' lang='lat' dir='ltr'>borata</span> <span class='ocrx_word' id='word_1_688' title='bbox 992 2441 1084 2472; x_wconf 89' lang='lat' dir='ltr'>sunt,</span> <span class='ocrx_word' id='word_1_689' title='bbox 1099 2441 1136 2466; x_wconf 86' lang='lat' dir='ltr'>ut</span> <span class='ocrx_word' id='word_1_690' title='bbox 1153 2433 1404 2475; x_wconf 83' lang='lat' dir='ltr'>quamproxime</span> <span class='ocrx_word' id='word_1_691' title='bbox 1419 2432 1462 2463; x_wconf 90' lang='lat' dir='ltr'>ad</span> <span class='ocrx_word' id='word_1_692' title='bbox 1476 2432 1588 2463; x_wconf 79' lang='lat' dir='ltr'>viven-</span> 
     </span>
     <span class='ocr_line' id='line_1_119' title="bbox 858 2477 1443 2519; baseline -0.007 -8"><span class='ocrx_word' id='word_1_693' title='bbox 858 2481 901 2511; x_wconf 86' lang='lat' dir='ltr'>tis</span> <span class='ocrx_word' id='word_1_694' title='bbox 916 2480 1097 2512; x_wconf 80' lang='lat' dir='ltr'>animantis</span> <span class='ocrx_word' id='word_1_695' title='bbox 1111 2479 1255 2519; x_wconf 85' lang='lat' dir='ltr'>speciem</span> <span class='ocrx_word' id='word_1_696' title='bbox 1271 2477 1443 2508; x_wconf 87' lang='lat' dir='ltr'>accedant.</span> 
     </span>
    </p>

    <p class='ocr_par' dir='ltr' id='par_1_23' title="bbox 860 2519 1588 2686">
     <span class='ocr_line' id='line_1_120' title="bbox 905 2519 1586 2556; baseline -0.007 -1"><span class='ocrx_word' id='word_1_697' title='bbox 905 2524 1098 2556; x_wconf 79' lang='lat' dir='ltr'>Duumviri.</span> <span class='ocrx_word' id='word_1_698' title='bbox 1128 2522 1237 2553; x_wconf 81' lang='lat' dir='ltr'>Rabir.</span> <span class='ocrx_word' id='word_1_699' title='bbox 1262 2519 1356 2552; x_wconf 87' lang='lat' dir='ltr'>Perd.</span> <span class='ocrx_word' id='word_1_700' title='bbox 1385 2523 1417 2551; x_wconf 78' lang='lat'>4.</span> <span class='ocrx_word' id='word_1_701' title='bbox 1447 2519 1505 2551; x_wconf 83' lang='lat' dir='ltr'>Or.</span> <span class='ocrx_word' id='word_1_702' title='bbox 1532 2519 1586 2551; x_wconf 81' lang='lat'>46.</span> 
     </span>
     <span class='ocr_line' id='line_1_121' title="bbox 861 2561 1587 2606; baseline -0.008 -7"><span class='ocrx_word' id='word_1_703' title='bbox 861 2574 941 2599; x_wconf 91' lang='lat' dir='ltr'>sunt</span> <span class='ocrx_word' id='word_1_704' title='bbox 965 2568 1000 2604; x_wconf 86' lang='lat' dir='ltr'>ii,</span> <span class='ocrx_word' id='word_1_705' title='bbox 1016 2578 1073 2606; x_wconf 73' lang='lat' dir='ltr'>qn·</span> <span class='ocrx_word' id='word_1_706' title='bbox 1097 2576 1135 2596; x_wconf 89' lang='lat' dir='ltr'>ex</span> <span class='ocrx_word' id='word_1_707' title='bbox 1161 2565 1317 2597; x_wconf 88' lang='lat' dir='ltr'>instituto</span> <span class='ocrx_word' id='word_1_708' title='bbox 1339 2563 1430 2595; x_wconf 86' lang='lat' dir='ltr'>Tulli</span> <span class='ocrx_word' id='word_1_709' title='bbox 1451 2561 1587 2594; x_wconf 86' lang='lat' dir='ltr'>Hostilii</span> 
     </span>
     <span class='ocr_line' id='line_1_122' title="bbox 861 2606 1588 2652; baseline -0.007 -10"><span class='ocrx_word' id='word_1_710' title='bbox 861 2610 1097 2652; x_wconf 74' lang='lat' dir='ltr'>perduellionis</span> <span class='ocrx_word' id='word_1_711' title='bbox 1105 2608 1280 2648; x_wconf 86' lang='lat' dir='ltr'>judicandi</span> <span class='ocrx_word' id='word_1_712' title='bbox 1293 2617 1394 2639; x_wconf 85' lang='lat' dir='ltr'>causa</span> <span class='ocrx_word' id='word_1_713' title='bbox 1404 2606 1588 2639; x_wconf 79' lang='lat' dir='ltr'>constitue-</span> 
     </span>
     <span class='ocr_line' id='line_1_123' title="bbox 860 2653 1271 2686; baseline -0.01 1"><span class='ocrx_word' id='word_1_714' title='bbox 860 2655 994 2686; x_wconf 88' lang='lat' dir='ltr'>bantur.</span> <span class='ocrx_word' id='word_1_715' title='bbox 1013 2653 1075 2684; x_wconf 90' lang='lat' dir='ltr'>vid.</span> <span class='ocrx_word' id='word_1_716' title='bbox 1092 2653 1163 2684; x_wconf 84' lang='lat' dir='ltr'>Liv.</span> <span class='ocrx_word' id='word_1_717' title='bbox 1181 2654 1202 2684; x_wconf 91' lang='lat' dir='ltr'>i.</span> <span class='ocrx_word' id='word_1_718' title='bbox 1219 2653 1271 2684; x_wconf 84' lang='lat'>26.</span> 
     </span>
    </p>
   </div>
   <div class='ocr_carea' id='block_1_6' title="bbox 1219 2738 1257 2770">
    <p class='ocr_par' dir='ltr' id='par_1_24' title="bbox 1219 2738 1257 2770">
     <span class='ocr_line' id='line_1_124' title="bbox 1219 2738 1257 2770; baseline 0.026 -1"><span class='ocrx_word' id='word_1_719' title='bbox 1219 2738 1257 2770; x_wconf 81' lang='lat' dir='ltr'>E.</span> 
     </span>
    </p>
   </div>
   <div class='ocr_carea' id='block_1_7' title="bbox 862 2823 1591 2906">
    <p class='ocr_par' dir='ltr' id='par_1_25' title="bbox 862 2823 1591 2906">
     <span class='ocr_line' id='line_1_125' title="bbox 906 2823 1588 2868; baseline -0.006 -9"><span class='ocrx_word' id='word_1_720' title='bbox 906 2827 976 2866; x_wconf 83' lang='lat' dir='ltr'>Ea,</span> <span class='ocrx_word' id='word_1_721' title='bbox 993 2827 1066 2859; x_wconf 85' lang='lat' dir='ltr'>adv.</span> <span class='ocrx_word' id='word_1_722' title='bbox 1087 2837 1146 2868; x_wconf 91' lang='lat' dir='ltr'>pro</span> <span class='ocrx_word' id='word_1_723' title='bbox 1162 2831 1348 2868; x_wconf 84' lang='lat' dir='ltr'>propterea.</span> <span class='ocrx_word' id='word_1_724' title='bbox 1372 2824 1414 2856; x_wconf 76' lang='lat' dir='ltr'>ad</span> <span class='ocrx_word' id='word_1_725' title='bbox 1428 2824 1502 2856; x_wconf 84' lang='lat' dir='ltr'>Div.</span> <span class='ocrx_word' id='word_1_726' title='bbox 1519 2823 1588 2855; x_wconf 87' lang='lat' dir='ltr'>xiii.</span> 
     </span>
     <span class='ocr_line' id='line_1_126' title="bbox 862 2867 1591 2906; baseline -0.01 -1"><span class='ocrx_word' id='word_1_727' title='bbox 862 2872 915 2906; x_wconf 75' lang='lat'>26.</span> <span class='ocrx_word' id='word_1_728' title='bbox 951 2871 1134 2904; x_wconf 78' lang='lat' dir='ltr'>Mescinius</span> <span class='ocrx_word' id='word_1_729' title='bbox 1162 2880 1202 2902; x_wconf 85' lang='lat' dir='ltr'>ea</span> <span class='ocrx_word' id='word_1_730' title='bbox 1233 2868 1316 2902; x_wconf 90' lang='lat' dir='ltr'>mihi</span> <span class='ocrx_word' id='word_1_731' title='bbox 1344 2867 1591 2901; x_wconf 80' lang='lat' dir='ltr'>necessitudine</span> 
     </span>
    </p>
   </div>
  </div>
 </body>
</html>
