1815 3209
231 165 284 202 50

580 265 624 298 N.

281 347 411 386 Narbo,
428 353 528 390 eaput
544 350 660 382 Gallioe
676 350 912 382 Narbonensis.

283 393 375 430 Ναν,
392 392 432 422 ad
448 393 519 424 Att.
535 395 576 425 iv.
597 397 645 426 15.
675 395 793 426 fluvius
812 395 970 426 Lucaniae

237 442 340 477 prope
353 436 463 467 lacum
478 437 646 469 Velinum.

281 480 437 517 ,Naroma
454 480 495 510 ad
508 480 582 511 Div.
599 492 628 511 ν.
640 486 732 521 ep.9.
748 485 796 511 10.
811 480 970 521 oppidum

237 522 428 554 Dalmatiae.
473 523 511 554 In
540 524 645 555 Graev.
672 524 751 555 Cod.
778 530 850 555 erat
878 525 971 555 Nar-

237 567 331 603 bona,
348 572 384 596 et
402 567 464 597 hoc
483 568 630 607 Scaliger
648 568 690 598 ad
710 568 890 598 Eusebium
909 567 973 597 Pli-

239 611 295 640 nio
319 609 502 641 ltinerariis
525 612 700 642 restituere
722 611 865 647 volebat,
886 609 973 649 quod

237 654 340 684 etiam
365 653 516 692 vulgatas
538 655 709 685 Ptolemaei
733 654 807 684 edd.
834 653 972 684 obsidet.

238 697 303 727 Sed
318 703 446 728 rectum
465 702 515 728 est
532 699 688 733 Narona,
706 697 793 737 quod
808 698 910 727 etiam
929 697 971 727 H.

237 741 351 770 Sui-ita
375 741 554 771 Ptolemaeo
572 742 721 771 restituit
737 741 779 771 acl
794 740 873 771 ltin.
892 741 971 771 Ant.

238 794 270 826 p.
296 787 369 815 338.
393 785 444 815 ed.
473 786 593 816 noviss.
617 785 658 814 ad
682 795 712 824 q.
736 784 758 814 l.
781 784 846 815 vid.
869 785 971 814 etiam

237 826 506 867 Wesselingium.
552 827 592 858 In
611 828 705 859 MSS.
726 828 884 858 confundi
901 828 971 858 haec

235 872 337 901 verba
352 871 448 901 docet
463 871 578 902 Burin.
594 872 636 901 ad
652 873 787 903 Sueton.
803 871 876 902 Tib.
895 882 922 901 c.
939 874 970 902 4.

283 915 452 954 Neapolis,
470 915 662 954 Campaniae
678 914 849 956 oppidum.

281 959 542 997 Neapolitanum.
558 959 719 999 Pompeii,
734 959 775 989 ad
788 959 859 989 Att.
869 958 925 988 vii.
940 961 970 989 2.

282 1001 452 1041 Neapolis,
472 1002 565 1032 Verr.
587 1003 629 1033 iv.
654 1006 706 1034 53.
736 1012 810 1042 pars
834 1002 972 1042 Syracu-

238 1054 350 1076 sarum
368 1054 556 1076 novissuna.

282 1089 451 1126 Nemoeus,
478 1088 543 1126 leo,
573 1087 673 1119 Tusc.
704 1088 768 1129 Qu.
799 1089 842 1119 iv.
871 1090 924 1120 22.
954 1098 973 1118 a

238 1131 370 1163 Nemea
386 1132 458 1162 loco
474 1132 509 1161 in
525 1132 692 1171 Argolide.

284 1176 507 1213 Nemorensis,
531 1175 572 1205 ad
594 1176 665 1206 Att.
692 1177 735 1207 vi.
770 1178 796 1206 l.
822 1174 973 1215 intellige

238 1229 330 1258 ager.
362 1219 474 1249 Lucus
486 1224 558 1249 erat
570 1219 605 1249 in
617 1229 695 1259 agro
708 1220 842 1250 Aricino
855 1219 973 1249 Dianae

236 1272 351 1301 sacer3
369 1263 399 1292 ei
416 1263 625 1302 adjacentem
642 1273 772 1303 agrum,
790 1263 974 1293 Nemoren-

238 1317 309 1337 sem
326 1307 493 1337 dicebant.

283 1351 425 1389 Nemus,
443 1350 485 1380 ad
509 1350 577 1380 Att.
601 1360 653 1380 xv.
678 1352 708 1381 4.
738 1350 832 1380 lucus
855 1350 973 1381 Dianae

235 1403 329 1424 sacer
340 1394 375 1423 in
390 1404 467 1433 agro
483 1393 627 1424 Aricino.
644 1393 740 1424 Unde
754 1395 974 1424 Nemorensis.

282 1438 414 1475 Nervii,
446 1437 587 1478 populus
626 1437 754 1475 Galliae,
787 1448 804 1467 e
845 1437 974 1468 Caesare

241 1486 352 1511 notus.

282 1525 393 1562 Nesis,
421 1524 462 1554 ad
485 1523 556 1555 Att.
585 1524 650 1554 xvi.
681 1527 708 1555 l.
740 1524 851 1555 insula
877 1524 975 1555 Cam-

237 1569 344 1609 paniae
375 1568 516 1607 objecta,
545 1569 579 1598 in
607 1578 672 1607 qua
698 1568 859 1599 Lucullus
886 1568 974 1599 filius

239 1612 353 1642 villam
369 1612 522 1642 habebat.

282 1656 421 1694 Netum,
454 1655 489 1685 in
518 1656 612 1686 verr.
643 1655 684 1686 iv.
715 1656 768 1687 26.
814 1656 974 1696 oppidum

239 1699 371 1729 Siciliae.

282 1743 400 1774 Netini
422 1752 447 1773 s.
474 1742 681 1780 Netineuses,
700 1743 734 1772 in
750 1743 843 1774 Verr.
865 1753 896 1774 v.
922 1746 974 1775 51.

237 1788 271 1818 ii.
290 1787 342 1817 64.

284 1831 413 1868 Nicaea,
431 1829 472 1860 ad
488 1829 558 1860 Att.
581 1831 644 1860 xiv.
670 1832 698 1860 1.
730 1830 808 1860 urbs
827 1830 975 1870 Liguriae

239 1884 340 1916 prope
356 1884 465 1904 mare:
488 1873 584 1903 hodie
601 1875 721 1904 Nina.

284 1919 481 1954 Nieoeenses,
498 1917 540 1946 ad
555 1918 630 1948 Div.
646 1917 715 1948 xiii.
732 1927 784 1958 ep.
804 1917 856 1948 61.
885 1917 976 1947 inco-

240 1962 281 1992 1ae
299 1962 421 1992 Nz'coeae
437 1961 471 1991 in
488 1960 655 2000 Bithynia.

285 2006 402 2042 Nilus,
420 2005 539 2034 fluvius
556 2004 702 2045 AEgypti.

284 2049 387 2086 Nola,
403 2049 481 2078 urbs
497 2048 531 2077 in
552 2048 748 2088 Campania,
762 2048 852 2079 unde
870 2048 975 2080 Nola-

239 2094 287 2131 m',
316 2097 351 2122 et
378 2093 532 2123 Nolanus
560 2101 653 2130 ager,
680 2092 761 2122 item
790 2093 975 2131 Nolanum,

240 2136 404 2178 praedium
420 2145 521 2175 prope
538 2134 672 2169 Nolam,
691 2135 733 2165 ad
749 2135 819 2166 Att.
836 2137 905 2166 xiii.
922 2139 953 2167 Β.

286 2181 456 2216 Norensz's,
482 2178 612 2218 Fragm.
644 2179 701 2209 Or.
729 2179 805 2209 xvii.
837 2189 896 2219 pro
926 2179 974 2210 M.

240 2224 326 2255 AEm.
357 2224 491 2253 Scauro.
522 2232 553 2262 p.
589 2225 638 2254 10.
670 2233 690 2252 a
713 2223 823 2260 Nora,
855 2223 976 2264 oppido

239 2267 410 2298 Sardinioe.

286 2311 401 2348 Nom,
428 2310 468 2340 de
492 2308 584 2341 Orat.
613 2309 647 2340 ii.
672 2310 725 2341 66.
758 2319 803 2340 sc.
827 2310 976 2340 tabernae

239 2354 506 2394 argentariorum
532 2354 567 2384 in
590 2353 661 2384 foro
683 2353 781 2384 Rom.
809 2358 976 2384 exornatae

239 2399 342 2429 scutis
370 2397 595 2434 Cimbrorum,
618 2402 659 2428 ut
683 2396 813 2428 Veteres
842 2398 974 2428 Samni-

242 2443 340 2472 tium.
357 2441 470 2472 Livius
490 2441 533 2471 ix.
550 2444 605 2471 40.

284 2486 547 2521 Nonocnmenses,
563 2484 604 2514 ad
617 2484 694 2515 Div.
707 2485 775 2515 xiii.
788 2488 841 2516 35.
858 2483 976 2515 incolae

238 2529 351 2570 oppidi
367 2528 454 2558 Novi
473 2527 568 2558 Comi
590 2528 624 2558 in
641 2527 795 2559 Insubria
809 2528 851 2559 ad
864 2527 975 2558 lacum

244 2573 416 2604 Larinum.

286 2616 450 2652 Nuceria,
466 2614 581 2654 Agrar.
607 2615 641 2645 ii.
656 2619 718 2646 ⁴31.
743 2619 795 2645 est
817 2615 977 2656 oppidum

243 2659 447 2699 Campaniae,
464 2658 553 2698 quod
577 2658 656 2689 ltin.
680 2659 760 2689 Ant.
784 2659 848 2689 xvi.
873 2669 918 2688 m.
942 2670 976 2699 p.

239 2714 258 2733 a
284 2702 372 2732 Nola
398 2702 510 2732 abesse
541 2701 632 2732 dicit.
680 2703 838 2733 Ceterum
865 2702 977 2742 plures

239 2756 308 2777 esse
325 2745 486 2775 Nucerias
501 2745 543 2775 ad
559 2745 579 2775 l.
598 2756 626 2775 c.
643 2746 795 2776 observat
810 2745 933 2776 Surita.

286 2790 490 2826 AVumantia,
515 2789 592 2818 urbs
620 2789 791 2828 Hispaniae
816 2789 977 2820 Tarraco-

242 2833 354 2863 nensis
371 2832 501 2862 nobilis.
539 2831 629 2861 unde
646 2833 897 2863 Numantinum
909 2832 978 2873 soe-

242 2878 316 2912 dtis,
334 2876 374 2905 de
391 2876 462 2905 Pin.
479 2874 517 2905 Β.
536 2875 570 2905 ii.
591 2879 640 2909 17.

285 2920 413 2957 Messoei,
440 2919 483 2948 ad
510 2919 586 2948 Div.
615 2918 684 2949 xiii.
711 2928 744 2958 p.
772 2919 825 2949 64.
858 2919 976 2951 incolae

240 2963 352 3004 oppidi
371 2963 474 3001 Nysa>
489 2962 524 2993 in
541 2961 687 2993 Maeonia
701 2962 816 3003 Lydia.

720 174 866 206 INDEX
887 174 1253 206 GEOGRAPmctJS.

1359 266 1398 298 Ο,

1058 350 1257 382 Οσνὶειιίαηα
1279 350 1368 388 villa,
1395 360 1454 390 pro
1477 349 1595 381 Milon.
1620 351 1672 382 94.
1704 347 1746 381 ad

1016 395 1217 432 Ocriculum,
1254 394 1413 435 oppidum
1452 395 1487 424 in
1524 393 1664 425 Umbria
1701 394 1747 424 cis

1012 438 1238 478 Apenninum.

1058 482 1152 519 OEta,
1170 491 1264 512 mons
1289 481 1376 512 inter
1396 479 1602 511 Thessaliam
1623 483 1658 511 et
1672 479 1747 511 Ma-

1015 524 1188 554 cedoniam
1203 537 1212 563 ;
1230 525 1318 554 unde
1337 526 1472 556 OEtoeus.

1063 567 1168 603 Olbia,
1182 568 1222 597 ad
1233 568 1297 607 Qu.
1312 568 1360 598 Fr.
1379 569 1412 598 ii.
1432 572 1461 602 7.
1487 567 1563 598 urbs
1576 566 1746 598 Sardiniae.

1016 609 1112 642 Unde
1141 611 1308 647 Olbiensz‘s,
1336 612 1378 641 ad
1402 610 1466 650 Qu.
1494 611 1545 641 Fr.
1570 611 1604 641 ii.
1631 613 1662 642 3.
1700 620 1746 640 sc.

1015 653 1166 693 epistola,
1184 655 1203 684 i.
1223 666 1250 684 e.
1264 654 1367 685 Olbiae
1383 655 1516 694 scripta.
1547 653 1636 684 Nam
1652 653 1692 683 de
1709 663 1749 684 ea

1015 698 1059 727 ibi
1069 707 1255 728 sermonem
1268 708 1350 736 esse,
1360 708 1399 728 ex
1412 699 1483 739 ipsa
1497 697 1639 738 epistola
1652 696 1748 728 facile

1014 740 1225 779 intelligitur.

1062 784 1245 824 Olympene,
1262 785 1302 814 ab
1317 784 1472 825 Olympo,
1489 785 1570 815 urbe
1583 783 1748 825 Pamphy—

1014 827 1080 866 liae,
1097 838 1117 858 a
1133 828 1167 858 P.
1185 828 1322 858 Servilio
1339 828 1484 859 Isaurico
1498 832 1606 869 capta.
1629 827 1708 868 Agr.
1726 827 1748 858 i.

1016 874 1046 902 2.
1075 872 1109 902 ii.
1130 875 1179 905 19.

1062 914 1227 954 Olympia,
1258 915 1298 946 de
1324 915 1417 946 Orat.
1446 915 1493 946 iii.
1525 916 1577 946 32.
1610 914 1652 945 ad
1676 914 1748 946 Att.

1014 959 1084 988 xiii.
1116 961 1167 989 30.
1198 959 1276 989 urbs
1308 958 1410 989 Elidis
1441 959 1477 989 in
1507 958 1748 998 Peloponneso,

1008 1002 1110 1040 juxta
1132 1001 1297 1042 Alpheum
1321 1003 1355 1032 in
1378 1002 1482 1033 Pisaeo
1505 1011 1597 1041 agro,
1614 1001 1750 1033 celebris

1014 1045 1099 1075 ludis
1116 1045 1308 1086 Olympicis.
1426 1048 1429 1052 ’

1063 1088 1232 1128 Olympus,
1257 1089 1297 1119 de
1324 1089 1400 1120 Div.
1428 1089 1449 1120 i.
1483 1090 1531 1120 12.
1561 1089 1621 1120 &c.
1653 1098 1749 1119 monz

1016 1131 1105 1162 inter
1118 1131 1324 1163 Thessaliam
1340 1137 1375 1163 et
1390 1132 1634 1164 Macedoniam.

1063 1175 1292 1213 Onchesmites,
1318 1176 1361 1206 ad
1385 1177 1456 1207 Att.
1483 1176 1539 1206 vii.
1566 1177 1597 1208 2.
1628 1179 1749 1207 ventus

1016 1218 1056 1249 ab
1073 1218 1262 1249 Onchesmo
1279 1219 1373 1260 Epiri
1388 1227 1487 1260 portu
1504 1220 1597 1250 flans.

1065 1261 1164 1302 Opus,
1189 1263 1230 1293 ad
1253 1263 1323 1294 Att.
1351 1264 1393 1293 vi.
1422 1265 1452 1295 2.
1484 1263 1561 1293 urbs
1586 1263 1749 1301 Locridis,

1016 1306 1209 1346 metropolis
1230 1306 1459 1346 Opuntiorum.

1033 1379 1035 1387 ,
1064 1349 1197 1388 Orestis,
1223 1350 1304 1381 Har.
1328 1350 1427 1391 Resp.
1457 1350 1507 1382 16.
1538 1359 1614 1391 pars
1636 1349 1749 1381 Mace-

1017 1393 1125 1423 doniae
1141 1393 1255 1424 libera.

1064 1437 1239 1467 Orc'ndicus
1254 1438 1356 1477 Ager,
1373 1437 1450 1477 Agr.
1468 1438 1502 1468 ii.
1525 1435 1583 1472 19.>
1596 1447 1622 1468 s.
1638 1438 1750 1478 potius

1021 1480 1200 1511 Orondicus
1228 1486 1287 1511 aut
1322 1481 1497 1518 Orondizcs,
1529 1481 1570 1512 ab
1604 1480 1749 1519 Oronda,

1016 1525 1097 1554 urbe
1113 1525 1201 1555 inter
1218 1525 1373 1555 Pisidiam
1391 1530 1425 1555 et
1438 1524 1612 1555 Isauriam.

1065 1567 1201 1607 Oropus,
1216 1569 1257 1598 ad
1273 1569 1343 1599 Att.
1360 1568 1416 1598 xii.
1433 1570 1486 1600 23.
1518 1568 1595 1598 urbs
1612 1567 1750 1599 Boeotiae

1017 1610 1051 1641 in
1068 1612 1188 1642 finibus
1205 1612 1336 1642 Atticae.

1065 1654 1169 1692 Ostia,
1187 1655 1323 1685 celebris
1345 1654 1476 1685 colonia
1492 1654 1534 1684 ad
1554 1655 1678 1686 ostium
1693 1654 1750 1686 Ti-

1016 1698 1112 1728 beris.
1160 1698 1256 1728 Unde

1064 1741 1217 1772 Ostiensis
1234 1743 1425 1780 Provincia,
1439 1753 1498 1782 pro
1514 1742 1603 1773 Mur.
1617 1745 1647 1773 8.
1661 1751 1751 1782 quae-

1015 1786 1128 1817 storia.
1155 1790 1189 1816 et
1217 1786 1359 1816 Ostiense
1380 1786 1642 1823 incommodum,
1659 1786 1751 1817 Man.

1020 1831 1069 1860 12.
1102 1829 1189 1868 quod
1215 1830 1343 1869 experti
1365 1829 1461 1860 Rom.
1489 1834 1582 1867 sunt,
1606 1839 1684 1860 cum
1710 1830 1753 1860 ad

1017 1873 1147 1903 Ostiam
1170 1873 1281 1903 classis
1304 1873 1399 1904 Rom.
1425 1883 1446 1903 a.
1466 1874 1581 1914 piratis
1605 1878 1705 1914 capta
1718 1877 1754 1904 et

1017 1926 1173 1957 oppressa
1188 1921 1249 1947 est.

1363 2013 1398 2044 P.

1065 2090 1275 2132 Pachynum,
1283 2091 1377 2122 Verr.
1386 2100 1416 2121 v.
1427 2093 1479 2122 34.
1488 2092 1755 2132 promontorium

1018 2135 1150 2165 Siciliae.
1633 2151 1637 2166 η

1064 2179 1223 2215 Famam,
1241 2178 1283 2209 ad
1306 2177 1378 2210 Att.
1403 2178 1446 2209 xi.
1474 2181 1522 2213 17.
1543 2178 1622 2210 urbs
1645 2179 1755 2210 Luca-

1018 2223 1096 2259 niae,
1113 2222 1170 2252 Gr.
1188 2222 1392 2260 Pasa-adonia,
1405 2232 1425 2252 a
1437 2232 1503 2261 qua
1516 2223 1608 2253 sinus
1625 2222 1754 2253 Poesta-

1017 2275 1083 2296 nus
1103 2266 1237 2296 dicitur.
1269 2265 1311 2296 ad
1332 2265 1403 2296 Att.
1426 2265 1491 2296 xvi.
1517 2266 1547 2296 6.
1593 2266 1756 2297 Poestana

1011 2308 1216 2350 proefectura
1251 2312 1456 2340 memoratur
1486 2318 1538 2350 ap.
1570 2309 1683 2342 Front.
1715 2309 1755 2340 de

1020 2352 1135 2383 Colon.
1152 2363 1186 2393 p.
1206 2355 1278 2387 109.

1062 2396 1252 2434 Palatium,
1270 2405 1364 2426 mons
1382 2405 1470 2426 unus
1489 2406 1530 2427 ex
1548 2395 1613 2434 his,
1629 2396 1666 2427 in
1681 2396 1755 2436 qui·

1018 2440 1078 2471 bus
1089 2444 1242 2470 extructa
1253 2443 1305 2470 est
1311 2439 1436 2470 Roma:
1454 2449 1544 2470 mons
1560 2440 1755 2471 Palatinus.

1063 2483 1240 2521 Palatina,
1263 2483 1369 2514 tribus
1394 2483 1508 2524 populi
1531 2482 1676 2516 Romani
1697 2493 1755 2514 ur-

1017 2527 1115 2558 bana.

1064 2570 1233 2601 Palatina?
1257 2570 1407 2607 Batneoe,
1430 2580 1490 2610 pro
1512 2570 1612 2602 Rosc.
1640 2569 1753 2601 Amer.

1019 2617 1050 2648 7.
1072 2615 1150 2652 quia
1164 2613 1257 2643 fuere
1273 2613 1315 2643 ad
1330 2613 1521 2645 Palatinum
1537 2617 1688 2645 montem
1702 2613 1756 2644 vel

1019 2658 1054 2688 in
1070 2661 1195 2687 monte.-

1063 2701 1202 2738 Πέλτας,
1219 2699 1260 2730 ad
1283 2701 1361 2731 Div.
1375 2701 1431 2731 xii.
1446 2710 1499 2741 ep.
1517 2704 1567 2732 13.
1593 2700 1755 2741 oppidum

1019 2754 1121 2785 prope
1137 2743 1347 2774 Laodiceam.

1064 2788 1280 2827 Pamphylia,
1307 2786 1398 2826 regio
1428 2787 1515 2818 Asiae
1546 2787 1682 2818 minoris
1713 2787 1756 2817 ad

1020 2841 1111 2861 mare
1129 2830 1410 2861 mediterraneum
1425 2831 1527 2872 (unde
1542 2840 1636 2861 marc
1647 2830 1756 2862 Pam-

1012 2876 1169 2915 phylium.
1184 2876 1255 2913 ejus
1270 2883 1358 2914 pars,
1374 2884 1448 2913 quae
1465 2873 1693 2914 Pamphyliam
1709 2873 1758 2904 al-

1021 2919 1097 2955 luit,
1112 2915 1249 2955 dieitur)
1270 2918 1358 2948 inter
1373 2918 1510 2958 Lyciam
1526 2924 1562 2948 et
1577 2917 1741 2948 Ciliciam.

1067 2962 1315 3000 Panormitam,
1345 2961 1433 2993 cives
1463 2961 1553 2993 urbis
1578 2960 1758 3000 Panormi,
