1815 3209
215 157 270 196 48

259 255 442 294 Leucadia,
456 254 556 287 Tusc.
571 255 635 296 Qu.
651 257 692 288 iv.
709 260 761 289 34.
775 258 951 299 peninsula

214 297 424 330 Acarnaniae.

211 367 216 372 .
261 343 400 380 Leucas,
421 343 520 374 Tuse.
541 343 605 382 Qu.
622 344 664 374 iv.
690 347 738 374 18.
759 350 951 384 promonto-

216 386 302 416 rium
326 387 508 427 pcninsulae
525 387 720 427 Leucadiae3
743 388 801 418 scd
817 399 846 419 ν.
865 389 952 419 Leu-

215 434 302 460 cata.

208 492 219 499 -
261 474 389 504 Leucas
411 473 452 503 ad
475 474 550 504 Div.
571 475 635 504 xvi.
658 485 710 515 ep.
740 478 765 505 1.
792 474 951 516 oppidum

210 517 366 557 ejusdem
384 518 578 557 peninsulae.

262 561 423 597 Leucata,
451 561 492 591 ad
514 562 584 591 Att.
606 572 635 591 ν.
657 565 687 595 9.
716 561 844 591 celebre
866 562 952 592 Leu-

213 604 319 634 cadiae
350 605 629 644 promontorium,
667 605 755 634 uncle
786 605 952 635 amoribus

216 648 338 677 irretiti
355 657 389 678 se
410 649 615 688 praecipitare
632 648 783 678 solebant
800 649 831 677 in
850 658 953 686 mare,

216 695 256 721 ut
277 701 388 721 amore
412 691 642 722 liberarentur.
688 691 775 721 cons.
795 691 894 722 Tusc.
913 692 953 722 iv.

221 737 269 765 18.
292 743 325 765 et
350 735 394 764 ibi
419 735 603 770 Davisium,
628 735 683 774 qui
707 735 867 771 ostendit,
887 745 953 765 non

215 788 287 808 esse
304 778 482 817 legendum
500 779 664 815 Leueade,
680 778 737 807 sed
755 778 912 808 Leucata.

262 822 463 861 Leucopetra
502 822 770 858 Tarentinorum,
807 822 848 852 ad
884 822 954 852 Att.

218 866 282 895 xvi.
292 866 321 896 6.
332 866 444 904 ignota
459 870 508 895 est
520 865 734 905 Geographis.
757 866 955 904 Leucopetra

211 915 330 938 autem
348 909 575 947 cheg‘z'norum
598 920 616 938 e
641 909 808 939 Ciceronis
833 909 916 939 Phil.
934 911 955 939 i.

217 955 247 983 3.
265 958 299 982 et
316 952 385 982 Att.
401 953 464 982 xvi.
481 956 510 986 7.
524 958 617 989 nota,
628 952 718 982 unde
733 952 906 982 Cluverius
921 954 955 982 in

212 995 293 1025 ital.
325 995 400 1026 Vet.
437 1006 497 1035 pro
537 996 792 1026 Tarentinorum
824 996 956 1035 legebat

219 1039 456 1076 Rhegium-mn.
501 1039 566 1070 Alii
597 1039 694 1069 aliter
723 1039 813 1069 hunc
844 1039 955 1070 locum

216 1087 405 1114 tentarunt.

264 1126 423 1163 Leuctra,
450 1125 551 1156 Tusc.
577 1126 640 1166 Qu.
666 1126 688 1157 i.
714 1126 767 1157 46.
794 1126 955 1166 oppidum

218 1168 368 1207 Boeotiae,
385 1170 427 1200 ad
448 1180 547 1209 quam
569 1170 733 1200 celebrem
748 1170 921 1200 victoriani
938 1180 958 1200 a

217 1214 390 1253 Spartanis
405 1213 568 1251 Thebani,
582 1214 685 1244 ductu
702 1211 956 1253 Epaminondae,

218 1256 428 1296 retulerunt3
456 1257 545 1287 unde
572 1257 778 1294 Leuctricus,
804 1268 834 1288 v.
861 1267 889 1288 c.
915 1257 957 1287 ad

214 1299 290 1331 Att.
307 1301 348 1330 vi.
368 1304 396 1331 l.

265 1344 384 1383 Libya,
411 1345 500 1384 regio
528 1343 648 1375 Africae
672 1344 841 1374 maritima
869 1344 958 1374 inter

221 1387 442 1428 Cyrenaicum
459 1393 493 1418 et
509 1388 654 1418 Africam
671 1388 888 1427 provinciam.

263 1432 389 1470 Ligur,
406 1443 423 1460 e
440 1432 577 1471 Liguria
591 1431 707 1461 Galliae
725 1431 914 1470 Cisalpinae.

265 1475 475 1514 Ligusticunz
488 1476 635 1513 Bellum,
648 1475 687 1505 de
703 1475 781 1505 Nat.
799 1475 841 1505 D.
854 1476 887 1505 ii.
904 1476 957 1506 23.

220 1527 241 1549 a
255 1519 447 1557 Liguribus,
463 1520 662 1558 quibuscum
678 1524 810 1558 gestum
827 1524 888 1549 est.

265 1562 462 1602 Lilybaeum,
507 1563 774 1602 promontorium
823 1562 957 1600 Siciliae,

220 1605 310 1636 unde
327 1606 564 1646 Lilyboetanus,
580 1606 656 1636 Div.
673 1606 707 1635 in
726 1605 836 1636 Caecil.
857 1609 906 1640 17.

265 1648 408 1687 Lindus,
425 1650 501 1680 urbs
518 1650 635 1680 insulae
651 1649 770 1680 Rhodi.

266 1693 461 1730 Linteruus,
478 1693 592 1732 Agrar.
608 1694 642 1724 ii.
659 1694 710 1724 26.
728 1693 767 1723 ab
785 1693 957 1730 Linterno,

214 1731 342 1776 Loppitlo
355 1737 559 1777 Campaniae,
575 1747 601 1767 s,
618 1736 763 1767 Literna
776 1737 863 1767 unde
876 1736 959 1767 Lz'n-

216 1781 389 1820 vterminum
420 1791 446 1811 s.
475 1781 689 1811 Literninum
715 1780 890 1821 praedium,
918 1780 960 1811 ad

221 1823 294 1854 Att.
315 1835 346 1854 x.
368 1828 415 1855 13.

266 1867 471 1907 Liparensis,
492 1869 527 1898 in
546 1867 639 1898 Verr.
659 1868 705 1898 iii.
725 1871 777 1902 37.
798 1877 817 1897 a
838 1867 960 1907 Lipara

222 1910 344 1949 insula,
356 1922 429 1951 quae
438 1918 472 1942 et
487 1913 603 1942 urbem
620 1912 682 1942 hoe
698 1912 833 1941 nomine
846 1911 959 1948 habet,

222 1955 370 1995 principe
401 1956 586 1986 insularum
623 1956 711 1985 inter
740 1955 887 1985 Siciliam
925 1961 960 1985 et

223 1997 356 2030 ltaliam
372 1999 496 2037 medio
527 1999 610 2029 mari
642 1999 822 2038 positarum
838 2010 847 2035 ς
885 2008 959 2037 quae

222 2041 381 2073 dicuntur
408 2043 538 2082 AEoliae,
565 2043 757 2083 eaedemque
787 2042 959 2073 Vulcaniae

220 2090 257 2116 et
271 2086 442 2126 Liparaeae.

265 2130 370 2168 Liris,
387 2131 494 2160 amnis
510 2131 611 2161 Latii.

215 2210 218 2214 .
266 2174 494 2211 Liternimmz,
511 2185 540 2205 v,
558 2174 806 2205 Linterninum.

267 2217 378 2253 Locri,
395 2218 437 2247 ad
452 2219 522 2248 Att.
543 2219 586 2248 vi.
607 2222 632 2248 l.
662 2218 740 2247 urbs
756 2218 790 2247 in
806 2216 960 2254 Bruttiis,

218 2259 265 2295 *ad
280 2261 404 2298 sinum,
422 2262 478 2300 qui
495 2262 535 2292 ab
552 2263 631 2292 urbe
646 2261 815 2291 Locrenses
825 2261 959 2299 dicitur,

222 2304 399 2334 nobilitata
414 2305 602 2344 legislatore
620 2304 774 2335 Zaleuco.

267 2346 379 2385 Locri,
396 2348 434 2378 de
452 2349 530 2378 Nat.
548 2348 590 2379 D.
607 2349 640 2379 ii.
657 2350 687 2380 ⁶2.
704 2348 857 2388 populus.

266 2390 376 2428 Luca,
393 2393 434 2421 ad
450 2393 524 2423 Div.
542 2393 562 2422 i.
577 2397 608 2427 9.
625 2392 783 2432 oppidum
805 2392 959 2423 Etruriae.

267 2434 400 2465 Lucam·
415 2436 513 2474 Agri,
531 2436 614 2466 Phil.
636 2436 704 2466 xiii.
727 2439 757 2466 5.
779 2437 814 2466 in
835 2436 961 2475 Magna

214 2476 364 2517 >Graecia,
382 2484 440 2510 aut
456 2485 544 2509 certe
562 2480 710 2509 confines
727 2480 756 2509 ei
771 2491 780 2517 ;
798 2489 874 2509 nani
893 2489 960 2509 non
994 2510 995 2513 ,

223 2523 380 2552 convenit
396 2523 485 2552 inter
493 2529 663 2560 auctores,
680 2528 796 2553 utrum
810 2523 962 2554 Lucania

220 2565 266 2595 eit
284 2565 415 2604 Magnae
433 2566 582 2603 Graeciae,
599 2577 660 2596 nec
677 2577 730 2597 ne.

213 2647 216 2650 ψ
267 2608 412 2646 Lucani,
428 2609 525 2640 Tusc.
543 2610 606 2649 Qu.
623 2611 644 2640 i.
661 2613 712 2645 37.
729 2610 853 2650 populi.

212 2687 216 2691 ⁴
267 2651 443 2691 Luceium,
474 2663 532 2693 pro
569 2654 682 2684 Deiot.
718 2655 749 2685 6.
785 2653 960 2684 castellum

222 2695 375 2728 Deiotari
392 2697 424 2726 in
442 2696 583 2726 Galatia.

267 2739 415 2770 Lueense
430 2741 662 2780 llIunicipium,
675 2741 717 2771 ad
732 2740 808 2772 Div.
824 2741 893 2771 xiii.
909 2750 960 2781 ep.
993 2766 997 2770 .

226 2785 276 2814 13.
292 2788 343 2813 est
358 2784 465 2814 Luca.

214 2858 216 2860 ,
268 2827 425 2863 Luceria,
442 2827 483 2857 ad
506 2827 580 2857 Div.
600 2837 652 2857 κν.
679 2831 728 2858 15.
752 2828 794 2858 ad
813 2827 883 2858 Att.
905 2828 962 2857 vii.

226 2870 276 2901 12.
297 2871 457 2910 oppidum
477 2870 618 2910 Apuliae,
636 2871 723 2901 infra
736 2871 904 2908 Teanum,
921 2871 964 2900 ad

223 2914 363 2944 fluvium
395 2914 594 2954 Cerbalun15
634 2914 766 2949 ,colonia
794 2915 963 2946 Romano—

219 2966 310 2990 tuin.

676 183 682 188 -
715 165 862 196 INDEX
882 167 1251 199 GROGRAPHICUS.

1038 258 1251 297 Lucretiam,
1268 259 1309 290 ad
1327 260 1395 291 Att.
1411 260 1466 291 vii.
1486 262 1535 293 11.
1555 273 1574 292 a
1590 259 1732 295 Luco-eto

994 303 1045 333 vel
1059 303 1212 333 Lucretio
1229 305 1262 334 in
1279 305 1420 340 Sabinis,
1436 305 1492 335 uhi
1505 306 1636 338 Atticus
1649 317 1732 347 prae·

995 347 1088 377 dium
1104 347 1256 378 habehat.
1282 347 1440 379 Horatius
1458 347 1659 380 Lucretilem
1674 361 1733 392 ap-

995 390 1112 430 pellat.

1040 433 1210 472 Lucrinus
1232 434 1337 473 lacus,
1352 435 1392 466 ad
1416 435 1486 466 Att.
1518 435 1582 467 xiv.
1615 437 1666 467 16.
1696 437 1732 468 in

998 477 1193 516 Campania.

1039 521 1268 559 Luerinenses,
1291 521 1332 554 ad
1358 522 1427 552 Att.
1453 523 1495 552 iv.
1526 525 1575 553 10.
1601 527 1734 561 ostreae,

996 573 1070 601 quae
1087 564 1119 593 in
1137 563 1209 594 lacu
1227 565 1372 595 Lucrino
1389 566 1578 606 capiuntur.

1039 606 1219 646 Lupercal,
1236 609 1278 638 ad
1300 609 1375 639 Div.
1398 611 1452 640 vii.
1475 611 1526 641 20.
1544 609 1635 640 locus
1651 609 1734 641 Pani

996 659 1098 680 sacer.

1041 692 1231 731 Lusitania,
1247 704 1320 734 pars
1341 694 1511 737 Hispaniae
1528 697 1660 734 veteris,
1677 706 1736 727 cu-

990 737 1047 776 jus
1065 737 1177 776 populi
1195 738 1364 768 Lusitani.
1550 745 1552 747 ’

1040 778 1176 818 Lusius,
1203 781 1243 811 dc
1274 781 1351 811 Nat.
1383 783 1426 813 D.
1457 783 1503 813 iii.
1533 785 1585 814 22.
1613 783 1735 814 fluvius

996 823 1158 859 Arcadiae,
1181 834 1200 854 a
1216 824 1358 855 Cellario
1373 827 1525 856 omissus.
1570 826 1657 856 Eum
1677 826 1734 857 de-

996 868 1111 897 scribit
1138 868 1278 898 Pausan.
1308 869 1343 898 in
1370 869 1519 900 Arcadio.
1542 879 1570 899 c.
1594 872 1647 901 28.
1678 870 1734 909 qui

997 911 1084 940 circa
1113 911 1222 942 fontes
1253 912 1300 942 ita
1330 912 1489 953 appellari
1522 913 1615 950 dicit,
1646 913 1735 952 qnod

995 953 1129 993 Jupiter
1158 965 1272 986 recens
1303 960 1401 986 natus
1428 957 1462 986 in
1489 966 1528 986 eo
1555 955 1643 986 lotus
1669 957 1734 995 sit·‚

997 1007 1063 1036 qua
1073 1007 1148 1028 vero
1165 998 1295 1038 longius
1312 1009 1332 1029 a
1344 999 1437 1029 fonte
1454 1000 1600 1037 recedat,
1619 1000 1736 1039 Gorty·

997 1041 1091 1070 nium
1107 1042 1147 1071 ab
1162 1043 1243 1072 urbe
1266 1043 1413 1081 Gortyna
1429 1043 1598 1083 appellari.

1041 1084 1222 1123 Lycaonia,
1246 1086 1288 1116 ad
1313 1086 1382 1116 Att.
1406 1093 1435 1116 v.
1463 1090 1511 1118 15.
1534 1087 1626 1125 regio
1649 1086 1735 1117 Asiae

1000 1127 1089 1157 inter
1119 1129 1284 1166 Ciliciam,
1309 1130 1478 1168 Pisidiam,
1505 1130 1736 1171 Pamphyliam

998 1176 1033 1201 et
1063 1172 1330 1212 Cappadociam3
1369 1173 1457 1204 unde
1488 1174 1656 1214 Lycaones
1686 1173 1736 1205 di-

999 1220 1132 1245 cuntur.

1042 1259 1202 1297 Lyceum,
1216 1259 1255 1289 de
1267 1259 1360 1290 Orat.
1373 1260 1394 1290 i.
1407 1262 1458 1291 21.
1477 1259 1566 1291 loeus
1582 1261 1736 1298 Athenis,

998 1302 1033 1332 in
1051 1312 1116 1341 quo
1133 1303 1304 1342 Peripatus
1320 1303 1508 1334 Aristotelis
1524 1309 1606 1335 erat.

991 1369 994 1373 .
1029 1346 1162 1386 Jmcia,
1184 1347 1275 1386 regio
1298 1347 1384 1377 Asiae
1409 1348 1557 1385 minoris,
1579 1347 1621 1378 ad
1644 1357 1738 1377 mare

999 1390 1293 1427 mediterraneum,
1308 1391 1413 1421 Caria:
1426 1395 1460 1420 et
1471 1389 1674 1431 Pamphyliae
1686 1391 1738 1421 in-

997 1434 1158 1471 teriecta3
1180 1434 1267 1464 unde
1285 1433 1391 1473 Lycii.

1043 1476 1166 1515 Lydia,
1199 1478 1289 1519 regio
1326 1478 1412 1508 Asiae
1451 1478 1587 1508 minoris
1624 1486 1738 1507 versus

965 1524 975 1531 “
1000 1529 1090 1550 mare
1117 1520 1283 1559 AEgaeum,
1307 1521 1396 1551 inter
1422 1521 1565 1559 Ioniam,
1592 1520 1738 1551 AEoliam

999 1568 1034 1593 et
1060 1564 1235 1603 Phrygiam
1261 1575 1432 1604 magnam,
1464 1565 1552 1595 unde
1579 1564 1739 1595 dicuntur

1000 1606 1232 1682 ssfvdiipclnssmli,
1248 1618 1307 1649 pro
1326 1608 1413 1639 Flac.
1435 1611 1466 1640 2.
1487 1612 1522 1639 et
1538 1608 1680 1649 Lydius,
1696 1607 1737 1639 de

1352 1761 1401 1793 M.

1043 1866 1251 1904 Macedonia,
1285 1867 1384 1898 modo
1416 1873 1467 1897 est
1497 1875 1572 1907 pars
1601 1865 1738 1898 Graeciae

1001 1910 1089 1940 inter
1118 1909 1338 1948 Thessaliam,
1371 1910 1563 1947 Thraciam,
1592 1909 1740 1940 Acarna-

1002 1954 1093 1984 niam
1111 1955 1170 1984 ἀρ.
1188 1954 1286 1984 modo
1302 1954 1473 1994 provincia
1486 1953 1639 1984 Romana
1660 1953 1739 1984 Pro-

1001 1997 1195 2034 consularis,
1211 1998 1373 2028 Graeciam
1394 1997 1471 2028 inde
1491 1997 1532 2027 ab
1548 1996 1681 2037 Illyride
1698 1996 1741 2027 ad

1001 2041 1164 2071 Graeciam
1180 2042 1310 2081 proprie
1325 2042 1372 2071 sic
1389 2042 1513 2071 dictam
1529 2041 1717 2071 continens.

1043 2085 1283 2121 Macharensis,
1303 2085 1338 2115 in
1361 2084 1454 2115 Verr.
1477 2084 1524 2115 iii.
1550 2087 1644 2115 lesa
1665 2083 1741 2114 Ma·

1001 2128 1111 2159 chara.
1126 2129 1192 2158 vid.
1210 2130 1399 2159 Imachara.
1698 2165 1701 2167 ,

1045 2173 1175 2209 flffaleoe,
1207 2173 1283 2203 Div.
1314 2173 1357 2203 iv.
1390 2173 1439 2202 12.
1469 2170 1739 2212 promontorium

1002 2216 1187 2247 Laconicae.

1045 2259 1254 2297 fllamertini,
1271 2260 1305 2289 in
1319 2258 1412 2289 Verr.
1428 2258 1462 2288 ii.
1479 2261 1510 2289 5.
1526 2257 1640 2298 populi
1657 2256 1740 2288 Siei-

993 2302 1068 2340 .1iae,
1093 2303 1255 2333 Messanae
1278 2302 1409 2340 incolae,
1432 2311 1506 2340 quae
1529 2302 1644 2332 civitas
1662 2301 1740 2331 ,Μα-

1003 2348 1147 2377 me‘rtina
1168 2347 1189 2377 l.
1206 2357 1233 2377 c.
1252 2351 1399 2376 vocatur.
1446 2344 1641 2375 Mamertini
1657 2344 1739 2374 olim

1003 2391 1196 2430 Campauiae
1212 2390 1326 2430 populi
1346 2389 1452 2427 fuere,
1469 2388 1527 2418 sed
1548 2388 1742 2418 Messanam

1002 2434 1122 2464 deinde
1137 2438 1354 2474 occuparunt.

1045 2478 1232 2516 Mantinea,
1262 2477 1303 2507 de
1338 2476 1410 2507 Fin.
1427 2475 1483 2506 ·B.
1514 2475 1550 2506 ii.
1580 2478 1633 2506 30.
1661 2475 1743 2506 urbs

1001 2520 1163 2551 Areadiae.

1045 2565 1238 2600 stlat-athon,
1260 2563 1338 2593 urbs
1362 2563 1486 2593 Atticae
1516 2571 1616 2602 prope
1648 2570 1743 2592 mare-

991 2608 1202 2644 ,Euboicum,
1219 2607 1261 2636 ad
1278 2617 1377 2646 quam
1401 2606 1546 2636 nobilem
1566 2606 1739 2636 victoriam

1003 2652 1156 2682 Miltiade
1187 2651 1270 2680 duce
1307 2650 1528 2680 Athenienses
1566 2649 1740 2679 consecuti

1003 2701 1093 2726 sunt.

1046 2738 1280 2769 fllarathonius
1312 2742 1444 2773 taurus,
1474 2735 1573 2766 Tusc.
1605 2735 1671 2774 Qu.
1698 2735 1741 2766 iv.

1003 2784 1056 2814 22.
1087 2792 1107 2812 a
1120 2781 1249 2811 Theseo
1265 2780 1539 2820 comprehensus.
1551 2790 1580 2809 v,
1597 2779 1685 2809 Plut.
1705 2779 1743 2810 in

1002 2826 1145 2861 Theseo,
1161 2824 1256 2855 Ovid.
1273 2824 1356 2854 Met.
1372 2824 1426 2853 vii.
1442 2826 1516 2854 433.

1048 2870 1168 2905 Alai-si,
1184 2868 1295 2908 populi
1306 2868 1409 2903 Latii,
1422 2877 1441 2896 a
1453 2867 1571 2905 quibus
1584 2864 1740 2895 Italicum

1003 2923 1029 2943 s.
1046 2912 1165 2953 sociale
1181 2911 1306 2941 bellum
1330 2911 1512 2945 Alai-sicum
1535 2910 1574 2940 de
1593 2909 1703 2940 Divin.
1720 2908 1742 2938 i.

1004 2959 1059 2988 44.
1090 2956 1224 2994 dieitur,
1241 2955 1330 2996 quod
1351 2956 1422 2996 ejus
1445 2954 1605 2996 praecipui
1626 2957 1745 2983 aueto-
