1804 3178
581 85 727 115 mnux
757 82 888 111 Larix
895 85 1049 115 trans.

84 171 242 202 orationis
267 171 469 203 adolescenti
494 181 581 212 soepe
601 181 755 213 preceps,
782 172 802 201 i.

85 224 117 244 e.
132 215 165 244 in
181 224 245 254 quo
263 215 359 245 facile
376 219 502 255 peccat.

110 254 116 261 '
133 257 319 299 l’roeceplu'o.
343 260 400 288 Gr.
422 258 589 300 ugia-2415.
613 257 730 287 Ponit.
753 257 804 288 36.

87 304 141 330 αἴ
153 302 243 331 notio
261 301 414 332 inchoata
431 301 464 330 in
481 301 603 330 auimo.

132 344 354 376 prm-emmo.
383 342 566 375 emulatio.
599 341 723 374 uei-en.
763 343 804 374 iv.

89 389 142 417 30.

134 430 325 466 Pron-idere,
341 438 504 466 recusare,
523 438 654 468 negare.
679 429 746 459 Λα.
776 440 806 460 x.

92 475 140 504 16.
163 474 251 512 quod
280 473 359 512 quia
383 471 480 512 plane
499 474 702 512 proece'dcmu.
730 473 807 503 ibini.

88 517 155 546 viii.
170 519 202 547 4.
218 516 328 556 plane,
345 515 414 545 sine
425 515 493 545 ulla
512 517 706 555 exceptione
718 527 804 556 μνω-

87 560 177 590 cidit.
200 560 312 589 *Cato
333 560 379 589 16.
408 559 495 589 brevi
508 560 704 599 pra-eidam:
729 560 759 589 h.
777 570 806 590 e.

89 602 203 642 paucis
233 601 355 638 dicam,
389 602 501 641 paucis
529 613 597 633 rem
624 603 807 643 expediam.

88 646 107 662 ⁸
123 645 194 676 Att.
221 645 264 675 ix.
290 646 321 675 6.
341 646 516 685 procidere
542 656 650 676 umes.
675 647 695 676 i.
711 658 740 676 e.
759 657 808 676 ro-

85 693 158 718 stra
173 688 371 727 defringere,
387 698 427 718 ne
445 699 540 719 usum
558 690 734 720 militarem
751 689 807 720 lna-

89 731 201 761 beant.
218 742 246 761 v.
260 732 446 762 schessa-rus
463 732 502 761 de
521 733 566 762 Re
583 742 655 762 nav.
671 743 702 772 p.
724 735 793 763 125.

133 775 327 814 Praecipere.
350 775 420 805 Att.
434 776 500 805 viii.
522 779 567 806 11.
584 775 804 815 quodcunque

86 822 127 848 tu
144 818 317 848 consilium
331 820 537 857 pr-oecepisses.
559 829 587 848 v.
605 824 673 849 not.
696 819 714 836 '‘
730 826 807 849 aute

89 872 219 901 capere,
246 870 442 902 proevertere
468 863 684 901 cogitatione,
712 863 807 893 factis

90 905 150 935 διε.
166 904 229 936 off.
247 905 268 935 i.
283 907 336 935 23.
347 906 521 945 pram-ipae
536 906 739 945 cogitatione
755 906 807 936 su-

94 953 181 979 tura.
197 948 239 978 cf.
251 947 292 978 ad
307 948 384 979 Div.
400 958 430 978 ν.
453 950 498 978 16.

135 991 364 1032 Praecilntamj,
395 1001 551 1032 praeeeps.
581 991 690 1022 Rabir.
721 992 807 1023 Post.

95 1037 121 1065 l.
153 1035 395 1075 precipitantes
425 1035 606 1076 impellere.
643 1035 724 1066 Sull.
754 1039 807 1067 31.

89 1079 298 1118 praecipitans
314 1078 455 1118 respubl.

134 1120 374 1162 Praecipifaeus.
400 1121 441 1151 ad
467 1122 542 1152 Div.
565 1122 609 1151 xi.
634 1123 686 1153 28.
709 1126 808 1153 aetate

85 1167 294 1205 praect'pitala
307 1177 316 1194 .·
341 1164 372 1194 h.
390 1176 418 1194 e.
434 1175 575 1195 summa.

133 1206 358 1248 Proecipuum,
375 1207 566 1250 προηγμένον.
592 1207 662 1239 Pin.
680 1208 726 1238 iii.
745 1208 794 1238 16.

135 1248 286 1288 Pan-ise,
325 1251 417 1281 nulla
453 1251 648 1291 exceptione
684 1251 809 1289 addita,

90 1295 252 1325 absolute.
274 1295 344 1325 Att.
372 1294 437 1324 viii.
464 1297 495 1325 4.
515 1295 648 1334 praecise
677 1304 809 1334 negare.

91 1339 111 1357 ἔ
127 1339 248 1369 omisso
265 1339 362 1368 verbo
379 1337 499 1377 aliquo,
516 1337 684 1368 brevitatis
699 1348 809 1368 causa.

90 1381 170 1412 Nat.
194 1382 237 1412 D.
255 1382 289 1412 ii.
306 1384 357 1416 ⁶29.
382 1381 548 1411 existimas
575 1381 615 1411 ab
636 1381 685 1412 his
705 1383 811 1422 provi-

89 1426 231 1456 dentiam
250 1426 342 1464 fingi,
365 1425 457 1463 quasi
478 1424 644 1463 quandam
660 1425 811 1455 Deam——

90 1468 149 1498 sed
164 1469 196 1498 id
209 1470 341 1508 proecise
356 1467 488 1497 dicitur.
502 1467 564 1497 vid.
582 1467 704 1498 locum.

134 1511 296 1542 Proecisio.
319 1512 376 1542 Or.
402 1511 448 1541 iii.
467 1513 520 1542 53.
543 1508 594 1541 est‘
610 1511 716 1550 figura
735 1512 811 1542 em-

93 1554 242 1588 adamas.

134 1598 354 1634 Praecomum,
381 1597 457 1628 vitae
487 1607 605 1637 genus,
645 1597 733 1637 quod
761 1603 811 1629 est

86 1651 289 1682 praeconum.
314 1641 355 1671 ad
371 1640 446 1671 Div.
464 1641 506 1670 vi.
533 1644 580 1672 18.
605 1642 660 1680 qui
682 1651 807 1682 proeeo-

91 1686 186 1716 nium
201 1685 360 1714 facerent.
383 1684 402 1701 ¹*
414 1686 569 1724 proecouis
582 1684 810 1724 proclamatio.

90 1728 203 1759 Rabir.
236 1728 324 1758 Post.
356 1731 406 1761 17.
443 1728 472 1758 Ο
506 1738 618 1758 meum
650 1729 809 1759 miserum

92 1772 315 1810 acerbumque
336 1764 556 1811 proeccm'ium!
589 1771 630 1801 ad
655 1772 731 1801 Div.
755 1772 810 1802 vii.

91 1817 145 1846 24.
188 1814 339 1845 addictus
370 1813 601 1854 Hipponacteo
641 1816 810 1855 proecom'o.

90 1858 156 1888 Sed
171 1858 204 1888 h.
221 1857 244 1888 1.
260 1862 310 1887 est
334 1857 570 1896 metaphorice.
591 1867 622 1888 v.
648 1858 810 1889 addictus,

90 1901 163 1932 Att.
190 1901 258 1931 xiii.
289 1903 336 1931 22.
359 1901 538 1940 Ligariana
562 1901 718 1940 praeclare
734 1911 812 1932 ven-

91 1944 205 1974 didisti
245 1943 424 1985 (laudando
462 1944 639 1974 vendibilia
676 1944 807 1980 fecisti.)

91 1987 245 2024 Posthac,
265 1987 420 2026 quicquid
435 1988 608 2027 scripsero,
623 1988 683 2018 tibi
693 1998 812 2028 proeco-

91 2032 184 2062 m'um
214 2030 381 2061 deferam:
414 2030 447 2061 b.
470 2041 500 2060 e.
527 2035 562 2061 te
591 2031 811 2070 venditorem,

92 2074 299 2105 laudatorem
315 2074 528 2104 constituam.

137 2117 332 2148 Praeconius.
355 2117 470 2157 Quint.
487 2119 539 2147 31.
562 2121 708 2156 quaestus
724 2127 812 2158 prce-

90 2162 199 2193 conius
215 2174 224 2190 :
249 2162 304 2200 qui
321 2161 359 2190 fit
375 2161 540 2200 praeconio
556 2160 716 2191 faciendo.

137 2205 338 2241 Praecullus,
365 2210 579 2244 praeparatus.
612 2203 728 2234 Pax-tit.
756 2206 808 2235 23.

93 2248 228 2288 quidam
248 2247 386 2288 perfecti
411 2247 556 2284 habitus,
578 2246 620 2276 ad
648 2247 806 2278 virtutem

93 2291 187 2331 quasi
211 2292 373 2331 praeculti.

137 2334 334 2371 Fra-ursio,
360 2334 565 2374 praegressio,
602 2333 811 2373 praeparatio.

90 2378 176 2418 Top.
208 2380 259 2409 15.
289 2378 539 2418 proecursionem
576 2375 735 2407 adhibent
765 2376 807 2407 ad

95 2421 321 2452 efficiendum.

139 2462 340 2495 Pr'oecursor.
362 2463 454 2494 Verr.
479 2473 507 2492 v.
531 2465 584 2493 41.
616 2462 706 2493 hunc
727 2472 813 2504 prae—

96 2518 259 2542 cursorem
275 2507 417 2538 habebat
431 2513 466 2536 et
481 2506 700 2536 emissarium.

141 2551 338 2588 Praede‘ator,
355 2551 536 2590 interprete
560 2548 697 2579 Salmas.
725 2548 812 2579 mod.

97 2593 196 2625 Usur.
208 2605 236 2625 c.
248 2595 297 2625 16.
313 2598 375 2630 est,
389 2594 442 2632 qui
452 2592 579 2633 ‘praedia
590 2591 721 2632 publico
732 2591 813 2622 obli-

97 2642 176 2676 gata
204 2642 239 2668 et
269 2636 440 2668 vendenda
468 2637 550 2666 eunt
586 2635 744 2674 adeoque,
775 2640 813 2665 ut

95 2680 280 2712 Gronovius
295 2681 335 2711 de
353 2680 485 2711 Centes.
503 2683 536 2709 et
557 2679 662 2708 unciis
690 2689 721 2718 p.
740 2678 812 2709 516.

96 2725 349 2763 interpretatur,
370 2723 544 2764 pecuniam
567 2732 660 2752 suam
685 2721 718 2751 in
734 2730 815 2761 prae-

95 2766 157 2796 diis
171 2765 283 2804 babet,
299 2767 368 2797 Att.
385 2767 440 2796 xii.
463 2768 509 2796 14.
530 2768 578 2799 17.
603 2765 711 2804 Atque
729 2763 814 2794 hanc

96 2819 166 2839 esse
191 2809 261 2847 ejus
279 2810 366 2840 verbi
382 2810 448 2840 vim
471 2809 577 2840 Closs.
595 2807 764 2838 Philoxeni
782 2811 816 2836 et

94 2852 248 2894 annalogia
291 2852 423 2886 docent.
476 2852 584 2883 Closs.
626 2851 812 2892 praediator.

1475 78 1558 116 ³9³

846 170 951 205 ὦνντῆς
973 170 1169 214 bruggiam.
1203 171 1266 203 sod
1284 173 1376 205 Balb.
1399 174 1450 204 90.
1474 173 1559 205 bane

847 215 911 244 rim
929 215 1048 245 babere
1066 225 1129 245 nou
1147 221 1252 256 potest
1268 229 1273 246 :
1309 216 1452 246 Sem-ola
1480 227 1558 248 cum

846 256 977 296 dejure
1000 258 1461 298 pru-diatonoeonsules-etur,
1481 270 1561 291 cun-

845 300 985 330 sultores
1000 310 1075 330 suos
1100 311 1336 341 nonnunquam
1359 303 1398 332 ad
1425 302 1559 334 Furium

848 349 881 373 ct
910 343 1122 379 Cascellium,
1145 345 1350 384 praeliatores
1380 346 1558 384 rejiciebat.

849 386 964 426 ltaque
983 386 1156 418 Manutius
1185 388 1462 427 interpretabatur
1481 398 1558 420 cum

848 430 971 460 Budoeo
987 429 1124 469 aliisque
1141 443 1146 460 :
1182 427 1306 470 peritus
1326 431 1409 468 juris
1421 433 1560 471 ρωπία-

848 475 932 504 ent-ii.
959 474 1001 503 Et
1020 473 1178 513 profecto,
1205 473 1232 503 si
1266 473 1354 502 locus
1384 483 1482 504 sanus
1499 480 1561 512 est,

849 517 947 547 aliam
971 517 1035 546 vim
1067 516 1098 547 h.
1130 516 1151 546 l.
1182 516 1315 546 verbum
1348 516 1464 546 babere
1495 527 1561 548 non

849 565 954 600 potest
971 572 980 596 ς
1007 560 1155 599 inprimis
1169 569 1244 589 cum
1259 559 1372 589 Furius
1389 566 1419 588 et
1435 559 1565 590 Cascel-

850 603 912 633 lius
926 604 1001 633 acti
1021 604 1154 634 suerint.
1177 603 1239 633 Sed
1255 602 1391 632 Salmas.
1417 601 1437 632 l.
1465 613 1492 632 c.
1509 612 1564 631 vo·

849 657 920 676 cem
929 647 1138 686 prta-diatores
1153 646 1326 677 delendam
1337 650 1460 676 censet.
1473 646 1564 685 Quo·

851 690 938 720 niam
955 697 1067 720 autem
1091 699 1204 720 omnes
1231 689 1303 719 libri
1322 688 1414 719 MSS.
1431 694 1465 718 et
1480 689 1560 718 editi

850 744 922 763 eam
939 739 1084 770 servant,
1101 733 1220 763 durum
1239 732 1318 762 mibi
1339 731 1399 762 hoc
1423 731 1563 762 videtur.

850 776 897 806 Ac
920 780 1026 816 potest
1051 776 1186 806 fortasse
1212 776 1295 806 ratio
1322 775 1472 812 inveniri,
1501 785 1566 814 qua

851 820 1013 859 possimus
1042 830 1110 850 rem
1135 819 1299 858 expedire.
1343 817 1427 849 Mihi
1452 819 1498 848 sic
1530 818 1564 848 in

852 868 997 893 mentem
1014 866 1104 893 venit
1122 876 1128 892 :
1164 863 1297 902 Propria
1318 861 1450 900 quidem
1475 861 1566 892 verbi

852 907 898 936 ris
914 917 953 936 ea
968 910 1029 942 est,
1045 917 1142 944 quum
1161 905 1336 936 Salmasius
1352 905 1465 935 tradit.
1499 904 1564 935 Sed

851 950 1007 989 quoniam
1033 950 1254 989 praediatores‚
1279 949 1334 988 qui
1358 947 1488 988 praediis
1505 958 1567 988 pu-

851 993 935 1023 blico
949 993 1102 1031 obligatis
1118 992 1267 1022 emendis
1284 996 1447 1031 quaestum
1465 991 1565 1021 facie-

850 1036 944 1074 bant,
958 1046 1091 1076 operam
1114 1035 1248 1073 dabaut,
1266 1040 1303 1064 ut
1327 1034 1410 1065 hanc
1438 1038 1565 1074 partem

843 1079 943 1118 juris,
960 1079 999 1109 de
1017 1079 1145 1119 praediis
1157 1078 1287 1118 publico
1297 1077 1459 1117 obligatis,
1476 1087 1566 1108 com-

852 1122 939 1152 modi
955 1123 1006 1152 sui
1022 1131 1132 1160 causa,
1150 1125 1300 1152 accurate
1317 1126 1568 1159 cognoscerent,

853 1172 891 1196 ut
906 1170 984 1196 sunt
1004 1165 1093 1206 apud
1118 1175 1176 1195 nos
1205 1168 1400 1195 mercatores
1427 1165 1565 1203 majores

844 1209 930 1247 juris
943 1208 1123 1246 cambialis,
1133 1208 1219 1247 quod
1231 1213 1361 1243 vocant,
1371 1207 1565 1247 plerumque

852 1262 916 1282 non
948 1253 1070 1290 minus,
1093 1261 1192 1290 quam
1217 1251 1309 1288 «lCti‚
1338 1251 1462 1291 periti:

851 1300 966 1336 pterea
987 1296 1056 1326 fieri
1074 1295 1195 1335 potuit,
1219 1300 1257 1324 ut
1273 1294 1449 1334 praediator
1463 1294 1564 1323 etiam

851 1339 1028 1377 diceretur,
1045 1339 1099 1378 qui
1113 1339 1199 1376 juris
1215 1337 1413 1378 praediatorii
1440 1338 1565 1377 peritus

851 1385 947 1413 esset.
981 1382 1096 1422 ltaque
1109 1381 1225 1413 Furius
1240 1388 1274 1411 et
1289 1380 1467 1411 Cascellius
1477 1380 1568 1417 Jcti,

853 1435 917 1456 non
942 1436 1036 1466 pares
1072 1424 1237 1462 Scaevolae,
1264 1424 1333 1460 sed,
1356 1424 1434 1463 quia
1465 1423 1565 1454 iidem

851 1468 1076 1509 praediatores,
1088 1468 1350 1508 proptereajuris
1364 1466 1564 1507 praediatorii

853 1512 1022 1552 peritiores
1052 1512 1122 1551 ipso
1148 1510 1300 1541 Scaevola.
1323 1509 1494 1546 «iudicent,
1510 1509 1565 1548 qui

850 1565 905 1585 me
920 1559 999 1585 sunt
1014 1555 1175 1587 doctiores
1186 1560 1220 1583 et
1236 1553 1408 1584 acutiores.
1432 1553 1473 1584 Et
1490 1552 1567 1590 vidi,

852 1598 1049 1636 Gesnerum,
1064 1597 1131 1628 Vir.
1149 1596 1200 1627 Ill.
1216 1596 1300 1628 hanc
1316 1596 1477 1627 rationem
1494 1606 1568 1636 pro·

854 1642 943 1672 bare.

895 1685 1142 1716 Prrediatorius.
1164 1683 1257 1714 Balb.
1273 1685 1326 1715 20.
1350 1692 1425 1713 cum
1441 1682 1482 1723 Ω.
1494 1681 1569 1713 Mu-

852 1729 922 1759 cius
944 1728 984 1758 de
1003 1729 1080 1766 jure
1091 1727 1297 1767 pra-(liatorio
1321 1725 1567 1756 consuleretur:

852 1771 885 1802 h.
901 1782 930 1802 e.
946 1771 985 1801 de
1008 1781 1059 1808 eo,
1071 1770 1158 1809 quod
1172 1770 1214 1800 ad
1229 1769 1353 1811 praedia
1367 1768 1498 1808 publico
1513 1769 1570 1799 ob-

852 1815 966 1855 ligata,
983 1819 1018 1844 et
1033 1824 1050 1843 e
1078 1814 1150 1853 lege
1168 1813 1376 1854 pra'dialoria
1399 1811 1570 1842 vendenda

851 1857 1049 1899 pertinebat.
1095 1856 1201 1887 Gloss.
1236 1855 1472 1896 prwdiatorius,
1504 1855 1569 1896 «agl

850 1900 967 1944 χωρίου.
1001 1901 1120 1939 huju·
1138 1900 1224 1938 juris
1249 1898 1399 1939 quaedam
1424 1902 1503 1929 sunt
1528 1897 1572 1928 ad

852 1945 929 1976 niv.
947 1954 976 1974 ν.
989 1945 1040 1974 20.
1064 1943 1129 1973 vid.
1146 1943 1282 1974 Salmas.
1310 1941 1396 1972 mod.
1414 1942 1511 1972 Usur.
1537 1949 1567 1971 c.

857 1989 905 2018 16.
938 1987 1141 2027 Interpretes
1160 1986 1200 2016 ad
1230 1987 1368 2016 Sueton.
1396 1984 1512 2015 Claud.
1533 1987 1566 2018 9.

1493 1261 1566 1290 pro·

836 2031 908 2061 'ubi
937 2030 1147 2060 Burmannus
1173 2032 1348 2065 memorat,
1369 2027 1574 2058 dissertatio—

855 2084 930 2104 nem
948 2074 987 2103 de
1005 2073 1151 2110 bocjure
1167 2072 1332 2112 scripsisse
1349 2069 1514 2101 Graevium
1531 2071 1570 2100 fi-

853 2117 949 2153 lium,
966 2126 1039 2156 quae
1055 2117 1156 2146 etiam
1169 2115 1235 2152 hic,
1247 2115 1378 2155 Lipsiae,
1391 2124 1506 2144 recusa
1517 2117 1569 2144 est

854 2171 884 2190 a.
915 2163 1006 2194 174&-
1030 2159 1093 2189 Sed
1119 2166 1239 2199 praeter
1261 2157 1463 2188 Salmasiaua
1486 2156 1570 2187 nihil

855 2204 928 2234 novi
946 2203 1054 2233 habet.
1100 2202 1197 2232 Plura
1213 2206 1246 2231 et
1271 2200 1408 2232 meliora
1429 2201 1486 2231 dat
1506 2200 1569 2231 Ba-

854 2247 947 2278 ebius
961 2246 998 2276 V.
1014 2246 1050 2276 C.
1063 2245 1096 2275 in
1109 2246 1200 2285 Disp.
1215 2244 1361 2283 ejusdem
1370 2243 1569 2283 argumenti.

854 2290 942 2321 Loca
966 2289 1006 2320 ad
1025 2289 1081 2327 jus
1098 2289 1341 2328 pra'diatm·i1mv
1369 2286 1572 2327 pertinentia

853 2337 933 2363 sunt
948 2332 1035 2373 apud
1062 2332 1254 2362 Ciceronem
1272 2330 1399 2361 Verrin.
1414 2330 1435 2361 i.
1452 2333 1503 2361 5⁴.
1527 2329 1570 2360 ad

855 2376 929 2408 Div.
947 2386 977 2406 v.
993 2377 1045 2406 ⁶20.

898 2419 1132 2455 Proedieabilis,
1148 2417 1333 2448 laudabilis.
1354 2416 1454 2447 Tusc.
1470 2425 1500 2446 v.
1520 2417 1570 2449 17.

849 2462 1054 2503 pra’difflbile
1070 2461 1152 2491 nibil
1167 2466 1216 2490 est
1233 2461 1265 2490 in
1282 2461 1349 2490 vita
1364 2460 1493 2490 misera.

901 2505 1108 2541 predii-acio,
1132 2503 1344 2544 pru-eonium.
1377 2502 1454 2542 Agr.
1471 2502 1504 2532 ii.
1525 2504 1573 2533 la.

855 2549 915 2588 ipsi
931 2548 1073 2588 praeeoni
1086 2548 1344 2587 proedicationem
1356 2546 1506 2576 acerbam
1521 2544 1571 2575 su-

856 2596 976 2621 turam.
1000 2591 1018 2610 ’ἱ
1033 2591 1184 2629 jactatio.
1210 2590 1282 2620 Act.
1308 2590 1329 2620 i.
1352 2589 1443 2620 Verr.
1465 2592 1491 2620 1.
1513 2598 1574 2619 sua

856 2644 912 2674 spe
927 2644 963 2664 ac
974 2634 1212 2674 proerliculione.

901 2677 1080 2714 Proeditus,
1108 2677 1139 2706 in
1163 2680 1288 2716 partem
1305 2675 1512 2706 deteriorem.
1539 2674 1573 2705 in

858 2720 968 2751 Caecil.
985 2722 1015 2750 ⁸2.
1035 2719 1193 2760 proeditus
1207 2718 1340 2750 scelere.
1362 2718 1461 2749 Tusc.
1475 2728 1505 2748 v.
1524 2720 1573 2748 1-1.

857 2773 923 2793 non
949 2767 986 2793 ut
1004 2773 1101 2803 parvo
1119 2767 1209 2793 metu
1223 2762 1378 2802 proediens
1391 2763 1446 2798 sit,
1463 2761 1520 2791 sed
1535 2764 1574 2792 ut

858 2806 961 2836 nullo.
985 2807 1036 2837 Sic
1060 2806 1296 2847 spep›·..-·dicroe,
1319 2810 1369 2836 uit
1393 2805 1465 2835 Act.
1490 2804 1512 2834 i.
1538 2803 1573 2839 in

860 2849 952 2880 verr.
969 2853 999 2880 3.
