1815 3209
192 163 242 198 10
414 152 741 196 PRAEFATIO
774 152 1094 196 EDITIONIS
1127 152 1449 196 SECUNDAE.

188 283 298 320 rum,
322 277 366 309 et
397 267 703 324 qualiscunque
731 267 939 308 doctrinae
970 276 1142 318 nostrae,
1174 267 1386 323 praesidia,
1410 265 1555 307 tollere
1585 275 1677 309 ten-

189 336 399 367 taremus:
434 340 510 365 nec
541 325 594 364 ab
617 339 667 365 eo
688 325 867 365 consilio
887 339 1000 365 nunc
1031 324 1155 365 alieni
1187 338 1346 365 sumus.
1406 323 1487 364 Sed
1520 323 1602 364 alia
1621 339 1676 366 ex

189 384 282 424 aliis
304 383 634 438 occupationum
668 382 974 436 impedimenta
994 396 1072 421 nos
1095 381 1146 422 ad
1168 380 1279 421 hanc
1300 381 1412 421 diem
1442 381 1496 420 ab
1519 379 1590 420 illo
1614 381 1678 422 in-

189 441 342 481 stituto
365 439 644 488 retardarunt,
667 447 709 478 ct
731 448 778 478 ut
807 453 920 479 nunc
942 446 1020 487 est,
1043 451 1173 492 parva
1202 451 1296 492 spcs
1318 437 1557 478 ostenditur
1588 452 1677 478 ma-

182 497 292 552 joris
335 496 427 545 otii,
469 510 597 550 quam
639 495 763 535 nobis
807 494 1095 550 superioribus
1136 495 1257 534 annis
1299 494 1499 549 contigit.
1563 493 1678 535 Raro

190 555 326 595 otium
351 553 467 594 venit
498 553 550 592 ad
582 552 674 602 hos,
696 551 770 605 qui
800 565 850 591 eo
880 551 931 591 ad
965 550 1193 591 utilitatem
1216 565 1486 591 communem
1518 551 1581 590 uti
1612 551 1679 592 vel

189 611 370 668 possint,
390 609 455 649 vel
485 609 629 649 velint.
692 607 769 648 Est
798 608 930 663 igitur
960 607 1003 648 in
1037 622 1164 647 manu
1199 606 1281 648 Dei
1313 615 1489 648 eventus
1509 607 1677 648 consilii

188 667 339 717 nostri,
381 680 460 707 nec
497 666 727 721 quicquam
766 665 984 715 audemus,
1020 678 1278 719 quamquam
1317 664 1553 719 cupientes,
1595 663 1678 705 hoc

191 733 383 780 tempore
425 723 687 777 promittere.
747 720 955 761 Voluntas
997 721 1184 775 quidem,
1217 734 1260 761 et
1300 720 1380 761 hae
1419 721 1598 771 ratione,
1634 730 1678 762 et

189 794 444 836 quacunque
476 779 571 829 alia,
603 778 759 819 divinis
797 778 1078 832 humanisque
1115 777 1248 818 literis
1281 791 1454 833 operam
1492 778 1676 819 navandi

189 839 390 893 aliquam,
421 851 504 876 non
540 835 733 876 inutilem
765 835 980 886 studiosis,
1011 835 1141 875 etiam
1172 849 1270 876 cum
1298 833 1494 874 molestia
1517 843 1677 886 nostra,

187 908 408 950 nunquam
441 892 566 934 nobis
594 893 742 933 deerit.
803 892 919 938 Quid
947 891 1059 932 enim
1085 891 1234 932 melius
1267 890 1406 932 facere
1437 904 1677 946 possumus,

188 962 318 1008 atque
344 952 474 992 etiam
500 950 750 1005 jucundiuS,
781 964 910 1004 quam
942 948 1176 989 faciliorem
1204 958 1248 989 et
1277 947 1551 988 munitiorem
1582 947 1677 988 red-

187 1010 287 1050 dere
312 1008 547 1064 juventuti,
569 1006 805 1062 praesertim
828 1005 1035 1062 cupienti,
1058 1006 1221 1046 aditum
1251 1006 1302 1046 ad
1326 1005 1567 1045 divinarum
1597 1004 1677 1045 hu-

186 1078 494 1118 manarumque
524 1063 741 1105 literarum
771 1063 1113 1118 intelligentiam,
1136 1063 1217 1103 hoc
1238 1071 1316 1113 est,
1338 1062 1390 1102 ad
1421 1061 1676 1118 sapientiam

187 1124 378 1164 divinam
410 1130 452 1162 et
490 1120 748 1162 humanam?
778 1135 856 1176 pro
895 1135 979 1174 qua
1013 1119 1141 1160 etiam
1176 1128 1277 1160 vota
1308 1119 1504 1169 facimus,
1541 1128 1590 1158 ut
1631 1119 1676 1160 in

188 1181 278 1221 dies
314 1178 484 1234 longius
516 1193 565 1219 ac
602 1178 727 1218 latius
766 1186 1042 1233 propagetur,
1070 1185 1114 1217 et
1147 1176 1382 1216 uberrimos
1418 1175 1590 1231 pietatis
1630 1176 1676 1218 in

190 1237 348 1288 Deum,
386 1235 640 1290 virtutisque
689 1235 843 1284 omnis,
885 1232 1056 1289 publice
1098 1233 1383 1289 privatimque
1422 1231 1676 1288 profuturae,

187 1294 351 1336 fructus
374 1293 485 1335 edat.
517 1292 607 1334 Ser.
631 1292 802 1351 Lipsiae,
824 1291 972 1332 Idibus
996 1290 1184 1342 Martiis,
1203 1305 1241 1332 a.
1257 1289 1308 1332 C.
1327 1303 1402 1331 cm
1427 1303 1536 1331 mcc
1556 1302 1675 1331 LV114
