1790 3219
151 63 244 103 Am

152 166 195 192 et
206 162 335 192 torulus
345 166 397 192 est
406 160 587 192 funiculus.
604 161 668 192 vid.
680 162 761 193 Lex.
771 162 900 193 Rustic.

160 206 300 236 Gesneri
325 205 359 235 in
386 209 487 236 torus.
525 205 567 236 cf.
591 205 731 236 Casaub.
756 206 798 237 ad
821 207 903 236 Sue·

156 253 233 279 ton.
250 249 330 280 Ner.
346 251 399 279 ⁶25.
427 249 548 289 Cuper.
566 250 607 280 ad
631 249 808 290 Apotheos.
833 250 902 280 Ho-

160 301 244 323 mer.
262 302 338 332 pag.
358 296 429 327 139.
457 293 552 324 Viros
569 293 656 324 doct.
675 294 715 324 ad
731 294 902 324 Ammian.

161 336 249 367 xxix.
267 339 299 370 7.

209 380 318 411 Totus.
335 384 445 410 totum
463 390 522 420 pro
534 390 568 411 re
586 390 729 418 summa,
742 391 767 410 s.
780 390 839 421 pro
851 390 903 417 co,

159 423 249 462 quod
272 428 324 454 est
347 427 450 463 caput
473 430 508 454 et
530 434 663 454 summa
687 425 744 454 rei.
775 424 846 454 Att.
871 432 901 454 v.

159 469 214 499 20.
238 473 288 497 est
313 471 430 504 totum,
456 468 535 506 quid
559 467 633 497 Kal.
657 467 787 498 Martiis
811 467 903 497 sutu-

160 520 236 542 rum
254 511 308 541 sit.
325 511 367 541 ad
378 511 443 551 Qu.
456 511 506 541 Fr.
520 512 564 541 iii.
578 515 604 541 1.
619 521 647 540 c.
665 514 690 541 l.
707 512 852 541 totumin
865 520 903 540 eo

152 559 226 592 est,
243 557 282 584 ut
296 555 355 585 διο.
381 554 400 572 ²*
413 555 454 585 ad
469 556 545 586 Div.
563 565 613 584 xv.
631 557 661 585 4.
690 559 750 584 toto
778 555 831 591 iis,
847 555 904 593 qui

161 599 277 628 novari
304 598 428 637 aliquid
456 597 621 627 volebant.
653 598 709 627 ubi
737 597 803 627 vid.
830 597 904 628 Ma-

152 641 288 672 nutius.
318 652 393 671 cum
422 642 568 681 genitivo
595 641 681 671 dixit
707 641 778 671 Liv.
806 651 904 671 xxxV.

159 688 192 717 3.
224 685 409 715 multitudo
432 689 498 714 tota
520 684 675 714 Antiochi
693 689 775 714 erat.
806 685 903 715 *Att-

159 729 230 760 xiii.
253 731 304 759 ²20.
335 730 559 767 qun-quamne
585 737 638 757 me
662 734 762 769 putas
786 738 903 759 curare

161 772 197 803 in
213 777 287 809 toto,
305 772 366 801 nisi
384 775 423 801 ut
437 772 466 802 ei
485 781 526 801 ne
543 771 661 802 desim.
692 775 807 812 putem
831 782 902 802 esse

154 816 197 847 ⁴in
211 818 416 845 universum.

207 859 368 890 Trabacis.
398 859 490 889 Verr.
508 869 537 889 V.
554 860 606 890 21.
631 864 671 889 ut
687 859 902 898 beneficium,

162 903 444 942 quemadmodum
479 903 616 939 dicitur,
648 904 771 933 trabali
810 903 903 934 clavo

162 947 300 986 figeret:
326 946 358 976 h.
375 956 403 976 e.
422 946 648 976 firmissimum
667 948 824 977 efficeret.

208 989 415 1027 Traccahilis,
428 990 483 1029 qui
501 991 593 1030 tangi
612 994 732 1030 potest.
750 991 902 1022 Univers.

155 1035 193 1064 ⁴.
222 1043 419 1073 corporeum
451 1039 485 1063 et
515 1034 729 1073 aspectabile,
754 1034 902 1073 itemque

161 1078 335 1108 tractabile
357 1087 457 1107 omne
480 1087 614 1108 necesse
637 1083 688 1108 est
712 1088 797 1115 esse,
815 1078 903 1118 quod

153 1124 280 1152 rnatum
299 1126 361 1151 est.

207 1165 382 1202 Tractare,
399 1165 530 1205 proprie
554 1168 605 1195 est
621 1165 816 1204 contingere
832 1175 902 1196 ma-

162 1209 276 1246 nibus,
293 1208 327 1238 in
352 1209 505 1239 manibus
529 1209 662 1246 hahere,
679 1214 716 1239 ut
738 1209 854 1239 Parad.
873 1220 902 1238 v.

155 1254 194 1285 9.
212 1252 441 1282 matellionem
461 1253 672 1283 Corinthium
691 1253 902 1292 cupidissime

159 1299 322 1327 tractans.
351 1296 452 1326 Tusc.
475 1307 506 1326 v.
530 1299 581 1326 38.
617 1306 668 1332 ea,
693 1306 767 1335 quae
791 1302 904 1335 guste-

161 1349 252 1377 mus,
275 1339 484 1376 olfaciamus,
501 1343 691 1375 tractemus,
715 1339 902 1370 audiamus.

160 1383 438 1420 *administrare‚
468 1393 581 1413 curam
608 1383 748 1420 alicujus
773 1384 819 1413 rei
849 1394 904 1414 su-

154 1427 297 1458 stinere.
330 1426 371 1456 ad
400 1427 476 1457 Div.
494 1428 631 1461 xiii.77.
667 1426 903 1458 bibliothecam

162 1479 274 1501 meam
297 1472 464 1502 tractavit.
496 1471 530 1500 in
555 1470 667 1501 Caecil.
695 1474 741 1501 10.
767 1471 859 1501 Verr.
874 1482 903 1502 v.

157 1516 216 1546 24.
262 1518 409 1544 tractare
439 1514 617 1555 pecuniam
648 1514 830 1554 publicam,
863 1515 903 1545 de

156 1561 340 1597 quaestore.
371 1558 619 1588 *consideras-e.
651 1557 753 1588 Tusc.
780 1558 822 1588 iv.
851 1561 902 1589 ⁶24.

161 1605 272 1632 tracta
297 1601 528 1632 definitionem
560 1601 781 1632 fortitudinis.
819 1601 904 1641 *ge-

163 1653 236 1675 rere
254 1655 300 1675 se.
329 1645 430 1676 Catil.
448 1646 494 1675 iii.
517 1648 565 1676 19.
592 1646 639 1675 ita
653 1655 707 1675 me
724 1646 758 1675 in
776 1646 903 1686 republ.

162 1689 318 1719 tractabo.
347 1689 387 1719 cf.
407 1689 447 1719 ad
462 1690 538 1720 niv.
556 1689 624 1719 xiii.
646 1691 693 1720 12.
725 1689 903 1719 *commo-

156 1740 252 1769 -vere,
289 1732 462 1772 impellere
508 1733 671 1763 animum.
717 1732 813 1763 Brut.
852 1736 904 1764 50.

156 1781 297 1806 mentes
321 1777 427 1806 verbis
451 1782 484 1806 et
507 1777 683 1807 sententiis
714 1782 749 1807 et
772 1777 904 1808 actione

163 1822 365 1850 tractantur.
403 1821 498 1851 Orat.
531 1823 583 1852 28.
621 1820 823 1859 eloquentiae
854 1828 905 1851 est

161 1867 311 1893 tractare
326 1864 468 1901 animos,
485 1869 520 1894 et
543 1865 634 1894 omni
660 1864 757 1895 modo
774 1875 904 1905 permo-

160 1915 251 1937 vere.
290 1907 370 1937 *est
406 1909 507 1938 etiam
547 1908 683 1937 verbum
723 1909 905 1939 scenicum.

164 1959 244 1980 nam
262 1954 389 1981 actores
406 1952 565 1981 dicuntur
577 1961 734 1991 personas
746 1957 904 1983 tractare.

164 1993 264 2024 Rosc.
289 1995 384 2025 Com.
397 1998 428 2029 7.
444 1996 538 2034 cujus
555 2005 729 2034 personam
748 1996 904 2036 praeclare

157 2036 303 2068 Roscius
335 2039 370 2069 in
407 2048 508 2069 scena
541 2043 688 2069 tractare
722 2041 905 2071 consuevit.

162 2079 335 2112 *tractari
358 2082 392 2112 in
418 2093 452 2112 re
475 2082 586 2122 aliqua
602 2082 775 2120 dicuntur,
792 2084 848 2123 qui
871 2084 906 2114 in

160 2133 205 2155 aa
219 2134 306 2166 saepe
322 2126 536 2166 multumque
551 2132 738 2157 versantur.
762 2127 862 2157 Arcb.
875 2130 906 2159 2.

158 2171 200 2198 >et
225 2168 261 2198 in
290 2169 454 2208 ejusmodi
484 2179 638 2210 persona,
665 2180 739 2209 quae
771 2177 908 2212 propter

156 2212 273 2242 otium
299 2223 338 2243 ac
361 2213 526 2252 studium,
549 2213 687 2244 mininie
714 2215 748 2244 in
768 2215 906 2253 judiciis

162 2256 387 2296 periculisque
417 2262 564 2289 tractata
589 2262 646 2289 est.
691 2258 906 2289 Burmannus

164 2299 207 2328 ad
236 2300 332 2331 Ovid.
360 2301 455 2332 Rem.
488 2300 526 2332 A.
557 2305 631 2333 381.
669 2302 756 2332 male
787 2303 907 2342 probat

164 2341 342 2374 Passeratii
365 2345 694 2386 interpretationem,
718 2356 735 2376 e
759 2345 907 2377 formula

164 2384 235 2423 illa,
252 2397 329 2417 cum
345 2392 452 2429 poetae
470 2399 646 2430 personam
664 2389 811 2428 aliquam
836 2395 907 2420 tra-

159 2433 255 2460 etare
277 2430 448 2464 dicuntur.
495 2434 581 2464 Nam
602 2433 664 2463 hoc
681 2437 731 2464 est
748 2433 906 2464 inducere

158 2477 335 2512 agentem,
353 2476 560 2516 loquentem,
583 2477 672 2516 quod
693 2476 726 2508 h.
751 2476 814 2508 loc.
838 2487 906 2508 non

160 2519 333 2548 convenit.

211 2559 388 2594 Tractatio.
421 2564 515 2594 Orat.
533 2566 585 2596 35.
617 2566 771 2596 tractatio
793 2575 905 2595 rerum

157 2603 268 2634 afficit
291 2606 569 2638 admirabiliorem
596 2609 796 2639 orationem.
826 2619 905 2639 nam

159 2645 246 2687 ffipsae
277 2650 410 2687 quidem
451 2661 502 2682 res
540 2652 575 2682 in
612 2652 763 2692 perfacili
791 2653 907 2693 cogni-

161 2690 258 2720 tione
288 2699 474 2725 versantur.
515 2705 635 2736 nempe
668 2697 825 2727 tractatio
856 2704 906 2727 est

158 2734 286 2764 modus
308 2742 342 2766 et
366 2738 461 2774 ratio,
480 2749 545 2778 qua
568 2749 618 2769 res
642 2740 682 2770 ab
703 2745 834 2771 oratore
858 2740 907 2770 di-

155 2784 292 2809 -euntur
319 2782 355 2810 et
384 2785 556 2813 ornantur.
587 2783 644 2814 Or.
675 2783 721 2814 iii.
751 2785 804 2815 23.
835 2788 906 2815 tra-

156 2822 433 2897 ιίατέἷὸἔτεωω)
466 2836 507 2857 ex
544 2836 579 2858 se
618 2826 728 2869 gignit
766 2828 905 2869 aliquid,

152 2873 229 2904 Aquo
296 2877 331 2901 c.

693 71 846 101 JNDEx
875 67 1173 101 LAT1N1TAT13.

994 161 1182 199 Τοάοίαεαε,
1205 162 1256 192 us.
1294 162 1352 193 Or.
1376 162 1424 194 iii.
1447 164 1501 194 23.
1537 164 1686 193 tractatu

946 206 1093 246 ipsarum
1111 207 1234 236 artimn
1253 205 1424 236 delectari.
1441 213 1492 237 est
1507 205 1548 236 de
1563 207 1616 244 iis,
1629 206 1684 246 qui

946 250 1028 280 nihil
1054 250 1144 280 aliud
1168 254 1288 289 agunt,
1305 249 1344 279 de
1368 249 1608 290 professoribus
1630 259 1686 280 ea-

946 302 1032 324 ῙῚΙΠΙ.

991 337 1180 367 Tractatus.
1210 336 1275 376 adj.
1299 341 1459 367 versatus.
1487 347 1518 367 v.
1540 339 1689 368 tractare

946 385 1031 410 extr.
1060 380 1330 411 *considerando
1351 384 1385 410 et
1399 380 1556 411 discendo
1573 381 1689 420 cogni-

946 429 1012 453 tus.
1041 425 1098 454 Or.
1117 427 1169 455 33.
1200 430 1312 455 orator
1335 424 1456 454 habeat
1473 433 1590 454 omnes
1614 424 1688 464 phi-

947 466 1104 506 losophiae
1136 473 1231 498 notos
1262 474 1296 498 et
1327 473 1483 499 tractatos
1511 467 1613 498 locos.
1644 467 1689 499 cf.

947 510 1003 539 Or.
1021 510 1066 540 iii.
1088 513 1137 541 14.
1167 512 1303 549 *ac-tus,
1321 517 1447 552 gestus.
1478 510 1629 541 Herenn.
1645 511 1689 542 iv.

947 555 1000 584 24.
1020 553 1089 584 vita
1105 553 1242 584 honeste
1259 560 1417 586 tractata.
1442 555 1689 594 *compositus,

946 597 1066 627 factus.
1097 597 1154 627 Or.
1171 598 1225 631 67.
1255 599 1387 629 incisim
1415 604 1450 629 et
1474 599 1690 628 membratim

947 645 1093 671 tractata
1123 642 1246 671 oratio.
1285 642 1348 672 nisi
1379 642 1591 673 scribendum
1621 645 1691 673 tra-

947 689 1012 714 cta.

992 728 1144 766 Tractus,
1160 728 1210 758 tis.
1240 729 1297 759 Or.
1314 729 1348 759 ii.
1368 732 1417 760 13.
1441 733 1552 760 tractu
1566 729 1690 759 oratio·

946 772 997 802 nis
1027 772 1090 802 levi
1121 776 1156 802 et
1189 772 1344 811 aequabili
1381 773 1559 812 perpolivit
1592 782 1688 812 opuS.

946 815 1044 846 aliter
1066 820 1115 846 est
1138 821 1264 847 tractus
1288 817 1462 846 verborum
1493 816 1551 847 Or.
1575 816 1610 846 ii.
1633 819 1688 847 50.

946 859 986 889 de
1011 860 1288 900 pronunciatione
1311 860 1417 890 tarda.
1449 860 1555 890 *Dim
1579 859 1614 890 ii.
1632 860 1687 890 46.

946 903 1020 943 plus
1050 910 1216 934 terrarum
1248 904 1344 941 situs,
1370 913 1471 943 quam
1500 904 1588 934 lunae
1618 907 1690 933 tra-

944 951 1027 984 ctus,
1045 947 1086 977 ad
1102 947 1307 977 nascendum
1329 948 1450 977 valere.
1495 946 1601 977 Lunae
1617 951 1690 977 tra-

945 995 1036 1021 ctum
1060 997 1150 1020 recte
1174 991 1223 1020 vir
1245 991 1361 1021 doctus
1385 991 1418 1021 in
1443 990 1522 1021 Obs.
1549 991 1645 1022 Misc.
1668 1000 1689 1021 a

946 1034 1016 1064 cel.
1036 1034 1196 1064 Dorvillio
1221 1036 1359 1072 curatis,
1376 1034 1451 1065 Vol.
1474 1035 1521 1065 iii.
1537 1044 1614 1075 pag.
1637 1036 1686 1068 17.

946 1079 1187 1118 interpretatur
1215 1088 1365 1116 cursum,
1390 1082 1534 1115 motum,
1552 1083 1588 1108 et
1615 1087 1690 1108 om-

946 1131 1024 1151 nem
1055 1121 1174 1151 faciem
1207 1121 1296 1152 lunae
1328 1131 1405 1152 cum
1444 1122 1565 1162 spatio,
1596 1121 1686 1161 quod

945 1166 1123 1206 percurrit.
1168 1165 1221 1195 Sic
1245 1166 1392 1196 siderum
1417 1169 1543 1196 tractus
1565 1170 1617 1195 est
1633 1175 1687 1206 ap.

946 1209 1064 1239 Manil.
1082 1210 1102 1239 i.
1120 1211 1193 1240 532.
1214 1209 1261 1239 iii.
1279 1210 1353 1240 360.
1385 1209 1473 1248 quod
1496 1209 1537 1239 de
1560 1213 1636 1239 ortu
1652 1213 1689 1239 et

946 1254 1175 1293 progressione
1205 1263 1322 1283 eorum
1361 1252 1523 1292 intelligit
1553 1252 1690 1283 Curtius

946 1297 988 1326 ad
1011 1296 1145 1327 Sallust.
1169 1297 1248 1336 Jug.
1273 1307 1305 1337 p.
1330 1297 1405 1327 634.
1434 1297 1564 1337 Nempe
1588 1297 1615 1326 si
1638 1298 1688 1327 ita

946 1340 1063 1370 Cicero
1087 1341 1231 1381 scripsit,
1255 1341 1303 1371 ita
1325 1340 1539 1380 capiendum.
1570 1339 1628 1370 sed
1651 1340 1687 1370 in

945 1388 1051 1414 tactus
1077 1384 1300 1421 ostendimus,
1323 1384 1495 1414 meliorem
1521 1384 1617 1414 nobis
1638 1384 1689 1414 vi·

946 1428 1014 1458 deri
1031 1428 1223 1466 lectionem,
1240 1432 1349 1458 taetus
1362 1428 1463 1458 lunae.
1488 1428 1545 1458 ubi
1559 1427 1626 1458 vid.

990 1470 1146 1508 Tractus,
1173 1472 1238 1511 adj.
1267 1472 1434 1511 inceptus,
1462 1472 1598 1502 initium
1629 1470 1690 1502 ha-

945 1515 1038 1545 bens.
1075 1516 1171 1546 Brut.
1199 1516 1230 1546 6.
1261 1516 1301 1545 ab
1340 1517 1404 1546 isto
1434 1516 1531 1545 initio
1562 1519 1690 1546 tractus

945 1568 1066 1589 sermo.
1104 1559 1183 1590 Nat.
1207 1560 1249 1590 D.
1277 1560 1311 1589 ii.
1341 1562 1393 1590 55.
1423 1568 1516 1589 venae
1545 1568 1564 1589 a
1591 1559 1690 1589 corde

946 1607 1060 1633 tractoe
1075 1606 1110 1632 et
1124 1602 1295 1642 profectae,
1312 1603 1347 1632 in
1362 1612 1462 1633 omne
1486 1612 1605 1643 corpus
1628 1603 1691 1633 du-

946 1650 1081 1676 cuntur.
1118 1646 1234 1686 *saepe
1261 1646 1396 1676 dilatus.
1429 1646 1548 1676 Milon.
1571 1650 1602 1681 9.
1634 1656 1690 1677 co-

946 1691 1047 1720 mitia
1076 1694 1196 1721 tracta.
1239 1689 1367 1728 *lenis‚
1399 1690 1471 1720 sine
1500 1691 1690 1730 asperitate.

948 1735 1004 1764 Or.
1022 1734 1056 1764 ii.
1078 1737 1127 1765 15.
1151 1738 1297 1764 tractum
1314 1743 1420 1773 genus
1435 1734 1608 1764 orationis.
1631 1735 1691 1766 Or.

946 1780 1000 1808 20.
1015 1778 1048 1807 in
1065 1777 1205 1808 historia
1221 1782 1330 1808 tracta
1342 1777 1508 1816 quaedam,
1521 1782 1556 1808 et
1567 1778 1689 1816 fluens,

945 1822 1127 1861 expetitur,
1153 1831 1221 1852 non
1247 1822 1319 1852 haee
1363 1827 1519 1852 contorta
1543 1827 1579 1853 et
1603 1823 1689 1853 acris

946 1866 1064 1896 oratio.

993 1909 1151 1947 Tradere,
1175 1909 1422 1940 commendare.
1453 1908 1548 1940 Verr.
1571 1909 1619 1940 iii.
1638 1911 1690 1941 12.

948 1962 1014 1982 non
1039 1963 1059 1983 a
1082 1960 1176 1993 patre
1200 1954 1231 1984 ei
1255 1954 1381 1984 traditi.
1414 1953 1455 1983 ad
1478 1954 1555 1984 Div.
1578 1954 1634 1984 vii.
1658 1956 1690 1985 5.

946 2001 1059 2027 totum
1076 1997 1248 2027 hominem
1263 1997 1325 2027 tibi
1344 1997 1440 2027 trado
1455 1997 1494 2027 de
1518 2006 1621 2027 manu
1651 1997 1688 2027 in

947 2050 1101 2078 manum,
1127 2046 1167 2071 ut
1196 2042 1303 2072 aiunt.
1343 2040 1506 2071 *tradere
1529 2050 1564 2071 se
1588 2040 1690 2071 alicui

947 2085 1049 2114 etiam
1067 2085 1240 2123 dicuntur,
1256 2085 1312 2124 qui
1328 2085 1368 2115 ab
1385 2095 1424 2114 eo
1439 2085 1474 2114 in
1490 2088 1560 2115 arte
1577 2084 1691 2123 aliqua.

948 2128 1072 2158 erudiri
1097 2128 1225 2160 volunt.
1258 2128 1342 2158 Phil.
1361 2128 1397 2158 ii.
1415 2130 1446 2159 2.
1474 2130 1509 2158 te
1532 2129 1567 2158 in
1591 2127 1692 2158 disci-

948 2171 1075 2212 plinam
1113 2183 1222 2202 meam
1261 2172 1459 2203 tradideras.
1506 2171 1602 2202 Brut.
1634 2174 1688 2206 29.

949 2225 1026 2246 cum
1052 2216 1145 2246 Philo
1170 2216 1311 2247 Romam
1339 2217 1497 2253 venisset,
1518 2221 1631 2246 totum
1657 2215 1690 2247 ei

949 2269 1002 2290 me
1019 2261 1155 2298 tradidi,
1168 2259 1355 2290 admirabili
1369 2259 1512 2299 quodam
1525 2260 1567 2290 ad
1582 2259 1691 2300 philo-

948 2303 1098 2343 sophiam
1130 2303 1242 2334 studio
1271 2304 1471 2334 concitatus.
1502 2303 1572 2335 inv.
1603 2304 1626 2334 i.
1656 2305 1691 2335 3.

949 2348 1118 2378 traderent
1134 2357 1168 2378 se
1193 2348 1227 2377 in
1245 2347 1396 2378 studium
1411 2347 1574 2386 quietum.
1604 2346 1625 2366 ²*
1637 2351 1691 2378 est

948 2392 1050 2421 etiam
1067 2391 1204 2422 verbum
1215 2392 1302 2430 juris
1318 2391 1354 2421 in
1373 2390 1690 2428 abalienationibus,

948 2438 987 2464 ut
1003 2435 1137 2465 traditio
1150 2434 1179 2465 T
1181 2445 1236 2475 op.
1251 2438 1282 2466 5.
1297 2439 1381 2465 extr.
1412 2433 1501 2464 Hine
1516 2434 1691 2474 eleganter

948 2478 990 2508 ad
1015 2479 1109 2518 Quir.
1136 2489 1168 2519 p.
1194 2479 1235 2509 R.
1262 2481 1292 2510 5.
1323 2488 1399 2509 cum
1427 2478 1494 2508 duo
1521 2477 1689 2516 consules,

948 2523 1032 2552 emti
1063 2523 1218 2563 pactione
1248 2523 1497 2562 provinciarum
1534 2525 1689 2554 auctores

949 2575 983 2595 se
1001 2567 1146 2597 inimicis
1161 2567 1242 2606 reip.
1260 2566 1478 2596 tradidissent.

976 2609 1292 2649 Traditio,verbumj
1297 2609 1424 2647 uris,de
1431 2609 1690 2649 abalienatione,

949 2663 1061 2684 rerum
1094 2654 1253 2694 mancipi,
1285 2662 1360 2692 quae
1388 2653 1427 2683 fit
1459 2663 1520 2693 per
1549 2663 1690 2684 nexum.

948 2697 1032 2737 Top.
1057 2700 1088 2728 5.
1117 2702 1200 2728 extr.
1231 2697 1431 2727 abalienatio
1456 2701 1508 2727 est
1532 2697 1603 2737 ejus
1626 2697 1689 2735 rei,

950 2751 1024 2780 quae
1055 2742 1202 2781 mancipi
1239 2744 1303 2777 est,
1335 2747 1396 2771 aut
1429 2741 1564 2772 traditio
1592 2740 1690 2771 alteri

949 2794 1052 2820 nexu,
1069 2790 1129 2815 aut
1143 2785 1177 2815 in
1186 2785 1265 2824 jure
1282 2786 1398 2815 cessio.

995 2828 1190 2859 Tradat-ere.
1220 2827 1317 2858 Brut.
1335 2831 1387 2860 53.
1417 2828 1589 2859 traducere
1604 2837 1624 2858 a
1638 2836 1692 2857 se-

948 2872 1091 2904 veritate
1107 2872 1143 2904 in
1158 2871 1378 2906 hilaritatem.
1404 2871 1499 2905 Verr.
1514 2871 1549 2904 ii.
1562 2874 1617 2906 78.
1645 2871 1690 2902 ab
