1800 3131
108 99 191 138 298

147 195 375 235 Experientia.
400 194 481 224 Rab.
507 192 595 223 Post.
612 204 641 224 c.
674 194 722 224 16.
747 203 841 233 empe-

103 241 224 271 rientz'a
255 238 449 279 patrimonii
488 237 839 277 amplificandi—quae

104 288 156 314 est
170 285 206 313 in
222 292 274 319 eo,
290 292 366 311 cum
381 282 453 320 quis
469 281 654 321 periculum
671 281 765 319 facit,
782 291 841 311 au-

105 327 223 367 gendae
240 327 286 356 rei
301 325 485 355 familiaris.

149 371 321 409 Experiri,
345 378 432 409 saepe
449 368 573 399 dicitur
599 369 633 398 in
652 373 842 399 controver-

106 415 163 446 siis
189 414 271 453 juris
289 413 485 442 forensibus.
508 413 604 443 Rosc.
622 412 716 442 Com.
732 417 763 446 9.
788 422 842 441 ex-

100 459 207 499 periri
216 457 356 496 judicio.
379 457 495 496 Quint.
518 459 564 486 11.
597 457 738 495 caperit-i
753 465 844 484 sum-

107 512 163 532 mo
183 502 270 540 jure.
293 500 372 530 ibid.
406 501 454 530 16.
477 500 667 539 experiundi
698 502 844 538 potestas

110 555 178 576 non
195 550 256 574 est.
282 544 368 574 Caec.
395 545 443 573 12.
469 542 753 584 caper-imulijuris
770 551 843 580 gra-

109 590 169 620 tia.
185 588 227 618 cf.
245 598 272 618 c.
286 592 317 621 7.
345 587 424 617 Coel.
439 590 468 617 8.
493 587 635 627 aperiri
649 587 688 615 de
700 585 842 623 injuriis.

152 632 318 672 Expeeere
332 641 391 671 pro
409 635 534 669 petere,
559 629 599 659 de
624 630 698 658 nisu
729 628 843 658 adver-

110 686 166 707 sus
184 675 319 715 aliquid.
343 675 422 704 Nat.
440 674 484 703 D.
500 673 534 702 ii.
551 675 604 703 45.
630 672 778 702 inedium
796 671 844 701 lo-

110 731 189 750 cum
205 725 305 750 terrae
321 722 480 756 carpemus,
499 717 609 746 nitens
635 725 748 746 versus
775 725 843 745 me-

111 764 218 795 dium.
264 763 378 793 Deiot.
402 763 451 790 ll.
478 760 582 789 vitam
611 763 759 801 erpetere
786 759 846 789 ali-

110 807 219 847 cujus,
237 807 259 836 i.
277 815 305 835 e.
322 805 449 844 eripere
461 803 557 833 velle.

154 851 315 890 Empiare.
341 848 405 877 Pis.
431 849 483 877 35.
511 851 573 877 tua
588 846 714 877 scelera
739 846 785 876 dii
810 847 844 876 in

113 899 242 925 nostros
260 891 384 922 milites
399 892 587 931 apim-unt.
603 890 622 908 *²
633 891 726 920 Prov.
745 891 844 920 Cons.

114 941 143 969 1.
170 938 301 977 εἵρξατε
316 945 392 965 snas
409 935 624 975 cupiditates,
647 944 705 973 pro
717 934 846 963 satisfc-

110 991 185 1011 cere
210 979 450 1021 cupiditatibus
477 979 555 1008 suis.
580 978 599 996 ²*
615 979 747 1017 expiare
767 977 847 1007 dici-

111 1031 170 1055 tur
186 1024 225 1054 de
242 1024 420 1064 portentis,
436 1032 514 1052 cum
527 1022 696 1052 sacrificiis
706 1025 765 1051 aut
781 1020 848 1051 alia

111 1069 239 1099 ratione
271 1072 430 1097 eventum
473 1070 622 1096 avertere
659 1065 846 1095 studemus.

112 1112 188 1143 Div.
206 1113 241 1142 ii.
257 1112 309 1142 63.
328 1120 401 1150 quae
415 1109 459 1139 dii
473 1109 675 1149 significent,
688 1109 850 1148 quemad-

111 1156 250 1187 modum
267 1165 308 1185 ea
319 1158 542 1194 procurentur
554 1157 653 1192 atque
664 1154 848 1193 expientur.

110 1199 130 1218 *ἓ
145 1200 186 1230 de
202 1199 406 1229 hominibus.
428 1198 492 1227 Pis.
509 1201 541 1231 7.
567 1207 682 1227 manes
699 1201 848 1227 mortuo-

111 1254 188 1275 rum
204 1244 347 1282 expiare.

156 1287 362 1328 Expingere.
380 1285 512 1325 pictura
526 1285 724 1325 exprimere.
746 1283 847 1313 Tusc.

113 1341 144 1361 v.
160 1334 213 1365 39.
244 1331 299 1371 qni
328 1334 440 1359 motus
467 1329 657 1365 hominum,
679 1328 735 1367 qni
763 1327 850 1357 fera-

113 1385 189 1406 rum
203 1384 270 1404 non
284 1374 332 1403 ita
346 1373 386 1403 ab
404 1373 551 1402 Homero
563 1373 709 1411 expictus
721 1377 772 1401 est
788 1373 848 1400 ἀρ.

159 1418 378 1458 Eoeplmzcaio,
406 1416 651 1456 interpretatio.
698 1414 779 1444 Har.
806 1415 846 1445 R.

114 1467 147 1497 9.
172 1462 413 1502 e.rpla12aeiones
443 1462 687 1499 portentorum.
712 1457 792 1489 ibid.
818 1462 849 1492 7.

115 1505 287 1546 religionis
297 1505 495 1543 eJ-planatz'o,
510 1513 569 1544 pro
585 1503 744 1543 expiatio,
762 1502 850 1541 quod

114 1550 264 1580 Graevius
280 1548 411 1588 probat,
432 1557 492 1587 pro
516 1548 718 1586 explanatio:
742 1546 800 1576 sed
816 1546 850 1575 id

108 1593 183 1634 jam
201 1594 235 1623 in
261 1596 409 1623 mentem
426 1596 563 1620 venerat
587 1590 700 1629 Sigon.
718 1589 760 1619 ad
775 1589 848 1620 Liv.

116 1647 191 1667 xxv.
214 1639 264 1668 12.
289 1636 379 1666 hune
397 1640 488 1664 certe
511 1644 646 1664 sensum
671 1633 716 1663 ibi
738 1635 848 1673 expla-

115 1682 205 1711 natio
229 1680 342 1717 habet,
370 1679 395 1708 si
423 1682 473 1708 est
501 1689 521 1707 a
544 1678 724 1708 Cicerone:
760 1677 850 1716 quod

116 1724 196 1755 huie
211 1724 310 1754 verbo
327 1734 338 1750 1
349 1724 379 1752 ix.
392 1722 558 1752 convenit.

160 1768 384 1808 Explanatus.
397 1765 498 1796 Acad.
515 1766 536 1795 i.
555 1769 585 1796 5.
602 1767 781 1804 esplamtta.
793 1775 849 1794 vo-

118 1821 198 1842 cum
214 1811 392 1851 expressio.
411 1810 450 1839 de
463 1809 741 1849 pronunciatione
758 1809 849 1838 verbi

117 1855 255 1892 dicitur,
286 1865 364 1884 cum
391 1853 554 1893 ejusmodi
582 1860 646 1889 est,
670 1856 710 1882 ut
735 1862 852 1882 omnes

116 1899 252 1939 syllabae
279 1902 313 1928 et
336 1898 442 1927 literae
481 1896 578 1926 facile
608 1896 852 1935 intelligantur.

117 1943 172 1972 Sic
188 1942 272 1972 Plin.
290 1942 370 1971 Pan.
386 1944 439 1975 74.
464 1940 503 1970 de
525 1941 664 1979 jurante
679 1952 685 1970 ε
721 1950 854 1980 expres-

117 1987 163 2018 sit
177 1987 429 2026 explamtz'itque
444 1984 555 2014 verba.

164 2030 322 2069 Esplere.
340 2029 474 2058 satiare.
501 2027 584 2058 Sull.
615 2029 667 2057 32.
692 2029 855 2067 expletum

119 2083 190 2104 esse
208 2074 348 2103 miseriis
366 2072 516 2111 alicujus.
532 2071 550 2090 ’κ
563 2072 620 2101 Or.
640 2074 690 2102 13.
709 2074 760 2101 50.
779 2081 855 2100 sen-

117 2119 242 2148 tentias
258 2119 398 2157 explere,
421 2122 486 2153 est,
496 2116 599 2155 justae
616 2124 781 2145 mensurae
797 2124 855 2155 pe-

118 2162 211 2192 riodo
235 2161 423 2201 complecti.

163 2204 341 2245 Epoetzw,
365 2203 544 2244 perfectus.
568 2202 640 2232 Fin.
667 2202 701 2231 ii.
728 2205 776 2232 15.
801 2211 857 2231 ex-

114 2250 206 2289 pleta
222 2248 331 2279 forma
355 2247 552 2277 honestatis.
579 2245 658 2275 ibid.
675 2245 722 2276 iii.
739 2250 770 2280 9.
801 2255 856 2276 ea:-

117 2295 249 2333 pletum
265 2292 420 2322 omnibus
437 2291 504 2321 suis
519 2290 681 2330 partibus.

166 2336 361 2375 Explicare,
393 2335 569 2365 conficere.
603 2334 674 2363 Att.
701 2332 770 2362 xiii.
803 2334 856 2363 ⁵23.

122 2381 288 2419 explicare
304 2379 474 2409 mandata.
490 2378 569 2408 ibid.
585 2378 653 2407 viii.
671 2379 701 2407 3.
717 2377 857 2416 explica·-

122 2433 159 2454 re
179 2432 261 2453 rem.
284 2423 363 2453 ibid.
386 2423 442 2452 xii.
467 2423 519 2456 ⁴29.
543 2421 583 2451 de
612 2420 717 2450 hortis
744 2429 856 2458 quaeso

121 2468 261 2507 explica.
278 2466 319 2496 cf.
336 2477 365 2497 v.
384 2468 433 2497 12.
458 2465 476 2483 ⁷*
488 2464 568 2504 quid
582 2463 774 2494 faciendum
792 2467 858 2493 sta-

121 2510 328 2541 tuendumve
359 2511 402 2540 sit
442 2509 574 2546 docere,
601 2514 661 2537 aut
697 2508 858 2538 invenire.

123 2553 196 2584 Att.
213 2554 278 2584 viii.
299 2557 347 2584 11.
372 2552 549 2592 cogitando
566 2551 650 2582 nihil
661 2552 857 2591 explicatur.

124 2597 206 2628 ibid.
233 2598 302 2627 xiii.
330 2600 379 2627 18.
403 2597 501 2637 plane
523 2595 586 2625 hoc
613 2595 697 2625 mihi
723 2596 858 2635 implices

125 2641 245 2671 velim:
286 2641 318 2671 b.
347 2650 377 2670 e.
410 2640 491 2670 mihi
523 2639 727 2669 sententiam
756 2639 858 2669 dicas.

126 2685 205 2715 ibid.
222 2684 285 2714 xvi.
303 2687 331 2714 8.
356 2684 418 2713 hoc
434 2684 581 2723 explica.-
606 2683 627 2713 i.
640 2693 668 2712 e.
685 2682 763 2720 quid
780 2681 861 2712 faci-

123 2729 249 2758 endum
262 2728 317 2764 sit,
330 2727 421 2757 doce.
445 2727 486 2757 ad
497 2727 573 2757 Div.
586 2726 641 2756 vii.
651 2729 681 2756 3.
697 2736 762 2764 quo
772 2731 861 2756 tem-

111 2763 203 2813 'pore
219 2781 273 2801 me
286 2771 394 2800 vidisti
409 2772 456 2800 ita
471 2770 725 2806 conturbatum,
736 2772 776 2799 ut
793 2779 860 2800 non

123 2817 333 2856 explicarem,
350 2814 428 2853 quid
455 2817 543 2843 esset
564 2813 733 2853 optimum
756 2813 860 2843 factu.

126 2862 147 2881 ἕ
165 2859 207 2890 ad
223 2859 299 2889 Div.
322 2858 366 2887 ix.
385 2860 439 2888 ⁶25.
462 2860 571 2886 totam
597 2855 687 2899 Κύρου
711 2854 862 2894 παιδείαν,

128 2912 228 2944 quam
246 2902 468 2934 contriveram
486 2900 639 2941 legendo,
657 2901 693 2933 in
712 2900 776 2932 hoc
800 2901 863 2932 iiu-

636 106 782 134 INDEX
814 105 1108 134 LATINITATIS.

885 195 976 234 perio
993 195 1150 234 etz-plicavi
1163 205 1171 222 :
1196 192 1227 222 h.
1245 203 1273 222 e.
1288 193 1322 223 in
1339 203 1437 225 usum
1453 195 1614 234 converti,

885 237 1033 268 adhibui.
1077 238 1096 255 *Ψ
1111 238 1239 267 exitum
1279 237 1433 276 reperire.
1472 239 1512 269 ad
1541 240 1619 270 Div.

884 282 948 311 xiv.
970 284 1016 312 12.
1031 285 1157 318 metuo,
1172 291 1212 310 ne
1228 280 1260 309 id
1277 280 1405 310 consilii
1418 283 1618 321 ceperimus,

886 325 974 363 quod
989 326 1152 365 explicare
1165 334 1229 354 non
1243 323 1339 353 facile
1354 325 1529 364 possimus.
1553 325 1616 357 *in

886 378 920 397 re
948 369 1141 408 pecuniaria
1171 368 1295 397 dicitnr
1322 371 1359 397 ut
1385 368 1553 408 expedire,
1578 369 1620 400 de

885 421 951 449 quo
967 417 1056 441 ante.
1081 411 1151 441 Att.
1169 412 1237 441 xiii.
1265 413 1315 445 279.
1341 411 1496 442 Faberius
1527 412 1621 443 nobis

888 463 1010 484 nomen
1034 454 1116 484 illud
1131 457 1289 494 ea-plicat:
1322 455 1343 484 i.
1361 466 1389 485 e.
1404 455 1503 485 solvit
1529 455 1621 486 debi-

887 502 973 527 tum.
1002 498 1044 527 cf.
1070 498 1147 528 ibid.
1178 509 1206 528 v.
1235 502 1259 528 l.
1277 501 1307 528 4.
1344 501 1372 528 5.
1398 498 1417 516 ²*
1432 499 1620 529 dissolvere.

888 541 964 570 Div.
995 540 1028 570 ii.
1068 545 1116 574 17.
1140 552 1220 580 quas
1251 543 1420 581 captiones
1445 552 1619 582 nunquam

887 586 1058 624 explicetis.
1072 585 1278 615 *exsolvere
1293 586 1386 616 Verr.
1405 597 1434 616 V.
1453 589 1505 616 58.
1521 587 1622 626 expli-

887 638 963 658 care
978 637 1012 657 se
1025 638 1064 657 ex
1082 627 1208 666 laqueis
1223 630 1254 659 vi
1270 635 1304 658 et
1317 630 1456 659 ratione.
1481 630 1499 647 ⁵*
1516 631 1622 660 inter-

888 672 1013 711 pretari
1029 681 1068 701 ex
1086 671 1152 701 alia
1165 671 1283 710 lingua
1294 673 1328 702 in
1345 673 1456 703 aliam.
1474 673 1569 704 Orat.
1598 674 1620 703 i.

888 718 942 746 34.
976 719 1015 745 ut
1043 725 1252 745 summorum
1291 720 1466 747 oratorum
1496 725 1622 756 graecas

888 760 1054 789 orationes
1084 759 1292 798 arplz'carem.
1323 759 1342 777 ’ἕ
1359 759 1515 799 proferre.
1539 760 1620 800 Agr.

888 803 923 833 ii.
955 806 984 833 5.
1022 804 1184 842 explicare
1231 802 1366 841 longam
1416 804 1616 836 orationem.

888 846 908 865 ²*
925 856 1054 884 eruere,
1072 847 1284 885 investigare.
1309 846 1400 876 Verr.
1417 847 1459 876 iv.
1487 847 1540 878 61.
1563 848 1621 878 ubi

889 900 967 920 cum
984 890 1150 929 equitibus
1176 890 1273 920 Rom.
1291 889 1363 919 illos
1382 890 1568 929 Vei-rutios,
1583 890 1624 922 de

890 934 1008 972 quibus
1024 938 1102 963 ante
1120 934 1200 971 dixi,
1218 934 1432 973 (implicabant.

933 977 1135 1017 Explicacio,
1167 977 1398 1017 perspicuitas.
1436 977 1532 1008 Brut.
1570 979 1623 1009 38.

890 1021 976 1051 mira
1004 1022 1037 1051 in
1068 1021 1257 1051 disserendo
1287 1022 1468 1061 caplicalio.
1503 1021 1522 1039 *Ψ
1538 1020 1624 1051 Phil.

891 1065 946 1094 vii.
968 1068 994 1094 1.
1021 1074 1162 1104 quarum
1180 1074 1290 1094 rerum
1308 1065 1371 1095 etsi
1391 1064 1498 1095 facilis
1523 1065 1625 1105 expli-

892 1111 994 1139 catio:
1018 1108 1052 1138 h.
1063 1119 1092 1138 e.
1106 1107 1145 1137 de
1162 1108 1280 1146 quibus
1297 1108 1360 1138 etsi
1376 1108 1474 1139 facile
1489 1115 1625 1139 senten-

894 1153 942 1182 tia
957 1152 1093 1189 dicitur,
1110 1152 1190 1190 quid
1203 1152 1396 1182 faciendum
1412 1152 1466 1183 sit.

937 1197 1146 1236 Esplieatus,
1164 1200 1285 1225 certus.
1303 1196 1344 1225 ad
1359 1196 1436 1226 Div.
1453 1196 1494 1225 vi.
1513 1199 1541 1227 1.
1564 1195 1624 1226 ha·

893 1240 951 1270 bet
984 1241 1181 1280 explicatam
1209 1240 1373 1269 rationein
1402 1239 1518 1270 salutis
1545 1249 1628 1270 suae.

893 1283 964 1314 Att.
981 1294 1032 1314 xv.
1050 1287 1102 1315 ΞΟ.
1131 1283 1252 1313 solutio
1269 1284 1440 1323 explic-ata.

938 1328 1124 1367 Expnnere,
1153 1327 1261 1356 edere.
1287 1327 1361 1357 Cat.
1377 1327 1423 1357 iii.
1440 1330 1470 1358 5.
1495 1336 1629 1367 expone-

893 1382 929 1402 re
958 1372 1130 1401 indicium.
1163 1370 1400 1411 ²*promittere
1437 1371 1511 1401 Att.
1538 1380 1568 1402 v.
1594 1374 1627 1402 4.

893 1416 933 1446 de
951 1416 1058 1455 Oppio
1085 1416 1169 1445 bene
1197 1415 1334 1453 curasti,
1361 1414 1449 1454 quod
1475 1415 1504 1444 ei
1535 1423 1626 1445 Dccc

893 1460 1077 1499 exposuisti.
1106 1458 1193 1488 conf.
1224 1459 1322 1498 cpist.
1344 1462 1371 1488 1.
1395 1458 1414 1477 ²*
1431 1469 1490 1498 pro
1508 1468 1629 1499 propo-

895 1513 987 1540 nere,
1005 1510 1043 1533 ut
1060 1503 1094 1532 in
1112 1502 1208 1540 libro,
1233 1503 1274 1532 dc
1292 1512 1357 1541 quo
1374 1503 1483 1533 dicere
1511 1507 1631 1534 auctor

892 1547 983 1577 velit.
1001 1546 1072 1576 Inv.
1088 1546 1122 1576 ii.
1142 1549 1191 1577 1‘2.
1216 1547 1363 1576 secundo
1379 1547 1413 1576 in
1436 1546 1509 1576 loco
1533 1547 1628 1578 nobis

894 1595 945 1620 est
961 1592 1150 1630 aaz-positum.
1175 1590 1255 1620 ibid.
1279 1600 1307 1620 c.
1322 1593 1353 1620 4.
1370 1589 1563 1630 exemplum
1583 1591 1628 1620 sit

895 1634 956 1664 hoc
973 1636 1164 1675 anquisitum.

936 1678 1116 1717 Esposzttm,
1139 1677 1195 1708 Or.
1209 1678 1262 1708 63.
1286 1679 1489 1716 expositiones
1503 1687 1630 1716 rerum,

894 1728 975 1752 sunt
1017 1722 1237 1758 narrationes,
1272 1721 1495 1758 definitiones,
1529 1731 1629 1761 argu-

896 1770 1087 1795 mentorum
1103 1765 1342 1805 explicationes
1359 1769 1394 1795 et
1408 1765 1541 1795 similia.

939 1810 1129 1849 Eapositzts,
1155 1809 1356 1849 propositus.
1384 1809 1468 1839 Phil.
1484 1809 1552 1839 viii.
1578 1813 1629 1840 10.

897 1863 984 1883 mors
1000 1854 1154 1893 arpos-ita.
1180 1852 1329 1882 Graevius
1346 1852 1428 1892 legit
1447 1853 1630 1893 proposita,

896 1897 985 1936 quod
1001 1902 1052 1927 est
1067 1896 1235 1926 usitatius.
1259 1896 1323 1926 Sed
1337 1900 1455 1927 tamen
1466 1897 1513 1926 sic
1529 1900 1580 1927 est
1596 1906 1632 1926 e-

895 1942 978 1971 tiam
1003 1941 1097 1970 Orat.
1115 1940 1135 1970 i.
1151 1943 1182 1970 4.
1208 1941 1347 1980 przrmia
1369 1941 1521 1980 exposita.
1546 1939 1633 1971 Phil.

899 1985 932 2015 ii.
947 1987 1000 2015 44.
1016 1984 1144 2014 factum
1160 1985 1337 2024 expositum
1356 1984 1397 2014 ad
1408 1983 1633 2015 invitandum.

897 2029 1013 2069 Quint.
1031 2030 1083 2059 ⁶22.
1108 2028 1246 2067 praemio
1261 2028 1394 2058 sceleris
1411 2029 1546 2068 exposito
1570 2029 1631 2059 &c-

899 2072 987 2102 Item
1011 2073 1058 2102 sic
1082 2071 1122 2101 dc
1144 2071 1294 2102 oratione
1319 2072 1354 2101 in
1378 2071 1566 2108 rhetoricis,
1591 2075 1634 2102 ut

906 2115 1000 2146 Brut.
1018 2119 1071 2146 44.
1096 2115 1260 2155 capithus
1276 2115 1473 2154 quibusdam
1490 2115 1636 2154 expositis

903 2169 964 2189 nec
985 2159 1171 2199 explicatis.
1196 2158 1238 2188 ef.
1255 2158 1335 2189 Nat.
1349 2159 1392 2189 D.
1409 2159 1431 2188 i.
1449 2162 1502 2189 31.
1520 2159 1596 2189 init.

943 2203 1179 2243 Expostulare,
1203 2202 1384 2243 postulare,
1409 2202 1507 2233 Rosc.
1537 2202 1633 2234 Com.

904 2250 954 2281 17.
978 2247 1033 2276 vix
1046 2257 1065 2276 a
1080 2246 1230 2277 Ballione
1243 2246 1306 2276 hoc
1322 2248 1524 2287 expostulare
1535 2246 1636 2277 aude-

900 2301 951 2321 res
968 2294 1002 2320 et
1018 2291 1199 2330 impetrare
1217 2299 1339 2330 posses.

945 2334 1143 2374 Eapressus,
1161 2337 1284 2370 certus,
1305 2333 1515 2364 manifestus.
1537 2334 1636 2364 Rose.

900 2378 977 2408 Am.
991 2380 1043 2409 ⁶2⁶2.
1061 2387 1210 2417 expressa
1219 2377 1351 2408 sceleris
1365 2377 1513 2417 vestigia.
1523 2377 1637 2409 Plane.

905 2424 953 2453 1⁶2.
971 2431 1122 2462 myst-essa
1137 2421 1272 2457 indicia,
1286 2426 1505 2461 opponuntur
1515 2421 1635 2451 adum-

902 2466 1006 2496 bratis
1022 2470 1057 2495 et
1073 2465 1233 2495 obscuris.
1255 2463 1275 2483 *²
1290 2465 1326 2494 in
1349 2474 1383 2494 re
1400 2464 1565 2495 statuaria
1579 2475 1636 2496 ex-

895 2519 1011 2549 pressa
1023 2510 1120 2548 signa
1130 2511 1349 2548 opponuntur
1363 2508 1583 2546 adumbratis,
1600 2511 1638 2539 et

901 2558 983 2583 sunt
997 2563 1049 2590 ea,
1067 2562 1141 2591 quae
1157 2551 1256 2592 plane
1277 2552 1447 2585 elaborata
1463 2557 1556 2589 sunt,
1581 2555 1633 2589 ut,

903 2607 1004 2636 quem
1021 2596 1181 2632 referant,
1197 2596 1312 2625 statim
1323 2595 1412 2625 cerni
1428 2595 1553 2635 possit:
1570 2605 1638 2626 un-

903 2640 943 2670 de
959 2639 1077 2670 deinde
1095 2639 1136 2669 ad
1152 2639 1217 2669 alia
1227 2638 1488 2670 transferuntur.
1505 2638 1587 2669 Coel.
1606 2641 1637 2670 5.

903 2693 970 2714 non
995 2693 1145 2724 expressa
1161 2683 1257 2722 signa
1278 2681 1337 2712 sed
1360 2682 1560 2712 adumbrata
1573 2682 1639 2713 vir-

902 2733 1030 2757 tutum.
1054 2737 1204 2767 expressa
1228 2726 1325 2765 signa
1348 2726 1529 2764 virtutum,
1556 2731 1638 2756 sunt

903 2780 989 2801 verae
1005 2772 1157 2801 virtutes.
1179 2770 1281 2800 Tusc.
1297 2769 1343 2799 iii.
1362 2772 1393 2801 2.
1410 2779 1560 2810 ezpressa
1571 2778 1638 2807 res,

903 2824 972 2845 non
988 2814 1197 2845 adumbrata.
1213 2812 1232 2831 ²*
1244 2812 1322 2843 Nat.
1339 2812 1440 2844 Deor.
1458 2814 1479 2844 i.
1496 2814 1548 2846 27.
1565 2822 1640 2853 spe-

903 2859 969 2888 cies
985 2859 1148 2894 Deorum,
1161 2866 1235 2896 quae
1246 2856 1328 2886 nihil
1340 2857 1487 2887 concreti
1501 2856 1639 2893 habeat,

903 2901 988 2934 nihil
1017 2901 1127 2941 solidi,
1153 2899 1238 2932 nihil
1259 2902 1414 2942 expressi,
1439 2899 1526 2934 nihil
1555 2900 1640 2932 emi-
