1804 3178
665 123 813 154 lunzx
843 124 1122 156 msmmcus.

136 216 179 247 di
195 214 346 246 oblatum
363 221 426 246 est.
440 213 505 245 off.
520 213 545 244 i.
562 216 617 245 30.
641 213 743 245 Sullae
760 214 870 245 deser·

139 261 201 296 vit,
215 264 253 289 ut
277 259 366 299 quod
383 258 461 290 velit
476 264 712 297 consequatur.
736 258 815 288 ibid.
839 261 871 289 8.

137 312 214 334 eam
223 302 361 333 demum
372 302 548 343 pecuniam
560 310 716 340 magnam
724 301 871 340 judicat,

137 347 235 386 eujus
251 347 414 377 fructibus
428 345 595 376 exercitus
611 344 655 375 ali
672 345 786 386 possit.

182 389 233 421 M.
263 390 406 427 Cmsnu,
431 388 561 420 Balbin.
595 390 648 419 93.
687 399 765 419 eum
796 388 871 419 Ma-

138 434 278 465 mertini
303 443 343 464 ex
369 433 442 473 lege
471 433 574 473 Papia
598 438 750 473 repetere
776 432 873 463 insti-

139 481 265 515 tuunt;
303 479 381 518 quia
412 487 453 507 e:
482 476 680 507 Mamertino
708 481 768 507 aut
797 477 874 507 civis

126 520 248 563 sactu
268 526 341 552 erat
365 521 460 552 Rom.
484 525 545 551 aut
566 531 599 551 se
616 531 678 562 pro
699 522 765 551 eive
779 530 872 560 gere-

185 607 230 639 P.
251 606 395 645 annus,
412 607 508 639 Brut.
536 610 584 642 19.
615 617 692 638 curn
717 607 873 638 Africano

140 651 220 690 maj.
242 651 359 681 consul
382 651 459 682 fuit.
491 661 601 692 nempe
619 662 650 682 α.
673 651 714 682 U.
733 659 872 682 uxtvni.

139 695 226 726 idem
255 694 412 734 Pontifex
441 695 537 727 Mas.
563 697 747 734 mguomine
772 695 874 724 Dives

139 739 253 770 dictas.
277 749 306 770 ι’.
331 738 407 771 Lii.
433 750 508 770 xxx.
541 742 567 770 1.
599 740 653 769 ubi
667 738 736 780 <jus
751 739 875 777 insigne

138 784 289 823 elogium.

186 826 231 857 P.
263 825 407 863 Crassus,
431 825 607 856 stlrrcianus
635 823 746 856 Dives.
775 825 873 855 Brut.

139 870 193 902 26.
223 870 347 901 Orator
361 869 456 900 valde
479 869 651 910 probatus,
667 869 838 909 adoptatus
851 878 873 899 a

142 913 188 945 P.
217 913 329 944 Crasso
354 912 474 950 Divite,
491 913 526 943 P.
543 912 649 944 Mucii
671 912 758 942 filius
775 917 873 943 natu-

140 959 234 994 ralis,
259 962 296 987 et
322 957 358 987 P.
382 956 538 987 Scaevolae
560 956 677 994 frater,
701 956 792 986 domi
815 957 872 995 jus

140 1000 237 1031 civile
261 1005 473 1040 cog-noverat.
510 1000 569 1031 Or.
593 1001 614 1030 i.
639 1003 692 1034 37.
736 1000 807 1038 ejus
831 999 872 1030 de

140 1044 336 1084 eloquentia
350 1048 386 1074 et
401 1043 492 1083 juris
507 1043 620 1074 studio
636 1043 872 1084 conjungendo

140 1088 323 1119 sententia.
334 1087 432 1119 Brut.
445 1091 497 1121 57.
519 1087 628 1118 actus
643 1086 686 1127 qs.
699 1087 720 1117 i.
739 1091 787 1118 13.
802 1087 872 1118 Ru-

134 1136 222 1174 pert.
237 1130 438 1163 adEroehir.
461 1131 617 1172 Pompon.
642 1132 688 1161 iii.
712 1132 743 1162 6.
775 1131 872 1162 Peri·

140 1185 209 1206 zon.
248 1175 402 1206 Animad.
432 1185 459 1205 c.
491 1179 522 1210 9.
552 1174 608 1216 &a
649 1174 733 1205 Phil.
764 1175 808 1204 xi.
840 1178 871 1206 8.

142 1219 297 1250 Pontifex
335 1219 384 1250 Μ.
423 1219 567 1249 multam
605 1218 686 1249 dicit
726 1217 872 1258 Collegae

142 1263 280 1294 Consuli
297 1263 336 1294 L.
353 1262 486 1293 Valerio
503 1262 621 1293 Flacco
636 1263 764 1292 flamini
782 1262 873 1293 Mar-

139 1306 228 1345 tiali,
258 1307 287 1337 si
318 1317 338 1336 a
367 1307 469 1337 sacris
501 1306 719 1343 discessisset,
748 1306 793 1345 (a.
831 1305 873 1337 U.

141 1349 285 1387 Dcxxn.)
317 1351 402 1391 quod
428 1351 553 1381 nolebat
581 1360 654 1381 eum
681 1350 727 1381 ad
755 1350 873 1380 bellum

139 1404 215 1425 mm
242 1394 420 1425 Aristonico
438 1394 609 1435 proficisci,
635 1394 681 1425 ad
703 1394 786 1434 quod
809 1395 874 1435 ipse

134 1437 396 1480 prosedussoede
403 1440 513 1480 periit.
532 1438 614 1469 Veli.
629 1439 664 1468 ii.
680 1440 712 1469 4.

186 1481 232 1513 P.
264 1481 409 1518 Crassus,
435 1482 530 1512 Font.
565 1485 615 1513 15.
654 1481 802 1521 Legatus
833 1481 873 1512 L.

141 1525 283 1556 Caesaris
306 1526 340 1556 in
365 1524 453 1555 bello
469 1525 595 1556 sociali.
612 1524 655 1568 ‘f-
671 1525 811 1566 Appian.
828 1524 873 1556 B.

146 1569 180 1599 C.
208 1569 229 1599 i.
251 1578 289 1610 p.
316 1569 391 1600 635.
425 1569 484 1600 Or.
512 1570 558 1600 iii.
581 1572 613 1601 3.
651 1570 686 1599 in
709 1569 873 1599 seditione

142 1612 300 1645 Mariana
319 1622 353 1643 se
380 1612 451 1653 ipse
480 1622 541 1643 sua
567 1621 670 1643 manu
697 1613 871 1643 interficit.

141 1656 243 1688 Arch.
262 1659 293 1688 5.
326 1655 454 1687 Censor
469 1667 546 1687 cum
563 1657 604 1688 L.
627 1656 719 1687 Julio
744 1657 874 1687 Caesare

142 1699 272 1732 nullam
298 1699 411 1741 populi
440 1705 572 1741 partem
600 1705 727 1738 censet,
754 1702 800 1741 (α.
832 1700 873 1731 U.

142 1742 294 1783 nctxiv.)
313 1743 508 1784 consulsuit
530 1755 562 1775 a.
586 1753 701 1775 Dctvi.
718 1755 793 1775 cum
814 1744 872 1774 Cn.

143 1788 283 1820 Iaentido
302 1787 461 1819 Clodiano.
493 1788 558 1819 Est
569 1786 620 1819 M.
642 1788 749 1819 Crassi
765 1788 873 1819 Illvi-

141 1834 172 1863 ri
198 1836 308 1873 pater.
355 1831 397 1862 In
426 1833 627 1873 inscriptione
654 1834 791 1872 antiqua
819 1842 873 1872 ap.

141 1875 365 1908 Marum-mm
379 1876 426 1906 ad
439 1878 470 1906 Ιι.
488 1887 520 1907 a.
537 1881 582 1907 est
591 1886 776 1917 praerwmen
792 1875 841 1907 111.

187 1919 233 1950 Ρ.
254 1920 400 1957 Crassus,
418 1919 489 1950 Att.
514 1921 570 1950 xii.
591 1922 644 1951 94.
674 1919 873 1950 Vennuleiae

142 1963 247 2001 filius,
263 1969 379 1994 utrum
397 1964 470 1993 vivo
483 1963 592 1994 adhuc
606 1969 714 2004 patre,
728 1964 763 1995 P.
779 1963 875 1994 Cras-

142 2015 193 2046 so,
209 2016 253 2037 an
270 2012 406 2038 mortuo
421 2007 599 2037 interierit.

187 2050 233 2082 P.
262 2049 408 2088 c'rassus,
432 2051 480 2081 M.
510 2050 622 2081 Illviri
647 2050 693 2082 fil.
731 2050 774 2081 ad
797 2051 874 2082 Div.

143 2094 213 2125 xiii.
232 2094 282 2126 16.
314 2093 473 2125 laudatur
488 2094 584 2125 Brut.
601 2098 654 2126 81.
682 2095 788 2135 qualis
803 2095 876 2126 fue-

142 2138 201 2176 rit,
217 2148 317 2178 quem
338 2138 468 2168 exitum
493 2138 659 2168 habuerit.
704 2139 778 2180 ,Quo
800 2149 875 2169 cnm

143 2183 206 2214 loco
228 2181 338 2222 confer
361 2182 539 2212 Plutarch.
562 2184 598 2212 in
618 2182 728 2213 Crasso
744 2193 781 2224 p.
800 2186 874 2213 551.

143 2228 219 2262 559.
232 2225 286 2258 De
297 2227 454 2266 legatione
464 2224 534 2267 rjus
546 2236 599 2266 ap.
619 2226 772 2257 Coemrem
789 2228 872 2268 Imp.

140 2270 177 2301 in
198 2269 323 2307 Gallia,
338 2280 369 2300 υ.
385 2269 463 2307 Dio,
480 2271 590 2300 xxxix.
602 2280 636 2310 p.
657 2273 728 2301 105.

187 2313 233 2345 P.
262 2313 408 2351 Crassus,
426 2314 502 2344 Sen.
529 2324 560 2354 p.
585 2313 666 2344 Red.
688 2318 720 2348 9.
751 2317 877 2355 praetor

143 2357 180 2389 P.
196 2357 345 2389 Lentulo
361 2357 539 2398 Spinthere
557 2356 712 2387 Consule.

191 2400 326 2433 Crassus
339 2401 520 2438 annianus,
535 2401 576 2442 Ω.
596 2401 646 2431 Fr.
665 2401 711 2432 iii.
727 2404 759 2432 8.
790 2399 875 2441 efa-

142 2446 236 2476 mib'a
272 2445 380 2477 Jmia
416 2447 451 2475 in
488 2445 654 2476 Liciniam
689 2445 876 2476 Crassorum

141 2489 323 2531 adoptatum
356 2489 422 2520 Sed
437 2491 525 2520 lectio
539 2490 637 2520 dubia
651 2494 707 2519 est.
737 2489 781 2520 P.
799 2488 876 2519 Ma—

141 2534 254 2564 nunus
267 2531 394 2574 conju-it
408 2533 617 2570 Licinianus,
630 2537 789 2573 putatque
803 2543 878 2563 eum

140 2578 178 2607 in
197 2576 329 2608 Gz‘liam
340 2581 470 2616 gentem
482 2577 796 2618 adoptatumjicssse.
811 2576 878 2608 Sed

140 2623 191 2652 ita
212 2631 275 2652 non
303 2619 448 2659 Crassus,
463 2621 519 2651 sed
545 2621 658 2652 Uelius
678 2620 750 2652 Lic.
774 2621 878 2651 dictus

140 2669 218 2696 esset
227 2676 238 2694 .·
260 2674 460 2706 quamquam
470 2670 500 2696 et
513 2666 583 2696 alia
598 2667 673 2697 talis
683 2663 808 2704 sormoe
821 2675 877 2696 ex-

141 2710 250 2749 emph
263 2713 350 2740 eunt.
365 2718 396 2739 v.
413 2708 547 2740 Manat.

192 2751 446 2790 Craterus‚Att.
471 2753 527 2783 xii.
557 2755 606 2784 13.
635 2754 685 2784 14.
725 2751 874 2782 medicus

143 2794 313 2827 Ciceronis
329 2801 443 2827 aetate.

191 2838 315 2878 Crates,
334 2840 436 2871 Acad.
461 2840 483 2870 i.
508 2843 541 2875 9.
570 2839 804 2877 Academicus,
828 2837 877 2868 nil

143 2887 257 2914 mutat
283 2883 319 2916 in
346 2884 453 2917 veteri
480 2883 659 2926 disciplina
683 2894 704 2916 a
735 2882 875 2916 Platone

138 2925 279 2959 tradita.

1586 125 1642 164 89

962 214 1145 256 cratippus,
1165 217 1229 248 os.
1246 218 1268 249 i.
1286 221 1314 249 ι.
1343 219 1385 250 ω
1408 221 1483 251 niv.
1505 223 1562 254 211.
1590 225 1640 257 is.

916 257 963 288 M.
990 260 1159 290 Ciceronis
1185 261 1243 291 filii
1269 269 1467 303 preceptor,
1487 276 1561 296 cum
1587 278 1639 304 eo,

916 301 1050 332 volente
1081 303 1119 333 C.
1144 302 1327 342 Trebonio,
1356 306 1388 336 in
1418 308 1528 338 Asiam
1561 311 1640 342 abit.

917 345 995 376 Div.
1027 346 1048 376 i.
1083 349 1114 376 3.
1160 347 1332 379 faiiiiliaris
1370 350 1551 389 Ciceronis,
1583 364 1641 392 par

915 390 1056 419 summis
1069 389 1312 430 Peripateticis,
1325 393 1528 424 somniorum
1544 400 1576 423 et
1591 397 1640 426 fu-

917 433 1000 463 roris
1021 432 1218 464 divinationi
1242 434 1342 465 fidem
1366 437 1499 474 tribuit,
1517 438 1642 478 rvliqun

918 476 1037 516 rejicit.
1067 476 1146 507 ibid.
1162 479 1215 508 3⁶2.
1244 480 1364 509 statuit
1386 480 1513 510 animos
1538 481 1642 512 humi-

918 529 999 550 num
1023 520 1167 560 quadam
1181 532 1220 551 ex
1238 528 1333 562 parte
1350 523 1556 554 extrinsecus
1572 536 1642 555 esse

917 570 1042 594 tractos
1059 570 1092 594 et
1111 564 1259 603 haustos,
1278 565 1384 596 reddit
1409 568 1573 598 rationem
1589 579 1643 600 va-

916 608 1154 638 ticinationum
1171 614 1205 638 et
1221 610 1439 640 somniorum.

965 651 1126 689 Crebrius,
1141 652 1182 693 Q.
1201 652 1252 683 Fr.
1269 653 1316 684 iii.
1335 656 1365 685 5.
1395 653 1579 694 quiswerit,
1595 656 1646 696 ig-

916 705 1080 726 noramus.

960 738 1008 769 M.
1042 739 1236 780 Crepereius,
1259 739 1334 770 Aet.
1361 740 1383 770 i.
1413 741 1446 771 in
1472 741 1565 772 Verr.
1597 745 1645 774 10.

916 781 1009 813 Trib.
1026 782 1179 813 militaris
1194 783 1303 813 sactus
1318 794 1350 815 α.
1373 784 1413 816 U.
1430 793 1617 816 uctxxxiu.

964 825 1180 866 Cresphontes,
1196 827 1237 857 ad
1251 827 1331 858 Her.
1347 828 1381 858 ii.
1398 830 1450 859 24.
1466 829 1646 860 Aristoma·

915 870 966 900 chi
977 869 1076 910 filius
1097 881 1136 901 et
1160 870 1313 901 Herculis
1325 881 1455 910 genere,
1474 872 1546 903 Rex
1560 872 1647 904 Mes-

915 915 1010 944 senioe
1026 912 1209 954 fraudibus
1229 913 1359 954 jactus,
1391 916 1485 946 clarit
1514 927 1647 948 amr-em

916 956 1079 998 Meropem
1111 957 1233 998 steli
1251 959 1390 989 Arcadis
1400 959 1514 1000 filiam
1537 959 1594 997 &a
1615 971 1648 991 v.

916 999 1105 1032 Pausanias
1123 1012 1158 1042 p.
1179 1005 1249 1032 151.
1265 1004 1339 1033 985.
1369 1013 1449 1043 seqq.
1466 1004 1514 1034 ed.
1532 1003 1647 1035 Kutm.

920 1045 1045 1084 Hygia.
1057 1044 1136 1085 sab.
1156 1048 1227 1077 148.
1258 1046 1297 1076 de
1311 1057 1344 1077 eo
1359 1051 1403 1077 est
1423 1045 1647 1088 Cresphontes

915 1088 1088 1129 Euripidis
1097 1088 1236 1129 sabula,
1252 1099 1323 1131 quae
1345 1090 1514 1121 laudatur.
1544 1090 1647 1123 Tusc-

916 1131 938 1162 i.
954 1135 1009 1163 48.

959 1176 1004 1217 Q.
1035 1175 1174 1216 Θάψας,
1198 1187 1215 1206 e
1239 1175 1386 1208 Marciis.
1422 1177 1463 1207 ad
1491 1177 1566 1208 Div.
1589 1178 1650 1209 xii.

920 1221 970 1249 11.
1011 1224 1046 1250 ct
1084 1222 1132 1250 12.
1175 1219 1362 1260 Imperator
1398 1226 1433 1250 et
1468 1221 1650 1254 Proconsul

916 1262 1002 1293 Asiae
1015 1275 1021 1292 z
1045 1260 1115 1304 ejus
1129 1264 1272 1304 dignitas
1285 1265 1538 1296 commendatur.

965 1305 1093 1344 Critias,
1107 1306 1137 1337 T
1139 1317 1208 1338 use.
1226 1308 1248 1338 i.
1264 1310 1318 1339 40.
1336 1307 1376 1338 de
1389 1318 1453 1338 xxx
1466 1307 1648 1349 Tywmnis,

916 1349 1161 1381 Theramenem
1186 1351 1228 1381 ad
1253 1356 1396 1382 mortem
1427 1352 1559 1391 redigit.
1588 1353 1648 1384 Or.

918 1394 952 1424 ii.
976 1396 1030 1426 22.
1066 1395 1137 1435 ejus
1161 1396 1288 1436 scripta
1309 1396 1452 1426 extitere
1477 1396 1648 1428 Ciceronis

917 1444 1082 1478 ternpore.

966 1482 1064 1518 Crito,
1083 1481 1183 1512 Tusc.
1209 1483 1230 1512 i.
1253 1485 1306 1513 43.
1335 1481 1480 1513 Socratis
1503 1483 1649 1524 discipu·

918 1524 982 1556 lus.
1022 1526 1099 1556 Div.
1130 1526 1152 1556 i.
1185 1529 1237 1557 54.
1280 1535 1346 1556 non
1378 1531 1473 1567 paret
1503 1528 1647 1558 Socratis

919 1569 1061 1600 monito.
1085 1570 1106 1599 i.
1130 1571 1184 1600 25.
1214 1570 1244 1600 ei
1268 1570 1420 1600 Socrates
1443 1580 1538 1601 sunm
1559 1580 1648 1602 mor-

918 1618 988 1643 tem
1005 1613 1169 1654 praedicit.

967 1656 1136 1695 Critonius,
1172 1656 1244 1687 Att.
1282 1657 1351 1687 xiii.
1389 1659 1443 1688 21.
1489 1657 1649 1689 Caesaria·

920 1710 993 1731 nus.

966 1744 1136 1781 Critolaus,
1149 1743 1229 1774 Nat.
1241 1743 1284 1774 D.
1298 1743 1343 1774 iii.
1357 1747 1409 1775 38.
1436 1744 1514 1775 Dux
1532 1744 1648 1776 Achae-

918 1798 1028 1826 orum,
1052 1789 1175 1819 evertit
1205 1787 1418 1818 Corinthum.
1465 1788 1541 1818 Fuit
1563 1790 1648 1819 enim

917 1843 1015 1863 causa
1033 1833 1103 1863 belli
1117 1832 1264 1868 Achaici,
1275 1842 1334 1872 qim
1354 1831 1522 1862 Corinthus
1538 1842 1647 1863 eversa

917 1881 971 1907 est.
995 1887 1026 1906 v.
1051 1875 1139 1906 Flor.
1163 1876 1197 1906 ii.
1220 1876 1268 1906 16.
1298 1874 1413 1915 Polyb.
1430 1875 1588 1917 Excerpt.
1604 1877 1648 1908 Ie-

915 1925 988 1960 gat.
1006 1930 1033 1950 c.
1053 1921 1124 1950 144.

967 1963 1138 2001 Critolaus,
1167 1962 1239 1993 Fin.
1270 1972 1301 1992 v.
1333 1965 1363 1993 5.
1403 1961 1647 1994 Aristotelicus.

918 2007 976 2038 Or.
1000 2008 1033 2037 ii.
1059 2010 1111 2041 37.
1141 2016 1219 2036 cum
1245 2005 1414 2036 Carneade
1438 2010 1472 2035 et
1496 2005 1647 2046 Diogene

920 2052 1032 2082 Stoico
1061 2051 1201 2081 Romam
1232 2049 1361 2089 legatus
1388 2049 1647 2081 Atheniensium

919 2096 1024 2132 venit,
1041 2093 1176 2124 niulctae
1193 2098 1329 2134 propter
1351 2093 1501 2133 Oropum
1523 2093 1649 2133 irroga-

917 2144 962 2169 tae
979 2137 1195 2179 deprecandae
1212 2147 1322 2168 causa.
1337 2136 1436 2167 'rusa
1454 2147 1484 2166 v.
1502 2139 1550 2171 17.
1575 2137 1648 2178 ejus

918 2183 1014 2214 libra.

968 2226 1136 2262 Critolaus,
1152 2224 1246 2254 Verr.
1263 2224 1305 2254 iv.
1322 2223 1376 2254 26.
1406 2224 1589 2254 AEinensis.

968 2270 1103 2307 Croems,
1128 2269 1199 2299 Fin.
1223 2268 1256 2298 ii.
1279 2270 1334 2302 525.
1371 2267 1418 2297 iii.
1448 2270 1496 2298 14.
1527 2267 1570 2297 iv.
1599 2269 1648 2298 19..

919 2314 996 2345 Div.
1013 2314 1035 2344 i.
1056 2316 1104 2347 19.
1122 2315 1174 2344 53.
1199 2312 1232 2341 ii.
1255 2311 1306 2343 56.
1337 2310 1407 2352 ejus
1424 2310 1525 2349 filius,
1542 2320 1647 2351 quum

919 2362 1008 2388 esset
1024 2356 1147 2393 infans,
1163 2355 1322 2394 loquitur.

964 2401 1008 2442 ,9.
1038 2400 1137 2437 Croto,
1154 2399 1266 2430 Rabir.
1291 2397 1382 2439 perd.
1409 2400 1458 2428 11.
1490 2397 1562 2436 ejus
1580 2406 1649 2427 ser·

920 2454 981 2474 vus
998 2446 1111 2474 Sca-va
1126 2443 1248 2473 occidit
1264 2441 1496 2472 Saturninum.

969 2488 1144 2528 Ctesiphon,
1169 2486 1227 2516 Or.
1253 2486 1300 2516 iii.
1332 2486 1384 2517 56.
1420 2484 1649 2523 Atheniensis,

921 2542 981 2574 pro
998 2542 1063 2571 quo
1078 2534 1172 2561 extat
1187 2529 1425 2560 Demosthenis
1441 2528 1560 2559 oratio.

972 2575 1076 2613 Galen,
1093 2575 1165 2605 Att.
1182 2573 1229 2604 iii.
1250 2576 1300 2604 15.
1329 2573 1397 2603 viii.
1425 2574 1474 2603 12.
1505 2571 1648 2602 familia·

922 2619 1071 2650 rissimus
1089 2617 1251 2657 Pompeii,
1267 2622 1306 2647 ut
1319 2616 1554 2656 Theophanes.

971 2662 1076 2699 Cuten,
1093 2661 1134 2691 ad
1158 2661 1234 2692 Div.
1259 2671 1290 2691 x.
1314 2663 1367 2692 34.
1396 2659 1490 2690 Trib.
1516 2657 1590 2690 Mil.
1613 2658 1649 2689 in

921 2707 1071 2736 exercitu
1087 2704 1218 2745 Lepidi,
1231 2704 1287 2744 qui
1299 2703 1340 2734 ab
1357 2703 1503 2734 Antonio
1516 2702 1558 2732 ad
1570 2711 1650 2732 eum

921 2750 1116 2786 transierat,
1132 2758 1209 2779 cuni
1234 2752 1313 2778 ante
1337 2757 1356 2778 a
1380 2746 1507 2788 Lepido
1531 2750 1651 2777 contra

921 2794 993 2832 ejus
1023 2792 1233 2823 voluntatem
1264 2791 1306 2822 ad
1337 2791 1523 2822 Antonium
1556 2790 1649 2826 isset,

921 2837 998 2868 add.
1013 2835 1074 2878 ins.
1088 2836 1130 2877 Ω.
1144 2835 1323 2866 Terentius
1339 2834 1454 2865 Culeo.

969 2880 1137 2918 Culleolus,
1164 2879 1207 2910 ad
1231 2879 1310 2910 Div.
1336 2879 1405 2909 xiii.
1430 2880 1484 2909 41.
1524 2875 1651 2916 Illyri&

919 2929 997 2957 anto
1016 2924 1171 2957 Caesarem
1181 2921 1414 2965 proetorfuisie
1429 2921 1569 2954 videtur.
