1804 3178
63 2156 68 2161 ’
105 2155 187 2182 tores
215 2151 285 2180 sint
315 2149 375 2180 soli
405 2151 491 2181 cives
521 2150 674 2180 Romani.

614 117 760 148 INnEx
791 118 1084 148 LAT1N1TAT18.

145 202 372 246 Negligentia.
395 206 452 238 Or.
468 207 522 238 23.
544 206 744 245 negligentia
760 204 833 235 dili-

98 256 192 288 gens.

146 292 337 332 Negla'gere,
359 291 529 332 eleganter
552 291 593 322 de
618 291 670 328 iis,
693 291 749 330 qui
775 300 832 321 no-

100 341 233 366 centem
257 335 444 373 absolvunt,
469 345 534 366 non
559 335 714 375 puniunt.
739 334 830 364 Verr.

102 377 148 410 iii.
179 382 233 414 94.
269 380 433 418 negligere
471 380 647 419 pecuniam
685 383 829 417 captam.

99 421 119 438 ⁸
130 424 296 462 negligens
311 422 351 452 de
365 422 482 459 effuso,
498 421 600 460 largo.
624 420 666 451 ad
691 422 766 451 Div.
784 421 830 451 iii.

101 467 132 496 8.
156 474 223 496 non
238 465 332 505 potui
344 465 378 494 in
395 464 451 495 illo
466 470 578 495 sumtu
598 474 663 494 non
681 473 830 494 neccssa-

101 508 150 538 rio
168 510 338 548 negligens
361 517 443 538 esse.
489 508 540 538 Sic
565 508 723 546 iutelligit
740 510 831 538 (ἀι-εε-

101 551 189 589 vius,
211 561 310 590 quem
337 551 401 580 vid.
427 550 470 581 ad
493 551 524 583 h.
549 551 570 581 l.
594 561 654 581 nec
679 551 828 581 absurde.

102 602 180 624 nam
197 593 339 634 dilig-ens
356 603 414 634 pro
432 605 530 634 parco
545 595 678 626 dicitur.
703 594 765 623 Sed
783 599 832 624 ta-

101 645 181 667 men
197 646 265 667 non
282 639 468 668 necessario
485 639 532 668 sic
549 638 653 677 accipi
671 644 765 676 puto.

146 679 341 718 Negotialis.
366 680 435 711 lnv.
452 682 472 711 i.
495 684 542 711 ll.
565 682 762 711 constitutio
779 690 832 710 ne-

99 724 247 763 gotialis,
264 724 342 763 quid
358 725 419 754 sit:

142 767 332 805 Negotium-i.
347 768 388 808 Ω.
403 767 454 798 Fr.
468 768 489 796 i.
504 770 531 797 1.
549 777 578 796 c.
597 766 758 796 l.Verr.i.
777 768 828 800 27.

102 809 138 841 ii.
155 813 187 841 3.
211 811 288 850 quid
305 812 359 848 sit,
374 811 446 840 vide
463 811 496 840 in
513 812 703 849 negotiator.

148 853 352 892 Negotiator.
375 854 427 885 De
443 854 692 893 negotiatoribus
703 853 831 892 egimus

103 896 264 936 peculiari
324 897 467 936 quadam
526 896 832 933 dissertatiuncula,

102 949 203 979 quam
233 940 288 970 hic
317 941 351 970 in
381 940 614 980 compendium
647 940 831 969 mittemus.

102 983 330 1022 Negotiatores
352 984 458 1023 primo
482 993 547 1014 non
572 990 651 1013 sunt
674 990 833 1019 aratores,

103 1026 286 1066 publicani,
316 1034 375 1057 aut
413 1027 572 1067 pecuarfi,
605 1026 691 1065 quod
729 1025 833 1055 Hoto-

103 1079 229 1100 manno
246 1070 419 1100 videbatur
441 1071 480 1100 ad
506 1069 596 1100 Verr.
615 1070 648 1099 ii.
673 1073 724 1104 77.
751 1069 832 1098 Fon-

101 1113 161 1143 tei.
182 1116 208 1143 l.
233 1116 268 1143 et
281 1113 458 1143 Torrentio
475 1113 516 1143 ad
528 1114 665 1143 Sueton.
682 1113 767 1151 Aug.
780 1114 832 1142 4⁴2.

102 1164 165 1186 nec
188 1165 304 1186 omnes
327 1158 363 1193 ii,
385 1158 440 1195 qui
465 1157 498 1186 in
524 1156 700 1196 provinciis
721 1155 832 1185 sedem

100 1199 312 1230 fortunarum
329 1209 464 1230 suarum
481 1200 737 1236 constituerant,
755 1208 830 1228 cum

99 1243 188 1273 cives
199 1243 342 1274 Romani
357 1251 430 1274 tum
443 1244 536 1280 socii,
550 1243 605 1281 qui
622 1251 717 1281 agros
734 1241 834 1272 habe-

101 1285 198 1324 bant,
215 1296 357 1325 quorum
380 1286 510 1316 fructus
527 1296 586 1326 per
603 1290 833 1325 procuratores

101 1338 180 1360 suos
200 1329 403 1367 vendebant,
419 1330 452 1360 h.
476 1340 504 1359 e.
520 1336 678 1366 aratores,
695 1338 768 1368 quae
783 1335 834 1358 est

103 1371 224 1403 Graevii
247 1373 418 1403 sententia
439 1372 481 1402 ad
503 1373 596 1403 Verr.
618 1373 651 1402 ii.
670 1375 723 1406 77.
747 1371 834 1401 aliis-

103 1425 168 1455 que
184 1415 278 1454 locis,
290 1416 475 1455 cujusmodi
492 1417 720 1455 negotiatorem
737 1420 834 1455 putat

102 1459 204 1490 fuisse
226 1459 444 1496 Trebonium,
468 1459 510 1489 ad
531 1460 608 1490 Div.
632 1460 652 1489 i.
678 1461 708 1489 3.
734 1468 832 1497 quem

103 1501 224 1532 deinde
240 1508 376 1533 secutus
392 1509 444 1532 est
455 1502 514 1532 Vir
529 1502 646 1532 doctus
663 1503 695 1531 in
713 1501 834 1531 Lexico

103 1544 211 1576 Fabri.
234 1546 323 1576 Nam
339 1546 433 1576 Verr.
450 1546 484 1576 ii.
500 1550 530 1576 3.
557 1545 662 1576 Flacc.
683 1545 731 1575 16.
765 1544 836 1574 Ma-

103 1588 163 1619 nil.
181 1592 213 1624 Ἱ.
237 1588 493 1629 distinguuntur
508 1589 674 1629 publicani
700 1598 720 1617 a
743 1598 837 1626 nego-

103 1633 285 1669 tiatoribus,
302 1633 382 1662 item
399 1632 469 1662 Att.
486 1633 520 1663 ii.
539 1633 588 1663 16.
612 1631 699 1662 malo
714 1632 835 1669 negoti-

101 1676 246 1706 atmilms
274 1675 479 1712 satisfacere,
502 1685 602 1715 quam
637 1675 834 1715 publicanis.

103 1718 187 1749 item
212 1719 253 1749 ab
277 1719 473 1756 aratoribus,
490 1723 524 1748 et
547 1719 725 1758 pecuariiS,
741 1717 834 1747 Verr.

106 1762 140 1792 ii.
156 1764 188 1793 3.
212 1767 251 1792 ut
265 1771 371 1799 arare,
388 1768 427 1792 ut
452 1771 599 1801 pascere,
615 1767 653 1791 ut
675 1762 835 1800 negotiari

103 1804 218 1835 libeat.
243 1805 320 1835 ibid.
334 1806 385 1835 6⁶2.
409 1810 573 1844 quantum
586 1805 626 1835 a'u
638 1804 834 1840 aratoribus,

104 1855 270 1888 quantum
287 1858 307 1879 a
321 1849 582 1887 negotiatoribus,
595 1848 651 1887 qui
667 1848 835 1887 Syracusis

103 1893 327 1930 negotiantur.
361 1892 487 1922 Fontei.
523 1895 549 1921 1.
579 1901 686 1921 unum
716 1901 734 1920 e
763 1896 836 1920 toto

105 1943 227 1974 genere
243 1936 490 1974 negotiatorum,
506 1935 711 1971 colonorum,
729 1933 837 1974 publi-

105 1986 279 2014 canorum,
306 1983 489 2015 aratorum,
516 1973 747 2018 pecuariorum
774 1986 836 2006 nu·-

105 2030 199 2051 mero
213 2025 334 2051 testem
352 2021 549 2060 producant.
565 2022 720 2051 Aratores
732 2020 834 2050 etiam

105 2073 175 2099 non
194 2072 275 2094 sunt
293 2074 425 2103 semper
440 2064 525 2094 cives
541 2064 637 2094 Rom.
660 2063 718 2094 sed
732 2063 835 2093 etiam

105 2107 334 2147 provinciales.
366 2107 459 2137 Verr.
476 2108 522 2137 iii.
539 2110 569 2138 8.
603 2117 679 2136 cum
695 2108 838 2146 negotia-

720 2150 836 2189 Neque

105 2203 183 2224 vero
207 2199 286 2224 sunt
302 2198 513 2229 mercatores,
531 2200 566 2223 ut
584 2192 752 2223 nonnullis
769 2193 839 2232 pla-

104 2242 170 2272 cet.
197 2237 285 2268 Nam
303 2237 343 2267 ab
359 2237 410 2266 his
426 2246 556 2276 quoqne
571 2236 837 2275 distinguuntur.

104 2279 182 2310 Vat.
201 2282 231 2311 5.
262 2280 354 2310 Verr.
371 2281 404 2310 ii.
421 2283 451 2310 3.
480 2279 546 2309 duo
570 2289 692 2318 genera
714 2280 834 2310 civium

103 2322 187 2357 facit
200 2323 236 2353 in
252 2324 434 2363 provincia,
451 2323 593 2352 alterum
610 2332 739 2359 corum,
756 2333 836 2361 quos

104 2366 272 2398 mercibus
302 2366 553 2407 suppeditandis
593 2375 670 2395 cum
707 2370 838 2404 quaestu

105 2409 368 2450 compendioque
393 2410 555 2448 dimittat,
571 2409 627 2447 qui
651 2408 732 2439 adeo
749 2418 839 2439 com-

105 2456 233 2495 meent,
249 2453 338 2492 quod
360 2458 411 2483 est
431 2453 602 2492 propi-ium
619 2451 659 2481 de
677 2456 839 2482 mercato-

105 2495 197 2526 ribus
227 2496 363 2528 verbum
378 2507 389 2534 ;
421 2495 564 2525 alterum
595 2494 727 2531 horum,
758 2504 839 2533 quos

50 2554 55 2560 -
104 2539 262 2577 retineat,
279 2544 317 2570 ut
333 2548 480 2579 pascere,
494 2545 532 2568 ut
548 2538 711 2578 negotiari
726 2537 840 2574 libeat,

105 2588 146 2612 ut
167 2581 311 2621 denique
333 2582 427 2614 sedes
451 2591 488 2612 ac
511 2581 719 2611 domicilium
739 2580 839 2610 collo-

105 2634 193 2655 care.
228 2625 340 2656 Plane.
367 2626 419 2657 26.
450 2625 698 2664 negotiatoribus
723 2623 838 2660 comis,

107 2669 346 2699 mercatoribus
365 2669 490 2708 justus.
536 2668 727 2698 Mercatura
752 2671 838 2696 tem-

107 2711 241 2750 poribus
262 2710 375 2742 liberae
397 2710 588 2751 reipublicae
612 2719 678 2740 non
694 2710 774 2740 satis
791 2709 839 2739 di-

108 2762 178 2792 gua
198 2753 339 2785 honesto
361 2755 432 2785 cive
456 2754 551 2785 Rom.
576 2753 772 2794 putabatur,
797 2762 837 2782 ne

106 2795 188 2826 dum
204 2797 331 2836 equite,
346 2798 404 2828 sed
420 2807 440 2828 a
454 2797 525 2828 fece
542 2796 659 2837 plebis,
674 2795 837 2826 libertinis

106 2839 336 2871 exercebatur.
360 2850 390 2872 v.
419 2841 488 2872 Cic.
513 2840 577 2871 Off.
603 2840 625 2871 i.
652 2841 704 2870 42.
732 2843 767 2868 et
792 2839 836 2869 ibi

106 2880 217 2925 (ὅταν.
250 2882 327 2915 Non
349 2893 429 2925 ergo
452 2883 666 2916 Casaubonus
689 2886 841 2925 tempora

1516 111 1594 150 ³61

876 206 957 236 satis
973 206 1136 242 distinxit,
1147 216 1223 237 cum
1239 207 1279 238 ad
1294 208 1430 238 Sueton.
1446 208 1529 246 Aug.
1541 210 1594 240 42.

876 250 1033 279 scriberet
1050 261 1057 278 ι
1085 249 1294 287 Negotiantes
1309 261 1391 288 esse,
1407 253 1594 291 quicunque

872 292 1016 330 aliquam
1043 294 1283 330 negotiationem
1314 301 1517 331 exercerent,
1533 304 1593 323 cu-

870 335 1016 375 jusmodi
1044 341 1139 365 erant
1166 338 1367 373 centonario,
1394 338 1533 376 sagaria,
1557 336 1594 366 li-

875 379 1004 418 gnaria,
1021 379 1212 408 carbonaria
1227 385 1259 408 ct
1275 380 1406 409 similes.
1438 380 1523 411 Nam
1539 380 1596 418 qui

875 422 936 452 boc
953 431 1057 460 genus
1075 427 1269 452 mercatura²
1286 424 1492 459 exercebant,
1506 423 1598 453 eice-

876 466 963 495 ronis
989 465 1194 505 temporibus
1221 465 1366 495 nondum
1394 471 1598 504 negotiatores

873 508 1078 541 dicebantur.
1109 510 1224 538 Sermo
1240 509 1282 538 ibi
1298 513 1346 538 est
1361 508 1400 537 de
1416 509 1599 539 frumcnta-

874 553 1021 582 tionibus
1051 551 1203 592 publicis,
1234 552 1273 581 de
1313 551 1429 590 quibus
1470 552 1598 591 Lipsius

876 595 981 626 Elect.
1001 595 1021 624 i.
1038 598 1068 626 8.
1092 604 1172 634 quas
1194 595 1363 633 Augustus
1382 594 1496 623 tollere
1515 594 1598 624 vole-

876 639 946 674 bat,
962 638 1018 668 sed
1035 638 1153 668 deinde
1170 639 1216 668 ita
1233 648 1301 668 rem
1324 638 1544 677 temperabat,
1562 641 1600 667 ut

877 691 942 711 non
975 683 1135 712 minorem
1167 682 1328 711 rationem
1363 686 1530 710 aratorum
1565 685 1601 712 et

876 726 1123 763 negotiatorum,
1141 735 1238 763 quam
1257 724 1368 764 populi
1384 724 1532 754 duceret.
1563 722 1601 757 ln

875 778 939 806 qua
965 778 998 798 rc
1030 767 1138 798 locum
1163 769 1225 798 ista
1261 774 1453 797 mercaturae
1478 776 1601 806 genera

876 821 941 841 non
956 811 1089 842 liabent.
1103 813 1215 840 Sermo
1229 819 1339 840 autem
1350 817 1398 840 est
1409 810 1448 840 de
1458 812 1600 849 negotia-

877 855 1289 890 toribusi'rumcnmriis,de
1303 855 1421 893 quibus
1436 864 1522 884 mox.
1533 854 1600 894 Qui

878 908 955 937 ergo
987 897 1123 928 fuerunt
1157 899 1362 936 negotiatores
1379 898 1394 926 f
1431 897 1468 927 Id
1498 906 1600 934 nunc,

876 951 975 979 quam
992 941 1180 971 brevissime
1196 942 1388 981 poterimus,
1400 940 1603 971 docebimus.

878 985 961 1014 Duae
978 984 1091 1014 Romae
1107 991 1214 1021 erant,
1229 984 1373 1014 lioncstae
1391 985 1436 1014 rei
1453 992 1603 1023 quaeren-

877 1027 927 1057 dae
944 1029 1101 1064 rationes,
1117 1038 1256 1066 quarum
1279 1028 1383 1057 altera
1397 1026 1600 1063 foeuerando.

877 1070 980 1100 altera
997 1071 1156 1100 fructibus
1171 1070 1366 1110 praedioruin
1384 1069 1601 1110 percipiendis

877 1120 911 1144 et
927 1114 1105 1143 vendendis
1122 1115 1364 1144 continebatur.
1409 1114 1457 1143 Ab
1474 1113 1530 1143 illa
1544 1113 1601 1142 soe-

878 1162 1060 1194 ncratores‚
1077 1157 1117 1187 ab
1133 1157 1194 1187 hac
1212 1158 1325 1187 rustici
1342 1157 1436 1188 Rom.
1449 1156 1603 1186 diceban-

876 1206 944 1230 tur.
969 1200 1144 1239 Equitibus
1160 1201 1290 1240 propria
1306 1204 1376 1230 erat
1390 1200 1601 1239 vectigalium

877 1243 966 1283 publ.
986 1243 1160 1281 redemtio,
1177 1243 1264 1274 unde
1280 1243 1445 1283 publicani
1457 1243 1549 1273 dicti.
1562 1241 1602 1272 de

878 1286 996 1325 quibus
1019 1287 1193 1326 generibus
1215 1287 1282 1317 suis
1305 1286 1383 1316 locis
1399 1286 1523 1316 dictum
1540 1290 1603 1316 est.

878 1330 942 1360 Sed
958 1340 1032 1360 cum
1051 1335 1147 1360 tanta
1161 1337 1247 1360 esset
1264 1329 1436 1360 bominum
1458 1330 1492 1359 in
1512 1329 1603 1359 omni

877 1373 992 1403 ordine
1007 1374 1113 1412 eopia,
1126 1378 1163 1403 ut
1178 1382 1244 1403 non
1260 1378 1393 1412 possent
1408 1382 1523 1402 omnes
1541 1372 1604 1402 Ro-

880 1425 941 1446 mae
973 1417 1125 1446 soenerari
1155 1416 1325 1456 pecunias,
1351 1419 1409 1446 aut
1441 1417 1474 1446 in
1506 1414 1604 1445 Italia

879 1459 1002 1499 praedia
1028 1460 1160 1496 habere,
1187 1466 1246 1489 aut
1275 1458 1406 1498 publica
1431 1459 1604 1495 redimere,

881 1512 1003 1541 magna
1017 1503 1167 1542 equitum
1182 1502 1448 1542 plebeiorumque
1462 1512 1535 1543 pars
1547 1511 1604 1542 pe-

881 1547 996 1576 cunias
1025 1555 1100 1576 suas
1131 1546 1164 1575 in
1201 1546 1375 1585 provinciis
1409 1545 1604 1585 occupabat.

883 1588 998 1627 ltaque
1022 1591 1154 1628 regione
1177 1588 1288 1627 aliqua
1309 1589 1397 1618 victa
1418 1595 1452 1618 et
1475 1589 1509 1618 in
1533 1598 1605 1627 pro-

879 1632 997 1662 vinciae
1037 1633 1177 1662 formam
1216 1632 1361 1668 redacta,
1393 1631 1608 1662 conserebant

879 1675 1008 1714 equites
1031 1681 1066 1705 et
1089 1675 1221 1715 plebeii,
1237 1675 1291 1714 qui
1317 1674 1482 1711 volebant,
1504 1675 1606 1714 patri-

881 1719 1030 1753 monium
1053 1728 1150 1748 suum
1178 1719 1213 1748 in
1235 1728 1307 1748 cam
1333 1718 1548 1758 provinciam,
1571 1721 1606 1748 et

882 1768 941 1793 aut
953 1762 1103 1799 arabant,
1117 1767 1174 1792 aut
1190 1762 1380 1801 pascebant,
1394 1766 1450 1791 aut
1466 1762 1608 1800 nogotia-

880 1805 1009 1835 bantur.
1044 1805 1280 1844 Negotiactmzts
1302 1810 1414 1836 autem
1439 1804 1509 1834 hoec
1524 1814 1607 1844 prae-

879 1849 979 1887 cipua
1004 1848 1088 1878 ratio
1113 1852 1196 1883 crat,
1223 1853 1260 1877 ut
1290 1849 1444 1887 pecunias
1473 1853 1606 1877 mutuas

879 1891 996 1921 darent
1017 1891 1270 1931 provincialibus
1293 1901 1330 1920 ac
1353 1891 1459 1920 foenus
1475 1900 1607 1920 exerce-

879 1939 977 1972 rent3
1010 1943 1083 1973 quae
1114 1935 1197 1964 ratio
1227 1944 1266 1964 eo
1295 1933 1494 1964 fructuosior
1523 1936 1606 1971 erat,

879 1977 966 2017 quod
993 1977 1086 2007 nulla
1115 1977 1186 2016 lege
1214 1978 1246 2007 in
1274 1977 1446 2016 provinciis
1474 1976 1606 2006 foenorin

879 2021 1075 2060 magnitudo
1119 2021 1348 2050 definiebatur.
1400 2019 1517 2058 ltaque
1561 2019 1607 2049 ibi

878 2073 964 2103 saepe
980 2064 1078 2101 binis,
1095 2064 1211 2100 ternis,
1227 2063 1395 2102 quaternis
1418 2062 1607 2093 centesimis

881 2107 1023 2146 pecunia
1033 2106 1196 2137 collocata
1211 2107 1385 2146 reperitur,
1403 2112 1440 2136 ut
1457 2106 1548 2136 Verr.
1560 2106 1606 2136 iii.

881 2153 933 2189 70.
967 2150 1038 2180 Att.
1056 2150 1098 2179 vi.
1121 2153 1147 2180 Ι.
1163 2153 1194 2180 ⁴2.
1229 2150 1290 2179 nisi
1307 2150 1390 2179 sorte
1407 2149 1530 2179 Praetor
1545 2150 1607 2179 im-

881 2192 1075 2234 pudentiam
1100 2193 1334 2231 negotiatorum
1358 2192 1544 2229 coercebat,
1568 2195 1607 2223 ut

882 2236 998 2267 Cicero
1019 2233 1098 2266 fecit
1123 2236 1143 2266 1.
1169 2246 1196 2265 c.
1220 2241 1254 2265 ct
1276 2236 1346 2273 ejus
1370 2235 1484 2272 frater,
1501 2235 1543 2265 ad
1563 2234 1604 2276 Ω.

883 2279 933 2310 Fr.
951 2280 972 2309 i.
995 2282 1021 2309 1.
1039 2289 1066 2309 c.
1083 2281 1114 2309 Q,
1126 2284 1160 2308 et
1175 2279 1259 2309 Cato
1275 2279 1451 2308 Censorius
1467 2288 1518 2319 ap.
1533 2276 1606 2312 Liv.

882 2323 982 2352 xxxii.
1001 2324 1053 2356 27.
1078 2322 1164 2352 Hinc
1182 2329 1216 2352 et
1228 2321 1336 2352 forum
1357 2322 1608 2360 negotiator-ium

881 2371 1174 2403 commemoratur,
1189 2375 1253 2404 quo
1269 2364 1383 2395 cedere
1399 2367 1609 2403 negotiatores

882 2408 1040 2438 dicuntur
1069 2418 1145 2438 cum
1178 2409 1269 2438 bonis
1295 2411 1502 2438 evertuntur.
1530 2407 1608 2439 «Iam

883 2451 952 2482 haec
969 2452 1168 2482 testimoniis
1192 2451 1417 2482 Ciceronianis
1433 2451 1610 2481 confirma-

883 2495 1002 2525 bimus.
1034 2494 1139 2524 Flacc.
1166 2496 1219 2529 29.
1247 2495 1420 2532 negotiaris
1447 2495 1480 2525 in
1507 2494 1610 2525 libera

883 2538 1029 2568 civitate.
1054 2541 1224 2576 qousque·
1250 2538 1450 2576 mgotiabere
1466 2538 1482 2567 f
1506 2547 1609 2568 annos

874 2580 948 2619 jam
964 2581 1103 2619 triginta
1118 2581 1254 2611 versaris
1269 2590 1301 2610 m
1319 2580 1401 2618 foro,
1416 2582 1474 2611 sed
1495 2586 1609 2611 tamen

883 2624 916 2654 in
933 2624 1146 2663 Pergameno.
1162 2624 1254 2654 Verr.
1271 2624 1316 2653 iii.
1332 2624 1384 2654 60.
1400 2625 1610 2663 negotiatores

881 2666 942 2696 sibi
959 2671 1054 2707 turpe
1072 2671 1206 2706 putant,
1223 2666 1257 2696 id
1272 2667 1381 2697 forum
1397 2667 1537 2708 ejurare,
1553 2666 1608 2697 ubi

879 2713 1090 2748 negotientur.
1103 2710 1144 2739 ad
1158 2709 1199 2750 Ω.
1215 2709 1261 2739 Fr.
1277 2710 1297 2740 i.
1312 2713 1384 2741 lxc.
1404 2713 1431 2741 l.
1441 2711 1612 2749 negotiato-

878 2762 930 2783 res
951 2753 1110 2791 dicuntur
1124 2753 1172 2783 ita
1191 2754 1362 2793 negotiari,
1379 2759 1416 2784 ut
1430 2752 1611 2793 locupletes

880 2796 959 2826 sint.
984 2802 1019 2826 et
1041 2795 1153 2826 addit:
1178 2796 1370 2830 consulatus
1394 2796 1554 2827 beneficio
1575 2805 1609 2825 se

879 2839 1062 2869 incolumes
1087 2838 1206 2870 habere
1227 2840 1378 2870 fortunas
1394 2840 1608 2870 arbitrantur.

877 2882 965 2925 quod
993 2881 1090 2924 quale
1119 2882 1167 2915 nit
1195 2882 1395 2926 intelligitur
1422 2892 1463 2915 cx
1489 2891 1541 2925 ep.
1567 2880 1609 2915 ad
