1804 3178
592 108 735 137 mol-:x
768 108 868 136 LATl
875 109 899 136 N
907 109 1062 138 lTA'rm.

84 193 136 225 uti
158 194 374 235 putabantur.
405 195 458 226 Sic
492 195 529 225 in
560 194 657 225 Brut.
682 197 734 226 ⁶28.
769 197 809 226 12-

82 238 187 268 Oeraee
213 238 313 278 loqui.
343 249 374 269 v.
403 240 542 269 literale-
598 237 687 268 Male
714 239 808 269 illum

81 277 193 312 locum
210 283 450 323 interpretatus
463 288 513 311 cst
530 280 690 312 Gru-vius.

124 323 215 363 Lito,
239 333 390 366 parente,
422 324 537 355 hostiis
562 324 668 363 placo.
705 324 810 355 flacc.

82 368 136 398 ³8.
167 370 298 400 litemus
338 368 494 400 Lentulo.
529 369 660 398 ‘litare
692 368 808 398 ‹licun-

80 414 151 448 tur,
174 414 230 452 qui
262 414 296 443 in
327 412 443 442 hostiis
470 412 557 442 bona
577 416 654 442 exta
680 412 808 442 iuveni·

82 459 157 485 unt.
183 456 259 486 Div.
283 456 318 486 ii.
346 458 395 486 15.
426 455 574 495 proxima
603 455 712 485 hostia
735 458 808 486 lita-

83 501 140 528 tur
161 508 251 539 sepe
282 498 515 539 pulcherrime.
552 497 593 528 cf.
618 509 646 528 c.
675 500 722 529 16.
746 499 810 530 vid.

85 539 228 572 Gronov.
251 541 293 572 ad
327 542 397 572 Liv.
420 543 487 571 viii.
510 545 541 576 9.
574 542 631 572 sed
664 543 808 573 maxime

83 583 247 616 Schwarz.
271 585 313 615 ad
336 585 421 615 Plin.
447 585 525 615 Pau.
550 595 582 625 p.
607 587 680 617 2⁷26.

125 626 260 659 Lilura.
283 628 377 659 Verr.
400 629 421 659 i.
445 630 498 659 36.
523 638 644 659 nomen
675 630 709 659 iu
733 631 808 659 litu-

77 679 119 700 m
133 670 223 702 fecit.
247 671 336 703 ib.ii.
353 674 406 703 4⁶2.
432 682 553 702 uumeu
576 680 627 702 est
644 673 675 702 iu
694 674 807 703 litura.

78 713 112 744 h.
136 724 166 746 e.
189 715 245 745 ubi
270 715 354 746 illud
378 726 499 746 nomeu
517 722 580 752 est,
603 715 695 746 aliud
728 722 806 746 ante

76 755 155 794 fuit,
172 759 261 797 quod
275 758 423 789 deletum
446 768 517 789 esse
540 765 688 799 apparet.

126 800 230 833 Litus.
259 803 344 843 Top.
374 807 405 837 7.
439 802 566 833 solebat
598 802 805 842 Aquillius—-

75 853 154 875 cum
177 845 218 876 de
241 847 385 877 moribus
406 845 697 885 agei-etun—quid
719 851 806 877 esset

75 888 154 919 litus
176 889 224 920 ita
245 889 401 920 definire:
426 899 491 928 qua
508 889 627 919 fluctus
643 889 802 921 eluderet.

76 931 179 972 Atqui
195 931 310 963 Celsus
323 933 357 963 in
371 933 502 972 Digest.
515 931 556 962 de
567 932 666 964 verb.
683 934 800 973 Signis.

75 975 129 1009 96.
163 977 239 1006 litus
264 981 328 1012 est,
351 986 416 1016 quo
444 976 608 1006 maximus
635 977 755 1007 fluctus
783 987 803 1008 a

77 1019 161 1050 mari
182 1019 350 1060 pervenit:
376 1019 474 1059 idque
499 1019 547 1049 M.
561 1019 706 1057 Tullius,
724 1031 800 1051 eum

75 1061 199 1093 arbiter
212 1067 313 1101 esset,
329 1065 455 1103 primus
472 1064 658 1094 coustituit.
679 1063 801 1095 Viden-

75 1104 168 1142 dum,
183 1110 298 1137 utrum
315 1107 349 1137 in
365 1106 427 1137 hoe
446 1105 533 1137 Celsi
548 1106 621 1137 loco
637 1107 800 1146 Aquillius

71 1149 309 1192 corrig-endum
331 1150 389 1186 sit,
406 1150 494 1190 quod
514 1159 564 1180 res
579 1150 741 1190 postulat,
758 1161 800 1182 an

75 1191 191 1224 celsus
217 1192 328 1224 locum
357 1194 525 1224 Ciceronis
553 1203 618 1224 non
645 1201 800 1225 accurate

74 1235 127 1266 vel
141 1237 336 1277 inspexerit,
352 1237 403 1267 vel
420 1238 579 1275 tenuerit,
594 1242 629 1268 et
646 1239 800 1269 memori-

73 1283 128 1310 ter
141 1279 293 1317 laudans,
309 1281 520 1311 aberraverit.

117 1323 250 1355 Limus.
279 1324 345 1355 Div
367 1325 389 1355 i.
416 1327 464 1358 17.
496 1324 583 1355 unde
606 1324 738 1355 dicatur
761 1326 800 1355 Ii-

73 1371 150 1398 tuus
163 1368 353 1407 augurum?
377 1368 448 1398 Att.
461 1368 504 1398 xi.
520 1370 568 1399 12.
592 1369 711 1398 lituum
726 1379 800 1408 pro-

71 1409 225 1442 fectionis
249 1420 332 1442 meae
354 1411 473 1442 fuisse:
505 1411 537 1442 h.
561 1421 590 1441 e.
613 1417 796 1443 auctorem.

71 1463 152 1485 nam
166 1455 245 1485 lituo
258 1464 352 1494 aeque
368 1465 407 1485 ac
418 1455 500 1485 tuba
515 1456 550 1485 in
561 1454 648 1485 bello
662 1456 796 1495 signum

73 1496 184 1528 datur.

92 1576 95 1579 ,
117 1540 253 1578 Lac-are,
266 1551 364 1572 usum
373 1540 514 1581 alicujus
526 1541 571 1572 rei
581 1547 639 1572 aut
649 1541 797 1572 fructum

70 1582 168 1620 alteri
183 1589 275 1624 certa
290 1584 441 1616 mercede
457 1585 649 1615 concedere.
673 1586 797 1617 Caecin.

70 1628 102 1658 6.
133 1629 238 1659 beare
257 1628 413 1659 fundum.
437 1628 533 1659 Rosc.
558 1628 651 1659 Com.
674 1632 721 1660 10.
753 1631 798 1660 Ιο-

69 1680 148 1702 care
161 1681 195 1702 se
211 1671 346 1710 dicitur,
363 1673 419 1712 qui
443 1682 580 1712 operam
596 1681 690 1702 suam
706 1678 799 1704 certa

72 1714 225 1746 mercede
247 1715 342 1746 alteri
361 1715 550 1756 pollicetur.
572 1715 591 1734 ²*
604 1716 798 1747 consistere.

70 1758 167 1790 offic.
182 1759 229 1790 iii.
250 1762 286 1794 17
291 1782 298 1789 .
322 1758 502 1799 prudentia
514 1764 565 1789 est
576 1761 680 1790 locata
693 1760 727 1790 in
743 1759 799 1790 ‹le-

74 1801 165 1834 lectu
180 1803 355 1833 bonorum.
367 1805 386 1823 ³
401 1804 508 1833 locant
533 1803 648 1839 etiam,
665 1804 721 1842 qui
749 1813 799 1833 re-

72 1845 216 1876 demtori
239 1845 365 1886 aliquid
386 1846 558 1877 addicunt.
574 1856 604 1877 v.
621 1846 796 1877 redemtor.

69 1889 162 1920 Verr.
180 1891 202 1920 i.
219 1892 271 1920 54.
295 1890 347 1921 56.
369 1889 441 1920 Att.
457 1899 509 1920 xv.
529 1891 578 1924 17.
600 1889 678 1920 hinc
695 1891 796 1921 etiam

70 1934 183 1964 locatio
196 1934 244 1964 sic
259 1932 394 1970 dicitur,
410 1943 440 1963 v.
457 1944 487 1963 c.
508 1932 579 1964 Att.
597 1934 638 1963 iv.
655 1936 686 1966 3.
702 1934 798 1965 *Att.

72 1976 116 2007 vi.
136 1979 163 2008 1.
187 1976 305 2007 civitas
321 1976 356 2006 in
371 1977 442 2015 ejus
458 1975 522 2007 fide
539 1978 653 2008 locata.

44 2047 50 2055 ,
114 2021 282 2060 Locuples,
311 2019 352 2050 de
380 2020 536 2057 testibus,
568 2021 796 2060 cognitoribus

69 2063 129 2094 διο.
158 2063 290 2094 dicitur.
323 2063 411 2094 Part.
434 2066 488 2094 34.
519 2063 626 2094 Flacc.
654 2067 702 2098 17.
735 2065 795 2096 &c.

69 2106 272 2138 Passeratius
301 2107 344 2137 ad
371 2107 490 2147 Quint.
525 2110 574 2138 11.
609 2108 797 2147 locupletem

59 2149 136 2182 'dici
159 2153 258 2192 putat
273 2161 293 2181 a
306 2149 392 2188 loco,
408 2160 508 2190 quem
527 2150 602 2190 quis
616 2150 795 2182 honestum

68 2192 202 2226 obtinet
223 2195 258 2225 in
281 2194 426 2225 civitate.
449 2195 496 2224 sic
513 2194 694 2234 cognitoris
709 2195 794 2233 ejus,

67 2237 124 2278 qui
140 2247 176 2268 se
190 2237 335 2278 aliquem
352 2247 447 2268 nosse
462 2237 650 2278 profitetur,
667 2234 795 2278 epithe-

67 2286 130 2314 ton
145 2286 198 2313 est
210 2281 383 2312 honestus.
420 2281 485 2311 Sed
500 2291 577 2311 vero
590 2280 731 2312 similior
745 2285 796 2312 est

68 2335 186 2356 eorum
208 2325 388 2362 sententia,
403 2325 460 2364 qui
484 2334 504 2354 a
520 2324 604 2362 loco,
620 2334 679 2365 pro
701 2334 794 2365 agro,

66 2369 173 2401 fundo
197 2368 326 2400 dictum
342 2373 475 2408 putant.
499 2368 655 2399 *Hei-en.
679 2368 722 2399 iv.
739 2371 793 2400 33.

68 2415 123 2447 47.
147 2413 251 2453 copiae
267 2414 441 2452 locupletes.

112 2456 230 2494 Luem,
245 2460 348 2497 caput
364 2455 594 2496 philosophiae,
606 2461 665 2499 aut
681 2456 793 2493 cujus-

67 2509 200 2539 cunque
221 2501 317 2538 artis,
338 2499 488 2530 materia.
511 2499 587 2530 Div.
613 2498 647 2529 ii.
666 2501 694 2529 1.
717 2508 791 2539 per-

67 2546 229 2584 purgatus
253 2547 307 2574 est
333 2544 417 2573 Iocus
440 2541 481 2573 de
509 2542 630 2572 finibus
654 2542 730 2572 bon.
756 2547 791 2573 et

67 2586 146 2622 mal.
161 2596 181 2618 a
194 2587 288 2618 nobis
310 2587 456 2626 quinque
472 2585 573 2616 libris.
592 2584 675 2616 ibid.
692 2585 791 2625 quiu-

65 2634 122 2661 tus
148 2640 226 2660 eum
252 2632 356 2661 locum
381 2629 572 2669 complexus
595 2632 656 2659 est.
681 2628 790 2659 simile

65 2677 119 2704 est
139 2675 211 2705 Att.
227 2674 250 2704 i.
270 2674 318 2705 16.
343 2676 426 2704 locus
449 2672 503 2703 ille
527 2683 546 2703 a
563 2683 615 2702 me
631 2675 682 2703 est
695 2672 792 2702 indu-

66 2721 153 2747 ctus.
178 2717 200 2746 i.
226 2717 266 2747 de
292 2727 332 2747 eo
357 2721 556 2757 argumento
586 2715 651 2746 late
681 2715 790 2746 dicere

66 2760 162 2800 coepi.
188 2759 299 2791 *sunt
319 2761 421 2791 etiam
445 2761 503 2791 loci
526 2759 710 2796 rhetorum,
734 2759 790 2799 qui

65 2807 146 2834 sunt
166 2801 277 2834 fontes
299 2808 586 2844 argumentorum.
613 2803 670 2833 Or.
695 2803 716 2832 i.
734 2805 788 2833 31.

66 2847 102 2879 in
123 2846 256 2886 Topicis
279 2848 412 2887 passim.
429 2848 512 2878 item
528 2848 563 2878 iu
579 2850 648 2877 arte
665 2855 792 2877 merno-

65 2891 137 2923 τῖε.
164 2889 223 2922 Or.
239 2890 274 2922 ii.
290 2893 344 2926 87.
373 2889 484 2926 *Loci
504 2896 619 2924 autem
642 2899 793 2923 commu·

1490 110 1573 159 ³⁴7

854 205 912 225 nes
928 202 1020 233 sunt,
1033 206 1109 227 culn
1127 196 1165 228 de
1183 209 1215 230 re
1229 201 1381 233 universa
1396 208 1573 247 tractatur,

854 249 930 301 gum
948 240 1053 269 oratio
1070 250 1242 274 revocatur
1256 244 1297 274 ad
1313 255 1428 283 genus.
1452 251 1508 281 Or.
1528 253 1574 284 iii.

854 298 906 316 ,4-

931 292 961 313 v.
986 283 1190 315 Communis.
1215 287 1364 326 'statim
1387 290 1421 321 in
1446 303 1478 323 re
1503 295 1571 331 ‹gla-

854 325 995 356 ‹liatoria
1021 332 1054 356 et
1081 328 1228 365 uulitari,
1256 335 1290 361 ut
1315 334 1444 370 gnidus.
1476 337 1574 369 Catil.

853 369 886 398 ii.
909 372 935 399 1.
965 371 1026 399 loco
1048 369 1102 400 ille
1127 377 1234 402 motus
1257 380 1320 411 est,
1337 386 1410 407 curu
1435 389 1474 409 ex
1492 381 1571 412 urbe

852 418 903 442 cst
928 412 1095 453 depulsus.
1128 415 1309 452 ‘dignitas
1341 419 1381 449 ad
1408 422 1481 451 l)iv.
1510 425 1573 456 xiv.

859 459 904 486 18.
944 457 1007 487 isto
1034 458 1096 487 loco
1119 457 1253 489 femina.
1286 460 1327 490 cf.
1359 462 1449 494 Verr.
1475 467 1496 496 i.
1518 470 1572 498 45³.

853 499 972 538 ὀπὸς),
999 499 1110 531 classis
1143 501 1176 531 in
1203 502 1347 533 civitate.
1380 508 1494 545 Quint.
1526 513 1573 541 13.

850 544 948 580 lacus,
974 553 1072 582 quem
1100 544 1329 576 honestissime
1357 549 1512 581 obtinuit.
1543 564 1573 584 v.

852 586 1053 617 Passeratius
1069 588 1109 619 ad
1123 587 1188 618 li.l.
1214 589 1373 621 ‘fundus.
1396 592 1509 631 Agrar.
1527 597 1573 627 iii.

851 631 882 660 2.
920 630 967 660 ita
992 631 1231 671 iuterpretatur
1257 632 1446 672 Turnebus,
1473 648 1572 676 quem

851 673 932 703 vide.
957 674 1048 703 *res
1069 675 1103 705 in
1130 675 1241 706 Caeeil.
1267 679 1316 708 15.
1343 679 1396 708 cui
1420 681 1482 710 loeo
1497 692 1575 712 eon-

849 716 948 746 sulite
966 727 1003 747 ac
1017 718 1196 757 providete.
1214 720 1356 759 *ξι-ηας,
1373 731 1458 761 pars.
1475 725 1571 756 Offic.

849 760 870 789 i.
889 761 920 790 6.
949 762 1018 798 loci,
1037 762 1070 791 in
1094 772 1175 800 quos
1199 762 1328 794 honesti
1353 771 1507 798 naturam
1523 769 1572 800 di-

847 803 995 834 visimus.
1021 804 1098 834 ibid.
1123 808 1170 836 14.
1194 806 1280 837 alter
1299 809 1383 838 locus
1398 812 1573 843 cautionis.

849 846 948 877 Catil.
970 848 1011 877 iv.
1039 851 1086 879 lo.
1119 854 1169 879 est
1192 859 1259 880 uno
1282 852 1343 882 loeo
1360 853 1475 884 melior
1494 865 1573 886 con-

846 889 928 920 ditio
966 894 1109 922 externae
1145 893 1288 923 victoriae
1320 905 1418 934 quam
1457 898 1574 929 dome-

844 934 946 964 sticae.
970 934 1102 964 ¹*Iocum
1127 935 1311 976 relinquere
1334 944 1369 969 et
1391 939 1480 979 dare,
1505 951 1572 974 non

844 977 959 1008 eodem
1005 978 1102 1008 modo
1140 978 1273 1011 dicitur.
1318 982 1410 1013 Verr.
1455 994 1485 1015 v.
1516 989 1568 1017 50.

845 1019 988 1052 sortunae
1008 1021 1147 1062 alicujus
1164 1024 1291 1055 veniam
1308 1033 1342 1056 et
1360 1028 1461 1058 locum
1478 1028 1569 1066 dare,

844 1067 894 1093 cst
922 1065 1104 1103 ignoscere,
1132 1067 1322 1098 concedere.
1355 1069 1488 1102 eluent.
1517 1074 1570 1104 2⁶2.

844 1109 948 1138 cocum
963 1108 1146 1139 defensioni
1165 1119 1231 1140 non
1249 1111 1446 1152 relinquere,
1462 1123 1513 1146 est
1527 1116 1568 1146 de

837 1150 965 1189 judice,
981 1152 1038 1190 qui
1061 1153 1204 1191 pecunia
1223 1160 1396 1195 corruptus
1416 1158 1569 1190 iuutilem

844 1193 1068 1225 defensionem
1087 1195 1204 1227 reddit.
1227 1197 1268 1227 ad
1283 1199 1360 1229 Div.
1378 1200 1398 1230 i.
1416 1204 1441 1231 l.
1465 1204 1569 1233 locum

846 1246 912 1268 non
939 1237 1097 1278 relinquit
1122 1241 1286 1279 precibus,
1313 1242 1352 1272 de
1376 1253 1427 1282 et),
1455 1247 1509 1284 qui
1533 1252 1569 1277 et

845 1290 910 1311 non
928 1286 1062 1321 rogatus
1079 1282 1172 1320 facit,
1186 1293 1258 1323 quae
1272 1285 1438 1325 volumus,
1451 1294 1489 1320 ut
1501 1299 1568 1320 non

843 1334 925 1364 opus
942 1325 985 1355 sit
1001 1326 1163 1365 precibus.
1186 1327 1255 1358 Att.
1267 1329 1308 1358 vi.
1327 1333 1352 1359 1.
1378 1340 1444 1361 non
1459 1339 1510 1363 est
1526 1334 1571 1364 lo-

842 1378 900 1399 cut
910 1369 950 1398 ad
960 1369 1256 1407 tergiversandum.
1271 1372 1418 1404 *Verr.v.
1431 1377 1478 1406 14.
1491 1376 1569 1407 aedi-

843 1410 918 1442 litas
931 1412 965 1442 in
981 1414 1042 1442 loco
1057 1413 1182 1453 posita:
1209 1414 1240 1444 h.
1257 1425 1285 1446 e.
1303 1422 1392 1447 recte
1408 1418 1566 1459 beneque.

887 1455 1020 1486 Locutio
1028 1458 1270 1496 pronunciatio.
1286 1458 1442 1495 Brut.74.
1458 1472 1566 1502 graeca

843 1499 966 1529 locutio.
988 1500 1046 1530 Or.
1063 1502 1112 1533 19.
1137 1501 1245 1531 omnis
1258 1503 1370 1534 locutio
1383 1506 1490 1536 oratio
1501 1512 1566 1544 est,

841 1541 899 1572 sed
921 1543 1062 1573 oratoris
1085 1545 1196 1575 locutio
1210 1544 1270 1576 hoc
1287 1548 1419 1588 proprio
1434 1550 1567 1589 signata

843 1589 893 1615 est
911 1587 1058 1616 nomine.

885 1628 1018 1668 Logica.
1030 1628 1130 1661 Tusc.
1141 1631 1183 1661 iv.
1195 1633 1242 1662 14.
1254 1641 1326 1672 quae
1336 1633 1424 1665 sint?
1439 1635 1480 1666 cs.
1493 1635 1568 1668 Ind.

843 1671 899 1702 Gr.
917 1672 1040 1712 λογικά-

887 1715 1015 1756 Loligo,
1032 1726 1137 1756 genus
1152 1717 1262 1758 piscis.
1285 1719 1360 1750 Div.
1377 1721 1411 1752 ii.
1428 1725 1480 1756 70.

887 1759 1095 1798 Lomentum,
1117 1760 1269 1792 fabarum
1294 1763 1413 1802 farina,
1437 1775 1503 1805 qua
1524 1766 1567 1798 ad

845 1803 1112 1843 interpolandam
1127 1804 1246 1836 faciem
1252 1828 1261 1843 ,
1271 1810 1305 1836 et
1316 1808 1493 1847 tegendam
1509 1810 1566 1840 de·

844 1846 1048 1877 formitatem
1065 1847 1258 1879 utebantur.
1285 1850 1327 1880 ad
1337 1851 1413 1881 Div.
1428 1852 1495 1883 viii.
1515 1856 1566 1885 14.

845 1889 1028 1921 Censuram
1044 1892 1218 1922 lomentum
1234 1897 1269 1923 et
1285 1894 1410 1924 nitrum
1427 1901 1536 1935 putat.

887 1933 1068 1974 Longuzus.
1082 1933 1153 1966 Att.
1165 1936 1229 1966 xvi.
1243 1939 1291 1968 13.
1307 1939 1475 1977 longulum
1486 1949 1565 1970 sane

843 1981 917 2007 nter.

889 2020 1067 2059 Lucanica,
1085 2031 1190 2061 genus
1214 2021 1404 2054 farciminis.
1427 2025 1469 2056 ad
1488 2025 1566 2058 Div.

843 2063 887 2095 ix.
907 2064 957 2094 16.

887 2107 1027 2145 Lucere,
1042 2108 1075 2138 in
1092 2109 1206 2148 primis
1221 2109 1379 2148 eminere,
1394 2120 1564 2152 apparere.

840 2151 910 2182 Att.
926 2151 972 2181 iii.
987 2154 1036 2182 15.
1058 2152 1167 2182 officia
1179 2158 1212 2182 et
1231 2153 1341 2184 studia
1357 2163 1431 2184 mea
1445 2165 1563 2194 parum

842 2199 921 2226 aute
944 2195 1109 2226 luxerunt.
1141 2196 1183 2226 cf.
1207 2195 1301 2227 Brut.
1325 2201 1355 2231 7.
1388 2197 1472 2228 Phil.
1494 2199 1564 2231 xiii.

844 2241 893 2269 11.
924 2241 1122 2269 ornamenta
1143 2238 1177 2269 in
1194 2240 1317 2270 virtute
1340 2246 1375 2270 et
1398 2241 1562 2274 industria

839 2281 947 2322 posita
959 2283 1074 2312 lucent.
1090 2281 1190 2312 *Mat
1203 2284 1255 2313 23.
1272 2293 1321 2314 res
1336 2284 1406 2324 ipsa
1417 2286 1500 2316 lroeet
1511 2290 1564 2318 tot

838 2330 909 2355 tam
926 2324 1022 2355 claris
1037 2326 1244 2365 arg-umentis
1259 2327 1439 2367 signisque.
1463 2328 1527 2360 Off.
1539 2330 1562 2361 i.

838 2372 870 2403 9.
894 2372 977 2399 extr.
989 2369 1128 2407 aequitas
1140 2371 1222 2399 lucet
1234 2370 1303 2409 ipsa
1320 2381 1378 2410 per
1386 2380 1443 2410 se3
1467 2372 1564 2404 dubi-

839 2412 922 2442 tatio
938 2412 1175 2450 cogitationem
1192 2413 1357 2452 siguificat
1374 2414 1515 2453 injuriae.

884 2455 1048 2485 Lucerna.
1074 2455 1144 2486 Att.
1157 2456 1221 2486 viii.
1235 2458 1267 2487 9.
1294 2457 1408 2488 eadem
1427 2460 1561 2492 lucerna

838 2499 924 2533 hanc
947 2497 1120 2538 epistolam
1144 2500 1272 2540 scripsi,
1288 2510 1355 2540 qua
1373 2501 1562 2536 inflamma-

838 2552 908 2573 ram
924 2546 1031 2572 tuam.

883 2585 1039 2616 Luc-rari.
1067 2584 1159 2616 Verr.
1184 2586 1204 2616 i.
1229 2588 1277 2618 12.
1306 2588 1452 2619 [ιιι-νεων-
1474 2589 1560 2620 indi·

838 2629 890 2659 cia
915 2628 1034 2658 veteris
1063 2628 1228 2659 infamiae:
1261 2630 1282 2660 i.
1306 2640 1335 2660 e.
1358 2640 1425 2661 non
1448 2633 1562 2664 audiet

837 2672 997 2709 facinora,
1014 2681 1079 2702 uon
1097 2672 1327 2712 proferentur:
1352 2675 1439 2714 quod
1455 2676 1509 2706 ille
1525 2678 1560 2707 in

837 2715 929 2746 lucro
945 2715 1042 2745 debet
1058 2725 1190 2755 ponere.
1235 2717 1288 2747 Sic
1312 2717 1417 2748 Graeci
1442 2719 1476 2750 τὲ
1497 2732 1560 2763 ang-

837 2756 946 2790 διιίηιν.
962 2758 1035 2788 Act.
1050 2759 1164 2799 Apost.
1181 2760 1279 2791 xxvii.
1295 2762 1348 2792 21.

883 2802 1045 2839 Lucrum,
1061 2802 1100 2832 de
1125 2802 1222 2841 bono,
1238 2803 1326 2843 quod
1348 2808 1469 2845 praeter
1489 2807 1559 2847 opi-

839 2845 974 2876 nionem
1005 2846 1159 2886 contigit.
1189 2847 1231 2878 ad
1260 2847 1336 2878 Div.
1367 2849 1409 2878 ix.
1440 2851 1489 2883 17.
1519 2849 1561 2881 de

838 2891 926 2922 lucro
936 2899 1038 2933 prope
1045 2889 1119 2931 jam
1131 2890 1387 2931 quadriennium
1399 2892 1539 2924 vivimus
1547 2905 1558 2924 τ
