1790 3219
129 74 214 112 454

131 169 189 201 ubi
206 168 353 207 additur,
379 178 470 200 nunc
486 171 621 210 tempus
639 169 771 200 nullum
802 173 852 201 est
867 183 874 200 ε

135 214 157 245 i.
173 224 203 244 e.
220 223 312 244 nunc
329 213 413 243 nihil
436 217 488 243 est
514 216 649 254 propter
665 213 752 252 quod
781 213 814 244 id
828 214 877 243 fa-

135 258 239 289 ciant.
284 257 390 288 Aliter
430 262 542 286 autem
576 261 628 287 est
655 256 726 287 hiec
756 257 875 294 forma,

138 301 243 332 Attio.
262 312 293 332 x.
329 304 355 331 1.
380 310 420 330 ex
435 305 574 340 tempore
594 300 710 330 futura
735 310 873 338 censes;

131 351 260 385 'nempe
279 354 350 385 pro,
362 355 400 374 ex
419 345 574 384 praesenti
592 350 753 384 tempore.
778 344 795 362 ³*
814 344 876 373 Ca-

139 388 190 419 til.
208 389 229 419 i.
248 389 278 420 6.
304 387 387 418 nihil
406 388 544 425 moliris,
561 387 648 427 quod
667 388 746 417 mihi
771 387 875 417 latere

141 431 251 462 valeat
267 432 299 462 in
316 436 465 472 tempore.
512 432 659 461 Grzevius
675 431 874 470 interpreta-

139 479 218 506 tur:
247 478 438 515 tempestive.
471 485 578 514 neque
605 475 720 504 dubito
745 474 806 503 hoc
833 474 875 502 si-

139 520 299 559 gnificare
315 521 348 549 ’ἑη
364 524 504 559 tempore
519 528 624 558 posse.
637 518 692 547 sed
710 517 789 555 quid
802 524 852 546 cst
866 528 872 546 :

137 563 223 594 nihil
237 563 318 594 mihi
330 563 412 593 latet
424 562 642 601 tempestive?
660 570 723 590 non
739 567 787 589 est
801 570 875 600 pro-

137 606 227 637 fecto
257 607 456 637 conveniens
487 606 564 635 huic
595 604 666 633 loco
696 605 874 634 sententia.

138 649 257 690 Neque
275 650 532 681 ciceronianum
561 651 661 687 puto:
688 647 790 677 latere
821 657 874 677 va-

139 693 199 732 let,
218 705 278 734 pro
294 697 414 735 potest.
439 692 456 711 *
473 691 511 721 In
526 690 686 729 singulari
703 701 762 730 pro
778 698 872 731 parte

132 738 272 778 eapitis,
304 737 343 767 de
374 745 439 775 qua
475 734 638 774 pluralem
678 734 778 764 modo
809 735 873 764 dici

136 780 352 811 Grammatici
368 778 578 819 praecipiunt.
602 779 726 808 Heren.
751 780 792 807 iv.
820 781 871 809 55.

136 829 171 854 et
187 824 355 855 dubitanti
381 821 700 860 Graccho—tempus
717 822 873 861 percutit.

137 867 297 898 Similiter
313 867 396 897 dixit
414 865 565 896 Catullus
579 866 613 895 in
633 866 737 905 Nupt.
753 865 821 896 Jul.
839 871 873 896 et

132 911 240 943 Maru.
262 915 331 945 159.
355 915 481 950 tempus
491 909 686 940 tremulum.

182 955 360 985 Tenaeztas.
399 954 478 984 Nat.
510 954 552 984 D.
580 953 612 983 ii.
639 955 692 986 47.
718 951 869 991 quaedam

135 999 295 1029 animalia
307 998 471 1038 unguium
485 998 658 1028 tenacitate
669 996 779 1026 cibum
791 997 871 1027 arri-

135 1043 244 1083 piunt.

180 1086 371 1117 Tendiculoe.
390 1085 514 1116 Caecin.
531 1086 582 1116 93.
599 1084 742 1124 aucupia
756 1085 871 1114 verbo-

134 1139 209 1161 rum
236 1138 269 1160 et
293 1131 467 1160 literarum
490 1128 688 1159 tendiculae:
714 1133 794 1158 sunt
820 1129 870 1158 in-

134 1177 321 1214 terpretum
340 1173 421 1212 legis
439 1177 497 1203 aut
519 1173 631 1209 edicti,
649 1182 725 1201 eum
744 1172 778 1201 in
796 1171 870 1202 lite-

133 1217 178 1247 ris
204 1220 238 1248 et
263 1218 369 1248 verbis
394 1216 658 1253 calumniantur,
675 1220 710 1245 et
736 1215 868 1246 literam

132 1261 234 1292 nimis
251 1266 368 1291 eontra
382 1270 496 1290 verum
514 1267 547 1290 et
565 1269 697 1299 aequum
714 1264 848 1298 urgent.

178 1305 335 1342 Tendere,
351 1306 481 1341 offerre,
498 1304 677 1343 porrigere.
701 1302 758 1332 Or.
775 1303 796 1332 i.
811 1306 865 1334 40.

131 1358 231 1388 opem
257 1348 372 1378 amicis
390 1353 424 1377 et
454 1357 555 1387 prope
581 1346 712 1377 cunctis
743 1346 868 1378 civibus

131 1391 242 1422 lucem
258 1392 384 1430 ingenii
410 1396 444 1421 et
468 1390 597 1420 consilii
623 1391 674 1420 sui
699 1390 869 1429 porrigen-

131 1439 203 1466 tem
243 1440 344 1475 atque
386 1435 578 1465 tcmlentem.
616 1434 635 1452 *Ψ
652 1434 868 1472 contendere,

131 1489 292 1519 pugnare.
317 1479 386 1509 Fin.
400 1479 434 1509 ii.
453 1481 481 1509 5.
506 1478 584 1517 quid
599 1487 676 1516 ergo
688 1478 790 1507 tendit
803 1478 819 1507 ‚7
837 1488 866 1508 v.

131 1523 245 1554 Davis.
263 1523 303 1553 ad
320 1522 350 1552 h.
369 1522 390 1552 l.
415 1522 487 1552 Hoc
510 1531 607 1551 sensu
635 1521 727 1551 Livio
751 1521 784 1551 in
802 1522 868 1561 pri-

131 1567 195 1597 mis
227 1567 402 1597 usitatum.
432 1576 461 1596 v.
490 1565 593 1595 Gron.
621 1566 664 1595 ad
692 1564 783 1595 xxiii.
818 1567 866 1596 14.

133 1611 235 1642 xxxii.
248 1612 300 1641 3⁶2.

177 1654 340 1692 Tonebroe,
356 1653 564 1695 perturbatio
580 1653 721 1693 reipubl.
739 1652 866 1683 bellum

131 1697 238 1728 civile.
262 1698 359 1729 Rosc.
385 1699 460 1728 Am.
478 1699 530 1728 32.
555 1698 623 1736 qui,
648 1702 820 1736 tamquam
839 1698 866 1727 si

129 1742 237 1772 offusa
261 1742 341 1782 reip.
372 1742 574 1781 sempiterna
600 1750 664 1771 nox
691 1744 790 1777 esset,
820 1742 868 1771 ita

130 1786 273 1816 ruebant
285 1787 317 1815 in
328 1786 475 1822 tenebris,
485 1785 662 1824 omniaque
672 1785 865 1814 miscebant.

129 1829 207 1859 Sen.
225 1839 256 1868 p.
274 1829 311 1859 R.
329 1833 358 1860 3.
384 1839 424 1859 ex
435 1829 613 1868 superioris
629 1829 706 1858 anni
724 1828 866 1867 caligine

132 1878 167 1902 et
194 1873 339 1903 tenebris.
364 1872 465 1903 Dom.
486 1875 532 1902 10.
556 1882 629 1910 quae
653 1877 726 1902 tum
744 1872 778 1901 in
802 1872 866 1902 illis

130 1916 272 1956 reipubl.
288 1916 672 1946 tenebris—constituisti
688 1928 695 1945 :
718 1915 797 1946 ibid.
811 1918 865 1946 44.

130 1960 195 1991 illis
211 1960 317 1990 tantis
339 1961 485 1991 tenebris.
504 1959 545 1990 cf.
563 1959 604 1989 ad
627 1960 703 1990 Div.
732 1959 787 1990 xii.
816 1962 864 1990 13.

125 2003 151 2021 ⁴*
160 2003 230 2033 Att.
246 2004 301 2034 vii.
326 2007 374 2034 11.
399 2013 522 2043 quaeso,
539 2003 618 2042 quid
636 2003 748 2042 agitur
764 2003 777 2033 ?
804 2003 865 2033 nii-

132 2046 166 2078 hi
191 2048 280 2077 enim
304 2048 452 2077 tenebrae
474 2052 564 2077 sunt.
589 2050 608 2068 *²
626 2048 763 2077 tenebrae
787 2052 867 2077 sunt

132 2091 235 2121 etiam
253 2091 426 2121 hominum
443 2091 648 2130 abjectorum
672 2097 706 2121 et
732 2090 867 2121 humili-

130 2143 188 2165 um
214 2138 248 2164 et
271 2145 458 2175 pravorum.
491 2136 567 2164 Sen.
595 2145 627 2174 p.
655 2134 693 2164 R.
716 2137 748 2165 4.
773 2144 866 2165 mens

132 2178 266 2219 oppleta
280 2179 428 2208 sordibus
453 2188 492 2208 ac
518 2179 675 2208 tenebris.-
707 2178 797 2208 unde
814 2178 866 2208 Pi-

134 2232 205 2253 son.
235 2223 287 2253 96.
321 2224 471 2252 tenebras
501 2221 647 2262 appellat
676 2221 865 2260 hujusmodi

132 2265 313 2295 hominem.
337 2266 356 2284 ³*
373 2267 507 2296 Μηρὸν-α’
522 2270 602 2295 sunt
628 2265 730 2295 etiam
759 2265 867 2295 homi·

134 2310 199 2345 nis,
216 2310 262 2339 ita
277 2310 310 2339 in
328 2310 497 2348 angus÷ias
516 2309 655 2346 redacti,
669 2314 708 2339 ut
726 2314 865 2346 tumet,

132 2353 339 2391 nesciatque,
356 2353 434 2392 quid
447 2357 534 2393 agat.
553 2354 587 2383 in
604 2352 716 2383 Caecil.
736 2355 784 2382 14.
809 2353 865 2392 qui

129 2396 194 2426 tibi
204 2403 259 2426 test
267 2406 316 2434 us,
332 2398 386 2436 qui
397 2406 499 2434 error,
508 2406 581 2435 quae
590 2397 727 2427 tembroe
738 2402 837 2426 erunt
850 2398 863 2427 ?

133 2438 153 2458 ὓ
168 2439 206 2468 de
225 2439 413 2470 vehementi
430 2440 535 2470 animi
550 2440 789 2477 commotione,
805 2441 866 2470 tri-

131 2483 224 2513 stitia
242 2484 299 2513 &cu
322 2483 422 2514 Tusc.
440 2484 486 2514 iii.
503 2486 556 2514 34.
580 2484 606 2514 si
625 2483 704 2523 quid
720 2485 865 2515 tenebra-

130 2533 209 2557 rum
226 2526 352 2556 obfudit
369 2527 518 2558 exilium.

178 2569 412 2608 Tenebrieosus,
459 2571 512 2601 cui
558 2571 708 2602 tenebrae
749 2570 864 2602 ofl'usae

131 2618 224 2650 flunt,
241 2618 280 2643 ut
296 2614 405 2644 videre
422 2624 536 2644 verum
552 2624 619 2644 non
631 2616 746 2654 possit.
762 2615 863 2646 Acad.

128 2657 174 2688 iv.
191 2658 242 2687 23.
267 2666 335 2686 esse
352 2667 466 2687 sensus
490 2658 624 2697 quidem
653 2668 719 2689 non
746 2659 864 2689 obscu-

126 2710 184 2732 ros
201 2699 294 2736 dicit,
311 2710 371 2730 nec
392 2703 606 2740 tenebricosos,
624 2703 671 2732 sic
698 2703 789 2732 enini
807 2712 864 2742 ap-

128 2743 234 2785 pellat
250 2743 452 2774 eos—Chius
470 2745 691 2776 Metrodorus.
715 2745 735 2764 ⁵*
750 2746 862 2776 Vatin.

130 2790 162 2818 5.
186 2787 502 2818 tenebricosissimum
530 2788 613 2819 illud
636 2794 771 2829 tempus
794 2790 865 2819 ine-

129 2831 220 2860 untis
254 2831 360 2860 aetntis
389 2836 458 2861 tuae
488 2832 597 2871 patiar
626 2832 747 2863 latere:
770 2832 807 2864 h.
836 2843 866 2864 e.

121 2883 195 2914 quo
212 2873 319 2906 adhuc
344 2874 504 2906 obscurus
527 2880 562 2906 et
588 2876 752 2916 sordidus,
777 2877 866 2918 abje-

668 79 814 110 lNDEx
846 77 980 110 LATIN
988 79 1142 110 [rans.

921 176 1008 207 ctus,
1021 169 1121 200 homo
1137 177 1229 206 eras;
1256 168 1293 198 ut
1316 177 1356 199 ex
1372 167 1587 207 sequentibus
1603 165 1657 199 in»

921 214 1097 253 telligitur.

965 257 1165 287 Tenehrlcus.
1176 254 1277 285 Tusc.
1287 255 1320 285 ii.
1334 259 1365 289 9.
1377 255 1535 285 tenebrica
1544 253 1658 294 plaga«

964 301 1078 331 Tener.
1103 301 1143 330 de
1158 299 1313 330 omnibus
1340 299 1436 328 rebus
1463 298 1598 335 dicitur,
1612 298 1652 328 de

919 345 1038 382 quibus
1056 343 1162 373 mollis
1178 343 1243 373 dici
1259 343 1353 372 solet.
1386 342 1443 372 Or.
1460 341 1506 371 iii.
1523 344 1577 372 45.
1601 341 1652 370 ni—

918 386 963 416 hil
981 391 1032 417 est
1047 392 1117 416 tam
1142 391 1290 417 tenerum
1316 395 1422 425 neque
1440 391 1509 415 tam
1527 384 1654 414 flexibi-

918 430 1106 469 1e‚--quam
1124 431 1241 460 oratio.
1268 439 1388 469 nempe
1410 430 1515 458 oratio
1540 433 1653 458 tenera

919 478 981 510 est,
998 478 1164 511 quatenus
1181 474 1277 503 variis
1301 473 1406 503 modis
1433 472 1654 502 collocatione

918 521 951 546 et
968 526 1107 546 numero
1124 516 1258 546 formari
1285 521 1407 556 potest,
1422 522 1461 546 ut
1484 525 1571 552 cera,
1589 523 1652 544 vox

919 561 979 590 ἃς.
998 560 1039 590 cf.
1050 559 1212 590 flexibilis.
1226 560 1282 589 sod
1299 561 1396 590 aliter
1408 559 1530 589 dicitur
1541 563 1656 589 tenera

917 605 1035 640 oratio,
1066 604 1160 633 Brut.
1190 607 1221 637 9.
1246 603 1423 633 Phalereus
1448 603 1576 643 primus
1602 602 1655 632 in-

917 647 1009 677 flexit
1025 647 1224 683 orationem,
1247 651 1281 676 et
1304 657 1377 677 earn
1403 647 1538 677 mollem
1566 651 1652 676 tene-

916 701 1052 731 ramque
1067 690 1210 720 reddidit
1225 702 1231 719 z
1267 700 1387 730 nempe
1405 690 1444 720 de
1461 700 1500 720 eo
1517 698 1653 729 genere,

916 735 1004 773 quod
1027 734 1185 770 nitidum,
1203 733 1355 775 ’γλαφυρὴ
1368 733 1502 770 dieitur,
1528 735 1562 763 in
1587 743 1653 772 quo

916 778 1000 808 nulli
1031 779 1135 815 nervi,
1168 777 1263 807 nulla
1287 778 1445 816 asperitas
1468 776 1651 816 judicialis,

917 821 1000 852 nulli
1018 821 1125 852 aculei
1145 833 1154 859 3
1190 821 1247 851 sed
1264 820 1351 859 quod
1367 826 1478 850 totum
1504 819 1547 850 ad
1562 820 1651 850 dele-

915 866 1097 896 ctationem
1115 870 1345 905 comparatum
1363 869 1425 894 est.
1440 864 1459 883 ³*
1474 864 1650 895 Div.i.31.

915 913 1036 949 pot-'ma
1051 914 1198 940 tenerum
1216 912 1251 938 et
1273 912 1439 938 moratum
1462 912 1497 937 et
1523 907 1622 938 molle
1639 918 1648 937 t

915 953 951 982 h.
968 963 996 982 e.
1022 952 1110 992 quod
1140 956 1276 992 propter
1306 962 1427 989 mores,
1456 951 1651 992 planissime

913 1006 1096 1037 expressos,
1134 996 1280 1026 multum
1326 996 1499 1026 suavitatis
1537 995 1651 1026 habet.

903 1040 932 1073 ,ἥ
949 1041 1004 1079 qui
1020 1040 1118 1070 facile
1134 1048 1234 1069 sensu
1247 1039 1386 1078 alicujus
1402 1040 1449 1070 rei
1461 1049 1651 1069 commove-

912 1088 979 1114 tur.
1004 1084 1046 1113 ad
1062 1084 1256 1114 Div.v.21.
1280 1085 1437 1114 teneriore
1464 1083 1577 1113 animo
1600 1093 1652 1114 es-

912 1138 958 1158 se.
974 1127 1074 1157 Tusc.
1097 1127 1147 1157 iii.
1168 1127 1199 1158 6.
1222 1129 1273 1156 est
1296 1127 1330 1156 in
1351 1127 1471 1157 animis
1498 1131 1647 1157 tenerum

912 1171 1069 1210 quiddam
1088 1176 1187 1210 atque
1201 1170 1312 1207 molle,
1330 1170 1418 1209 quod
1434 1170 1648 1210 aegritudine,

911 1215 1004 1254 quasi
1023 1218 1238 1254 tempestate,
1264 1215 1449 1253 quatiatur.
1481 1213 1501 1232 ¹*
1516 1213 1588 1244 Att.
1603 1214 1648 1245 vi.

912 1261 943 1290 2.
979 1258 1089 1289 insula
1111 1262 1224 1288 tenera
1247 1258 1370 1288 dicitur
1403 1257 1545 1299 Cyprus,
1569 1267 1649 1298 pro-

913 1307 988 1343 pter
1000 1302 1172 1332 mollitiem
1190 1301 1387 1332 incolarum.
1416 1304 1418 1306 ’

956 1346 1090 1382 Tenere,
1105 1350 1254 1385 tangere.
1280 1345 1361 1376 Har.
1377 1346 1418 1376 R.
1441 1347 1489 1375 11.
1521 1349 1647 1376 terram

910 1394 1018 1420 tenere
1029 1399 1095 1420 non
1107 1390 1226 1429 potuit.
1243 1389 1290 1419 sic
1305 1394 1394 1419 recte
1405 1389 1647 1429 interpretatur

910 1434 1073 1471 Graevius,
1089 1443 1187 1472 quem
1205 1433 1288 1464 vide.
1311 1436 1330 1454 ²*
1346 1433 1525 1471 sustinere,
1543 1443 1584 1463 ne
1600 1433 1648 1463 la-

910 1477 1010 1507 batur
1026 1487 1076 1508 res
1098 1483 1132 1507 et
1162 1477 1316 1507 intereat.
1339 1478 1397 1508 Or.
1416 1477 1462 1507 iii.
1478 1479 1532 1508 45.
1554 1480 1647 1508 terra

910 1526 1037 1551 tenetur
1053 1527 1139 1550 nutu
1156 1531 1226 1551 suo.
1261 1521 1340 1552 Nat.
1368 1521 1411 1552 D.
1444 1521 1477 1550 ii.
1501 1523 1553 1552 53.
1577 1521 1649 1551 vita

908 1566 1014 1595 trihus
1032 1565 1128 1594 rebus
1145 1568 1282 1595 tenetur.
1316 1564 1335 1583 ²*
1351 1565 1386 1594 in
1403 1567 1569 1604 potestate
1584 1573 1647 1595 sua

910 1608 1043 1646 habere,
1070 1618 1195 1647 regere.
1221 1608 1312 1639 Sext.
1340 1611 1388 1642 19.
1412 1612 1521 1638 tenere
1536 1617 1644 1648 remp.

909 1653 998 1682 unde
1016 1653 1070 1692 qui
1082 1656 1203 1689 teneat,
1215 1651 1352 1688 dicitur,
1366 1652 1488 1682 omisso
1505 1651 1646 1692 reipubl.

909 1697 1006 1726 verbo
1029 1698 1100 1726 Att.
1128 1696 1162 1726 ii.
1184 1699 1232 1726 18.
1256 1696 1310 1725 vii.
1332 1697 1379 1726 12.
1404 1695 1494 1726 Mur.
1518 1698 1572 1730 39.
1593 1698 1646 1725 to-

908 1744 978 1770 tam
998 1750 1102 1780 remp.
1120 1740 1154 1769 in
1172 1740 1233 1769 hac
1244 1749 1345 1769 eausa
1360 1740 1471 1770 tenetis
1480 1743 1515 1769 et
1526 1739 1647 1779 guber-

910 1784 1008 1814 natis.
1034 1783 1075 1813 ad
1090 1783 1166 1813 Div.
1186 1784 1230 1814 xi.
1249 1783 1297 1813 16.
1312 1793 1388 1813 cum
1404 1783 1554 1822 equitum
1568 1792 1649 1813 cen-

908 1828 1013 1857 turias
1030 1832 1150 1864 teneam,
1174 1827 1209 1857 in
1233 1827 1352 1866 quibus
1370 1837 1499 1866 regnae.
1524 1827 1596 1857 Att.
1611 1837 1646 1858 x.

914 1873 961 1901 ll.
985 1881 1046 1911 ego
1063 1881 1175 1901 meum
1199 1870 1296 1901 facilc
1311 1876 1413 1902 teneo.
1426 1871 1445 1889 ²*
1457 1871 1646 1908 continere,

909 1916 1099 1955 reprimere.
1124 1914 1194 1944 Fin.
1210 1914 1245 1944 ii.
1270 1918 1301 1948 7.
1325 1920 1431 1945 tenere
1453 1924 1488 1944 se
1505 1923 1571 1944 non
1588 1923 1648 1954 po-

907 1960 987 1988 tuit.
1004 1959 1046 1988 cf.
1064 1958 1164 1988 Aead.
1191 1958 1233 1988 iv.
1249 1961 1280 1989 4.
1304 1958 1397 1989 Verr.
1413 1959 1462 1989 iii.
1481 1962 1509 1989 1.
1537 1962 1646 1988 tenere

909 2003 1120 2042 cupiditates.
1138 2002 1156 2020 *²
1169 2003 1339 2041 consequi,
1356 2002 1445 2042 quod
1459 2001 1553 2039 velis,
1565 2010 1646 2031 con-

910 2047 1007 2076 ficere
1027 2056 1109 2076 rem.
1126 2045 1167 2076 ad
1183 2046 1260 2076 Div.
1277 2046 1299 2076 i.
1328 2049 1355 2076 1.
1378 2055 1428 2076 res
1445 2046 1544 2076 aliter
1559 2049 1646 2075 teue-

909 2091 939 2120 Τι’
956 2099 1022 2120 non
1046 2093 1166 2130 potest.
1190 2090 1282 2120 Sext.
1308 2092 1362 2121 32.
1385 2100 1438 2121 res
1448 2089 1522 2128 jam
1538 2088 1647 2119 mani*-

911 2134 970 2164 bus
986 2138 1124 2164 tenetur.
1142 2132 1222 2173 Agr.
1240 2133 1275 2164 ii.
1294 2137 1343 2167 17.
1361 2134 1416 2173 qui
1433 2143 1492 2174 per
1507 2141 1644 2162 cursum

910 2181 1038 2208 rectum
1057 2187 1197 2216 regnum
1216 2181 1322 2208 tenere
1347 2187 1414 2208 non
1438 2179 1643 2217 potuerunt:

905 2225 1021 2251 sumta
1046 2231 1065 2251 a
1087 2221 1298 2260 navigatione
1327 2220 1485 2258 formula,
1512 2221 1547 2250 in
1577 2229 1644 2259 qua

910 2271 1022 2295 nautae
1049 2265 1208 2295 dicuntur
1232 2268 1365 2305 portum
1389 2269 1511 2301 tenere,
1534 2268 1574 2294 ut
1599 2263 1642 2294 ad

908 2309 986 2339 Div.
1017 2309 1038 2338 i.
1065 2313 1097 2343 9.
1119 2308 1138 2327 ²*
1154 2309 1298 2348 assequi,
1327 2308 1528 2347 intelligere.
1553 2307 1643 2338 Sext.

913 2356 961 2383 10.
995 2352 1183 2382 reconditos
1211 2362 1326 2382 sensus
1354 2351 1495 2391 alicujus
1524 2355 1643 2381 tenere.

909 2399 928 2418 ²*
946 2397 1007 2426 uti.
1031 2396 1136 2427 Tusc.
1148 2397 1191 2426 iv.
1209 2399 1240 2427 3.
1274 2397 1353 2435 quia
1372 2395 1457 2427 nihil
1472 2394 1643 2435 prolatum

908 2447 980 2470 erat
1012 2439 1145 2477 melius,
1177 2439 1223 2478 id,
1250 2440 1338 2479 quod
1364 2443 1449 2476 erat,
1481 2439 1642 2469 tenebant.

909 2483 1015 2514 Flacc.
1030 2485 1080 2514 23.
1091 2483 1162 2521 jam
1175 2482 1210 2513 id
1223 2484 1333 2514 videro
1346 2495 1356 2522 ς
1373 2482 1432 2513 sed
1442 2482 1588 2522 primum
1603 2481 1644 2511 il-

907 2527 965 2558 lud
975 2528 1089 2558 tenebo.
1099 2528 1279 2565 *retinere,
1287 2525 1558 2563 obtinere‚tueri.
1566 2525 1646 2556 Mu·

907 2581 976 2602 ren.
990 2573 1041 2602 ⁶28.
1058 2572 1226 2602 tenebatur
1239 2580 1340 2611 opera
1350 2570 1439 2601 illius
1451 2569 1644 2609 imperium.

907 2615 977 2645 Att.
995 2615 1063 2645 xiii.
1079 2618 1132 2646 48.
1158 2619 1266 2646 tenere
1289 2613 1522 2644 hereditatem.
1547 2612 1644 2644 Verr.

907 2659 954 2689 iii.
970 2662 1022 2693 75.
1047 2663 1154 2689 tenere
1177 2658 1354 2699 pecuniam
1380 2656 1473 2697 publ.
1490 2655 1570 2687 ibid.
1585 2659 1641 2690 73.

907 2702 995 2742 quod
1010 2703 1156 2742 pretium
1183 2701 1424 2738 constituisset,
1441 2699 1476 2731 id
1500 2699 1645 2730 civitati-

906 2746 967 2776 bus
994 2746 1123 2776 au-ferre
1143 2758 1149 2776 :
1175 2744 1262 2785 quod
1289 2755 1309 2775 a
1323 2744 1447 2784 populo
1467 2744 1565 2774 Rom.
1587 2752 1646 2773 ac-

907 2791 1063 2830 cepisset,
1079 2795 1196 2820 tenere.
1219 2789 1293 2819 Act.
1305 2789 1327 2819 i.
1341 2789 1435 2819 Verr.
1452 2790 1485 2819 Β.
1507 2786 1566 2817 sed
1581 2795 1641 2816 nos

907 2843 973 2864 non
990 2834 1168 2864 tenebimus
1184 2832 1459 2870 udiciajdiutius.
1474 2830 1517 2861 ad
1531 2829 1571 2869 Ω.
1587 2829 1641 2861 Fr.

907 2877 943 2909 ii.
956 2878 988 2910 6.
1019 2878 1073 2909 vix
1089 2877 1227 2916 tenebat,
1242 2886 1289 2909 sc.
1303 2875 1466 2908 familiam
1482 2873 1644 2916 gladiato—
