1804 3178
625 141 766 171 iunzx
800 131 1100 176 LATINITATIS.

167 228 426 269 Gra-amputatio.
450 228 530 268 ch.
557 229 591 258 ii.
618 231 670 260 ²24.
695 229 838 268 Legibus

120 274 229 303 omnis
252 273 493 312 circumlmtalio
508 271 656 302 tollitur:
681 279 731 302 est
755 273 839 315 πορί-

120 313 226 346 ’unco
248 317 451 354 Groecorum,
469 325 562 346 coenu
588 315 747 354 funebris,
772 318 840 346 sni-

120 360 285 391 cei-nium.

169 403 418 434 circum-odere.
442 402 562 433 Attiv.
578 405 607 434 5.
633 402 759 433 dudum
776 408 839 434 cir-

116 448 280 483 cumr-odo,
297 447 384 486 quod
401 445 623 476 devorandum
641 451 701 477 est.

167 488 445 526 circnma-emme,
486 490 661 530 complecti
716 491 839 530 paucis

119 533 209 564 Sext.
239 536 292 563 45.
324 533 388 563 Sed
405 542 509 571 genus
536 534 725 563 universum
751 534 839 563 brevi

118 577 340 607 circumscribi
356 582 390 606 et
417 576 548 606 deliniri
566 581 685 617 potest.
720 577 840 607 *coer-

122 629 208 650 cere.
234 619 308 650 Mil.
327 622 379 650 33.
404 620 558 657 Senatus,
586 621 695 657 credo,
720 625 841 660 praeto·

118 672 190 693 rem
207 672 284 693 eum
308 664 703 703 circumscripsissee.—-an
720 673 838 694 consu-

119 705 166 736 les
182 706 216 736 in
246 712 387 746 praetnre
419 707 600 737 coercendo
629 708 730 737 fortes
759 707 840 737 fuis-

117 750 221 780 sent?
247 751 289 780 cf.
306 749 411 780 Graev.
430 750 471 780 ad
500 751 603 781 Amic.
629 751 682 780 iii.
698 756 729 785 9.
753 751 770 769 ⁸⁸
786 751 841 780 ‹le-

118 793 240 833 cipere.
264 793 360 824 Rosc.
377 793 471 824 Com.
494 797 524 824 8.
545 793 596 824 dic
623 804 725 832 nunc,
750 799 784 824 te
800 794 840 824 ab

117 835 237 867 Roscio
252 838 531 878 cIrcumscriptunt
543 847 624 867 esse.

167 880 427 920 circumscripte.
449 881 543 911 Orat.
560 881 612 911 66.
636 881 840 911 circumscri—

112 927 170 964 pte
189 928 224 954 et
239 933 415 955 numerose
432 924 551 954 dicere.
569 923 601 954 h.
617 934 646 954 e.
663 934 721 964 per
737 925 842 964 perio-

119 967 190 1003 dos,
205 977 283 998 nam
305 968 486 1008 opponitur
506 969 548 1007 τᾷ
564 968 664 997 incise
687 973 721 998 et
738 977 842 998 mem-

118 1010 238 1041 bratim
255 1010 375 1041 dicere.
418 1011 491 1041 *N.
510 1011 550 1041 D.
569 1011 601 1040 ii.
619 1014 670 1045 59.
695 1011 842 1050 singulas

116 1063 170 1084 res
200 1053 391 1091 definimus,
420 1056 722 1095 cir-mmscripteque
753 1065 842 1085 com-

117 1096 307 1138 plectimur.
325 1107 354 1127 v.
372 1099 630 1129 circumscribere
645 1103 679 1128 et
704 1099 842 1129 circum·

115 1142 266 1181 scriptus.

166 1184 437 1224 circumscriptio,
460 1184 562 1216 fraus.
585 1185 680 1216 offic.
713 1185 760 1215 iii.
791 1187 841 1216 15.

117 1228 371 1269 circumscriptio
415 1229 676 1259 adolescentum.
736 1227 841 1259 Flacc.

119 1274 171 1303 30.
195 1272 359 1302 emtiones
389 1272 503 1309 falsas,
532 1272 731 1312 praediorum
767 1281 842 1311 pro-

117 1315 314 1356 scriptiones
325 1325 400 1345 cum
415 1315 632 1353 mulierculis,
649 1319 764 1355 aperta
778 1316 842 1344 cir-

117 1360 363 1398 cumscriptione
392 1358 512 1389 fecisti.
550 1359 568 1376 *
585 1358 728 1389 circulus
756 1358 844 1388 cirea

119 1401 264 1442 aliquem
280 1402 402 1432 factus.
429 1402 512 1432 Phil.
530 1402 597 1432 viii.
617 1405 647 1433 8.
673 1402 734 1432 nisi
751 1403 843 1442 prius

118 1445 355 1486 respondisset,
366 1445 446 1485 quid
461 1445 610 1476 facturus
625 1450 725 1484 esset,
742 1455 841 1484 quam

116 1499 159 1520 ex
171 1489 235 1519 ista
244 1490 536 1529 circumscriptione
547 1489 731 1519 excederet.
747 1489 766 1507 ὓ
773 1498 843 1519 am-

118 1533 220 1563 bitus.
241 1532 342 1562 Tusc.
369 1532 391 1562 i.
415 1535 468 1563 20.
492 1542 570 1563 cum
594 1537 702 1563 totam
718 1537 842 1562 terram

117 1576 240 1606 intueri
279 1575 404 1613 licebit,
432 1577 569 1616 ejusque
605 1585 681 1606 cum
727 1577 843 1614 situm,

113 1618 272 1657 somnam,
301 1620 642 1660 circumscriptionem,
670 1624 746 1649 tum
779 1620 839 1649 ἃς.

117 1662 212 1694 Brut.
244 1666 274 1694 8.
301 1663 373 1704 ipsa
405 1670 526 1693 natura
554 1664 846 1703 circumscriptione

118 1706 263 1746 quadam
286 1707 460 1737 verborum
493 1706 746 1746 comprehendit
765 1716 843 1736 con-

117 1749 289 1789 cluditque
305 1751 521 1781 sententiam.
545 1750 564 1768 ’θ
577 1749 617 1780 de
643 1749 777 1791 periodo
792 1754 844 1780 est

115 1793 218 1824 etiam
235 1794 351 1824 Pax-tit.
369 1793 401 1823 6.

165 1837 445 1877 circumscriptus,
480 1837 598 1867 brevis.
639 1837 696 1867 Or.
729 1837 750 1867 i.
790 1838 842 1867 42.

118 1882 367 1920 circumscripta
384 1879 563 1920 explicatio
580 1892 587 1909 z
613 1887 664 1910 est
680 1879 842 1910 definitio.

118 1935 149 1955 v.
180 1925 434 1964 circumscripte.
457 1924 508 1954 *e
540 1923 650 1954 medio
681 1923 842 1955 sublatus.

117 1967 210 1998 Verr.
228 1968 249 1998 i.
281 1968 328 1998 16.
352 1967 443 1997 omni
465 1970 616 2008 tempore
639 1966 776 1997 Sullano
802 1977 841 1997 ex

118 2011 332 2042 accusatione
361 2012 614 2051 circumscripto.
637 2010 707 2040 Fin.
738 2010 785 2040 iii.
809 2015 842 2046 9.

117 2055 372 2094 circumscriptis
403 2054 506 2094 igitur
535 2054 723 2092 sententiis,
761 2063 842 2093 quas

117 2099 226 2140 posui.
271 2099 324 2128 Sic
347 2097 454 2127 Graeci
479 2100 625 2127 utuntur
638 2097 738 2128 verbo
756 2109 841 2140 vnge-

117 2142 249 2185 ῃάφιιν,
269 2141 309 2172 de
336 2150 401 2180 quo
425 2151 453 2171 v.
471 2139 668 2179 wesseling.
687 2141 727 2171 V.
745 2141 783 2171 C.
800 2141 843 2172 ad

118 2185 255 2217 Diodor.
279 2194 353 2225 pag.
374 2187 426 2215 51.
443 2184 533 2214 unde
549 2183 639 2214 haud
665 2184 764 2214 dubie
780 2184 843 2215 La-

115 2229 183 2260 tini
209 2237 368 2259 sumsere.
391 2228 410 2246 *
426 2228 481 2266 qui
500 2230 681 2257 coercetur.
709 2227 792 2258 Phil.
808 2228 843 2258 ii.

117 2274 172 2304 22.
201 2272 466 2312 circumscriptus
480 2281 499 2302 a
522 2271 648 2301 Senatu
665 2270 843 2302 Antonius.

117 2326 151 2346 v.
167 2316 440 2346 circumscribere.

166 2357 450 2400 Circumspectare.
477 2357 518 2387 de
534 2357 675 2398 providis
698 2362 733 2388 et
753 2358 846 2388 timi-

119 2402 182 2440 dis,
220 2403 277 2442 qui
307 2412 395 2442 saepe
424 2402 688 2441 circumspiciunt
719 2402 843 2431 omnia.

116 2445 218 2476 Tusc.
235 2446 256 2476 i.
279 2449 332 2478 30.
356 2446 626 2484 circumspectans
653 2448 766 2475 nostra
789 2455 844 2474 ve-

118 2489 212 2520 hitur
227 2490 344 2520 oratio.

167 2531 429 2574 Circumspstere,
468 2540 627 2571 quaerere.
674 2530 769 2561 Verr.
798 2531 845 2561 iii.

118 2579 172 2611 90.
197 2586 265 2606 non
288 2576 562 2615 cirmtmspiciam,
595 2584 662 2605 non
694 2584 843 2614 quaeram

117 2619 210 2657 foris,
227 2630 272 2650 sc.
287 2619 452 2660 exempla,
479 2628 554 2648 cum
574 2618 693 2648 habeas
712 2618 843 2657 judices

119 2662 179 2693 &a
202 2663 222 2681 *³
237 2663 277 2693 de
308 2663 372 2699 his,
400 2663 455 2701 qui
480 2662 597 2699 nescii,
622 2661 702 2700 quid
729 2667 843 2700 agant,

117 2710 292 2745 tamquam
310 2706 422 2736 auxilii
442 2705 611 2744 quaerendi
628 2714 740 2742 causa,
755 2714 842 2744 saepe

118 2745 394 2789 circumspiciunt,
429 2749 525 2779 Rose.
553 2748 647 2779 Com.
680 2751 729 2778 14.
776 2747 845 2777 Cir-

117 2794 299 2832 cumspicit,
323 2797 458 2829 aestuat,
481 2797 582 2831 negat
601 2801 658 2821 nos
687 2791 746 2821 &c.
770 2791 789 2809 ⁴*
804 2790 843 2820 de

118 2836 160 2866 iis
175 2837 231 2875 qui
258 2844 293 2866 se
309 2836 409 2866 nimis
424 2841 552 2872 amant,
577 2835 637 2865 sibi
663 2834 760 2864 nimis
777 2833 845 2874 pla-

119 2882 209 2909 cent.
242 2878 340 2909 Rosc.
359 2879 454 2910 Com.
470 2880 502 2909 2.
528 2887 633 2917 usque
649 2887 732 2907 eone
746 2882 780 2907 te
797 2877 846 2907 di-

119 2922 197 2963 lig-is
215 2927 252 2954 et·
265 2922 444 2964 magnifiee
458 2921 706 2963 circumspicis?
734 2920 789 2953 lta
811 2929 847 2952 te

1509 142 1591 180 219

879 232 1149 270 cirmcmwiciehut
1189 233 1287 265 x--ln
1315 235 1402 276 apud
1440 237 1591 279 Xenoph,

882 273 1020 304 Memor.
1037 276 1125 304 Socr.
1142 277 1174 306 ii.
1193 281 1218 307 1.

928 319 1165 349 (au-cumrerum
1191 320 1259 350 Att.
1284 321 1316 350 ii.
1339 323 1386 352 16.
1413 325 1591 361 portorium

880 363 1160 391 ceri-umoretinnis.

928 405 1154 434 Circumvenio.
1188 404 1325 444 decipio.
1358 407 1398 436 ad
1416 408 1489 437 liu».
1507 419 1534 437 v.
1567 413 1594 440 1.

880 457 969 477 nnnc
987 447 1079 478 video
1095 448 1188 478 illum
1198 449 1412 480 circumventa
1421 462 1463 486 m,
1479 461 1528 481 me
1541 452 1597 481 ‹lv-

881 500 1020 521 sertum.
1057 491 1153 521 Rose.
1170 491 1262 521 (Ῐοιιι.
1279 497 1309 525 9.
1326 503 1422 531 ιιιῐκιη
1442 504 1498 533 por
1513 495 1597 526 arbi-

881 539 971 564 trum
987 536 1219 564 circumvenire
1237 544 1300 564 non
1318 546 1425 575 posses
1444 541 1502 567 «xe.

927 578 1050 615 (irc-us,
1074 583 1124 608 est
1153 578 1329 608 aeuifleium
1362 580 1530 619 publicum
1563 582 1596 612 in

879 621 1055 660 oblongam
1074 628 1107 651 et
1134 624 1174 651 ab
1190 621 1294 651 altera
1310 627 1400 661 parte
1418 624 1593 655 rotund-'un

879 664 1033 700 sormam,
1050 665 1090 695 ab
1114 664 1218 694 altera
1242 671 1366 695 rectam
1391 673 1594 705 extructum,

883 709 915 737 in
933 719 997 748 quo
1023 708 1090 738 ludi
1109 713 1290 747 equestres,
1308 710 1363 748 qui
1388 709 1463 739 inde
1479 712 1597 740 circen·

878 762 925 781 ses
941 752 1109 788 dicuntur,
1128 752 1342 782 habebantur.
1382 753 1511 783 Medius
1529 753 1596 784 Cn·—

879 805 935 825 cus
951 795 1110 825 diremtos
1135 801 1203 824 crat
1232 796 1338 835 spina,
1357 796 1397 826 ad
1424 798 1517 836 cnjus
1543 808 1598 827 ex-

881 839 1080 875 tremitates,
1097 839 1152 868 ubi
1182 839 1357 869 flectebant
1372 840 1495 879 auriga!
1525 850 1599 870 cur·

882 892 969 918 sum,
997 888 1095 912 meta·
1124 881 1290 912 collocatae
1321 888 1426 913 erant.
1482 883 1532 913 Ab
1560 894 1600 914 ea

881 930 989 965 parte,
1006 935 1025 955 a
1039 935 1105 964 qua
1116 935 1230 955 cursus
1247 926 1377 955 initium
1391 927 1502 963 fiebat,
1519 926 1598 957 olim

883 969 970 999 linea
1000 975 1090 998 recta
1121 968 1193 998 albo
1224 968 1480 1007 describebatur,
1511 970 1600 1001 intra

883 1022 981 1051 quam
998 1017 1076 1042 ante
1091 1012 1222 1051 signum
1245 1012 1358 1042 datum
1379 1014 1453 1052 equi
1470 1013 1602 1044 cohibe-

883 1060 1013 1093 rentur,
1044 1063 1159 1095 postea
1188 1065 1334 1085 carceres
1361 1057 1511 1096 perpetui
1543 1067 1599 1087 ex-

882 1100 996 1129 tructi.
1025 1099 1109 1130 Circi
1129 1099 1253 1129 mentio
1268 1108 1354 1138 soepe
1367 1100 1454 1139 apud
1469 1100 1602 1130 Cicero-

883 1152 972 1179 nem,
994 1147 1033 1172 ut
1056 1142 1144 1172 Mur.
1168 1145 1218 1173 34.
1245 1145 1296 1172 35.
1320 1143 1379 1172 διο.
1415 1143 1518 1173 (irc-os
1534 1143 1599 1174 Ro-

883 1194 996 1215 manos
1014 1190 1126 1215 narrat
1156 1191 1190 1215 et
1211 1185 1344 1215 exhibet
1361 1186 1486 1216 Donat.
1503 1186 1598 1218 Rom.

881 1229 956 1259 Vet.
972 1235 1006 1259 et
1019 1229 1104 1259 Nov.
1122 1229 1166 1259 iii.
1184 1231 1230 1258 14.
1241 1228 1284 1258 cf.
1295 1228 1334 1258 de
1346 1231 1437 1259 circis
1448 1230 1598 1270 inprimis

882 1271 1020 1302 Salmas.
1033 1272 1074 1302 ad
1103 1272 1209 1302 Solin.
1235 1282 1268 1312 p.
1284 1273 1358 1303 635.
1382 1282 1473 1312 seqq.
1490 1273 1600 1314 dispu-

882 1321 1012 1346 tantem
1030 1327 1037 1344 :
1062 1320 1100 1346 ut
1115 1316 1195 1345 alius
1211 1320 1352 1345 taceam.

931 1359 1063 1389 Cisium.
1088 1368 1192 1398 genus
1209 1358 1352 1389 vehiculi
1377 1358 1539 1389 celerrimi
1566 1363 1600 1390 et

883 1402 1016 1442 quidem
1047 1402 1156 1432 biroti.
1202 1402 1297 1432 Rosc.
1327 1402 1401 1432 Am.
1431 1406 1462 1436 7.
1511 1403 1605 1435 6ὶεὶιέ

883 1446 1051 1477 Ameriam
1075 1444 1266 1486 pervolavit.
1289 1445 1331 1476 cf.
1367 1445 1450 1476 Phil.
1480 1446 1514 1476 ii.
1546 1450 1598 1478 31.

883 1489 923 1519 de
960 1489 1021 1519 hoc
1059 1498 1179 1528 genere
1217 1489 1302 1526 vide,
1346 1498 1420 1528 quie
1464 1489 1600 1530 collegit

884 1532 1003 1563 Scheff.
1021 1532 1060 1562 de
1078 1533 1124 1563 Re
1141 1532 1255 1563 Vehic.
1272 1532 1294 1562 1.
1312 1532 1344 1562 ii.
1361 1543 1389 1562 c.
1411 1535 1457 1563 18.

932 1576 1017 1608 &sta
1032 1580 1066 1606 et
1086 1576 1227 1606 Cistella.
1262 1575 1303 1605 ad
1330 1575 1475 1606 Herenu.
1500 1577 1519 1606 i.
1552 1578 1601 1608 12.

884 1630 924 1651 ea
941 1629 1014 1659 quae
1030 1619 1110 1649 alias.
1126 1619 1254 1649 sitella:
1279 1619 1334 1649 uhi
1351 1629 1381 1649 v.
1420 1619 1482 1649 Pro
1498 1621 1602 1650 cistel-

885 1665 918 1694 la
935 1662 1069 1702 quidam
1086 1662 1160 1693 libri
1180 1661 1306 1693 cistula
1321 1662 1454 1693 habent.
1500 1662 1602 1693 Codd.

884 1707 1038 1737 Lambin.
1061 1705 1192 1736 sitella:
1226 1715 1300 1746 quae
1331 1706 1470 1736 varietas
1500 1707 1601 1736 etiam

885 1755 935 1781 est
950 1760 1003 1790 ap.
1029 1749 1099 1780 Liv.
1116 1759 1189 1780 xxv.
1211 1752 1240 1780 3.
1270 1749 1326 1779 ubi
1347 1749 1410 1779 vid.
1437 1749 1549 1789 Sigon.
1565 1753 1601 1781 et

883 1793 1027 1824 Gronov.

931 1836 1146 1877 Cistoplwrus,
1183 1836 1283 1866 Dom.
1299 1837 1353 1867 20.
1391 1836 1437 1866 Ut
1463 1836 1496 1865 in
1526 1835 1604 1866 Asia

883 1881 1095 1921 cistophorum
1121 1879 1297 1919 flagitaret.
1331 1879 1402 1909 Att.
1435 1879 1478 1909 xi.
1513 1880 1539 1908 1.
1568 1879 1603 1909 in

882 1925 1052 1964 cistophoro
1074 1923 1179 1953 habeo
1205 1922 1246 1954 ad
1274 1922 1340 1952 HS.
1358 1922 1405 1952 bis
1435 1926 1469 1952 et
1492 1921 1602 1952 vicies.

884 1968 962 2007 Ejus
979 1976 1075 2008 porro
1098 1967 1223 1996 mentio
1248 1965 1318 1996 Att.
1349 1965 1382 1995 ii.
1409 1965 1439 1995 6.
1472 1964 1519 1995 16.
1542 1965 1608 1996 Est.

883 2016 996 2041 autem
1017 2010 1216 2050 Cistoplwrus
1225 2018 1346 2039 numus
1362 2008 1495 2038 Graecus
1511 2007 1603 2038 Asia-

884 2055 984 2091 ticus,
1001 2054 1055 2093 qui
1073 2062 1195 2084 nomen
1209 2052 1307 2083 habet
1318 2061 1338 2081 a
1352 2052 1435 2081 cista
1451 2051 1604 2091 mystica,

884 2108 957 2137 quae
974 2098 1008 2127 in
1032 2096 1093 2127 hoc
1110 2106 1230 2136 genere
1248 2104 1425 2126 numerum
1441 2094 1602 2134 conspici-

883 2145 948 2172 tur.
973 2140 1013 2171 ln
1042 2139 1147 2170 altera
1175 2140 1276 2169 etiam
1307 2141 1400 2178 parte
1429 2142 1601 2177 serpente·

885 2184 1093 2225 plerumque,
1109 2191 1249 2219 vannus,
1266 2182 1442 2216 caduceus,
1457 2180 1603 2220 thyrsus,

884 2228 984 2265 neda,
1014 2226 1122 2257 serula
1144 2226 1203 2255 διο.
1229 2224 1489 2264 conspiciuntur.
1541 2222 1603 2253 flia

886 2272 983 2303 rebus
1005 2279 1158 2310 expressa
1179 2274 1258 2298 sunt
1278 2268 1457 2306 Orgiorum
1485 2265 1606 2297 solem—

886 2315 956 2352 nia,
972 2323 1044 2353 quae
1073 2312 1230 2343 cudendis
1255 2311 1437 2351 cisewlwvis
1463 2309 1606 2340 occasio-

887 2367 963 2388 nem
981 2356 1107 2386 dedisse
1124 2354 1290 2395 probabile
1307 2359 1367 2384 est.
1403 2352 1532 2392 Signati
1548 2362 1607 2383 au·

885 2405 957 2431 tem
972 2405 1007 2430 et
1023 2403 1112 2435 ante,
1137 2408 1236 2437 quam
1262 2398 1324 2427 sub
1349 2397 1445 2428 Rom.
1462 2401 1606 2436 potesta-

886 2451 955 2475 tem
970 2444 1113 2473 venisset
1127 2441 1217 2479 Asia,
1232 2448 1267 2471 et
1280 2450 1356 2471 cum
1375 2439 1544 2480 provincia.
1558 2439 1606 2469 fa-

887 2492 942 2518 cta
957 2490 1052 2517 esset.
1078 2485 1191 2523 ltaque
1208 2488 1243 2514 et
1263 2484 1495 2523 magistratum
1512 2482 1608 2513 Rom.

888 2531 1024 2561 nomina
1053 2528 1150 2559 multi
1180 2527 1373 2571 proferunt.
1410 2525 1603 2562 Novissimi,

886 2583 967 2614 quos
990 2572 1125 2612 quidem
1148 2571 1322 2607 habemus,
1348 2569 1486 2600 Antonii
1511 2568 1609 2599 luvi-

886 2618 912 2647 ri
938 2626 1057 2646 nomen
1088 2613 1338 2651 exhibent,vid.
1356 2613 1426 2643 haec
1453 2615 1489 2642 et
1515 2611 1610 2652 plura

887 2660 926 2690 de
943 2659 1005 2690 hoc
1031 2668 1152 2698 genere
1175 2658 1269 2687 numi
1292 2666 1345 2696 ap.
1370 2656 1462 2686 Alex.
1487 2655 1609 2685 Xaver.

887 2703 1058 2734 Panelium
1081 2702 1113 2731 in
1140 2701 1226 2731 Diss.
1244 2699 1283 2730 de
1305 2700 1501 2739 cistophoris,
1520 2698 1608 2736 Lug·-

885 2747 966 2777 dun.
981 2755 1061 2775 ann.
1087 2747 1178 2778 1734.
1205 2743 1318 2774 edita:
1344 2743 1400 2781 qui
1428 2742 1528 2772 etiam
1560 2741 1608 2770 di-

885 2789 1030 2829 stinguit
1052 2798 1072 2818 a
1083 2788 1268 2827 cistwhmis
1283 2796 1350 2822 eos,
1366 2787 1401 2816 in
1418 2785 1537 2825 quibus
1564 2784 1610 2814 ci-

886 2837 940 2863 sta.
955 2831 1108 2872 mystica,
1135 2840 1202 2861 non
1218 2836 1337 2862 autem.
1349 2829 1383 2859 in
1399 2828 1502 2859 altera
1517 2830 1610 2867 parte

887 2875 1015 2915 reliqua
1054 2873 1218 2906 Bacchica
1256 2874 1482 2904 instrumenta
1517 2879 1610 2910 repe-

885 2920 1030 2951 riuntur.
1072 2916 1174 2959 Quod
1193 2916 1237 2949 ad
1257 2914 1387 2959 pondus
1403 2914 1545 2953 attinet..
1556 2918 1608 2944 te·
