1790 3219
562 101 706 131 mum(
738 99 1033 128 LATleATis.

39 193 167 230 pei-ate,
196 193 230 221 ct
257 190 415 222 sublimia
446 187 624 229 magnifice
654 187 773 218 dicere.

38 234 160 265 *Orat
181 235 202 264 i.
218 237 249 266 2.
278 244 316 265 ac
340 243 381 264 ne
404 233 489 264 forte
512 241 589 262 cum
612 230 685 261 aliis
706 235 777 261 stu-

36 276 112 313 diis.
129 287 203 317 quae
225 277 404 308 reconditis
419 278 454 307 in
469 276 608 310 artibus,
624 279 724 313 atque
741 275 776 304 in

37 321 182 360 quadam
212 325 371 352 varietate
400 319 572 350 literarum
601 322 777 348 versentur

40 365 100 394 ἃς.
125 365 204 395 ibid.
228 368 259 396 3.
283 364 316 394 in
340 362 548 404 philosophia
570 360 702 392 difficile
725 367 776 392 est

39 417 250 446 enumerare,
271 413 351 447 quot
375 407 449 442 viri,
470 410 598 444 quanta
623 406 775 442 scientia,

37 455 229 491 quantaque
243 452 275 481 in
287 450 355 481 suis
369 448 489 479 studiis
504 450 664 479 varietate
675 456 707 479 et
721 459 775 479 co-

38 495 95 535 pia
105 494 249 525 fuerint:
265 493 344 524 ibid.
359 493 406 523 iii.
420 494 472 524 91.
489 502 565 522 nam
581 502 687 531 neque
704 493 774 522 sine

38 537 224 569 forensibus
240 537 349 567 nervis
365 537 444 566 satis
461 536 639 566 vehemens
655 541 688 566 et
701 546 775 576 gra-

39 582 100 619 vis,
110 589 172 611 nec
183 581 254 610 sine
261 581 421 610 varietate
431 579 591 610 docti-inte
600 580 681 610 satis
693 579 775 619 poli-

39 630 95 654 tus
111 630 145 654 et
156 624 288 664 sapiens
299 630 411 654 orator
422 633 491 653 esse
508 623 775 664 poteanempe

36 666 311 708 copialiterarum
319 668 460 698 varietas
466 667 601 704 dicitur,
608 667 687 706 quia
696 677 713 696 e
721 676 775 696 va-

37 711 94 743 riis
117 710 244 741 artibus
270 710 460 741 liberalibus
481 711 598 741 oritur.
637 710 774 740 Crassus

37 759 204 785 oratorem
223 755 365 793 negabat
379 764 450 784 esse
463 753 647 795 perfectum
666 762 774 794 posse,

38 798 102 828 nisi
126 799 182 837 qui
206 798 361 828 omnibus
384 798 511 828 artibus
530 802 564 826 et
579 797 684 827 literis
700 807 775 827 eru-

38 841 129 872 ditus
151 842 208 872 sit.
231 841 501 878 *inconstantia‚
519 840 710 871 infidelitas.
733 840 775 870 ad

39 884 115 916 Div.
139 895 170 916 x.
190 887 238 916 18.
271 894 336 915 non
358 884 463 914 ullam
485 893 556 914 reni
576 883 675 914 aliam
692 884 776 914 exti-

39 938 202 963 mescens,
222 938 322 968 quam
345 928 485 958 eamlem
508 928 701 958 varietatem
725 933 775 958 at-

38 982 102 1011 que
125 971 359 1002 infidelitatem
384 972 561 1001 exercitus.
588 971 712 1001 *Vern
728 972 775 1001 iii.

38 1019 69 1046 3.
94 1017 236 1047 varietas
258 1014 487 1045 decretorum:
512 1024 589 1045 cum
607 1015 641 1045 in
657 1015 775 1045 iisdem

38 1059 144 1090 causis
160 1068 227 1089 non
246 1058 335 1088 idem
351 1058 554 1089 decernitur.
584 1060 602 1076 ¹*
615 1059 704 1089 Sext.
723 1061 775 1090 34.

37 1103 109 1134 sine
131 1101 202 1132 ulla
222 1104 380 1133 varietate
395 1102 550 1132 discessio
565 1108 630 1141 est,
647 1112 724 1132 cum
741 1103 775 1132 in

38 1145 179 1176 eandem
187 1155 303 1176 omnes
311 1147 448 1176 omnino
456 1148 659 1176 sententiam
670 1146 775 1176 disce-

38 1189 134 1220 dunt.
151 1189 193 1219 cf.
209 1189 307 1220 Catil.
319 1190 366 1220 iii.
378 1190 409 1221 6.
434 1189 562 1220 *Dom.
574 1193 603 1221 5.
627 1190 776 1220 frumen-

37 1239 112 1264 tum
128 1234 163 1264 in
175 1233 256 1264 alias
271 1237 389 1270 terras,
401 1233 511 1270 credo,
520 1237 656 1274 propter
669 1235 775 1264 varie·

39 1281 139 1308 tatem
150 1276 362 1308 venditorum
377 1277 547 1308 miserant.
560 1277 708 1308 Graevius
718 1287 776 1307 ne-

41 1320 198 1360 gat‚quid
209 1321 252 1351 sit
259 1321 404 1351 varietas
417 1321 641 1358 venditorum,
651 1320 776 1352 intelli-

38 1365 71 1404 gi
82 1374 186 1405 posse.
199 1363 316 1404 Itaque
323 1367 421 1394 acute
427 1365 631 1405 suspicatur:
643 1369 778 1406 propter

39 1408 213 1439 avaritiam
228 1407 453 1446 venditorum,
470 1418 604 1448 nempe,
618 1413 657 1439 ut
673 1408 776 1449 pluris

39 1451 222 1482 venderent
244 1451 464 1482 frumentum.
488 1461 562 1491 quae
585 1452 654 1482 fere
677 1462 779 1483 eausa

38 1500 103 1534 est,
120 1505 222 1535 quare
245 1494 402 1529 aliorsum
427 1496 543 1525 rustici
568 1495 776 1526 frumentum

38 1539 172 1570 vehant.
208 1538 294 1569 Mihi
317 1539 490 1569 videbatur
512 1539 704 1579 aliquando,
720 1550 778 1570 va·

37 1584 139 1614 vietus
160 1581 372 1612 venditorum
387 1591 458 1613 esse
474 1582 647 1613 diversitas
664 1584 777 1624 pretii,

39 1636 140 1666 qnam
177 1625 348 1656 frumento
386 1631 544 1657 statuunt
576 1627 778 1665 venditores,

39 1679 118 1700 eum
142 1669 198 1700 alii
224 1669 370 1708 majoris,
386 1669 450 1701 ·alii
477 1671 614 1701 minoris
635 1670 778 1701 vendere

38 1714 170 1750 volunt,
193 1722 335 1752 eamque
357 1713 399 1743 ob
422 1723 571 1752 causam,
593 1714 627 1745 h.
651 1724 680 1744 e.
703 1725 780 1755 pro-

38 1762 166 1797 pterea,
183 1756 272 1795 quod
294 1757 462 1787 incertum
483 1757 571 1797 apud
587 1767 622 1789 se
638 1763 689 1788 est
705 1768 779 1799 pre-

35 1801 138 1838 tium,
155 1800 312 1831 aliorsum
337 1800 479 1831 mittunt
499 1802 614 1832 rustici
628 1801 780 1834 frumen-

37 1849 127 1883 tum,
145 1844 200 1874 ubi
224 1849 353 1874 certum
378 1845 524 1884 pretium
545 1845 615 1875 fore
631 1850 778 1885 sperant.

38 1887 100 1920 Est
115 1887 326 1928 proverbium
343 1888 430 1928 apucl
444 1887 582 1919 Latinos
595 1888 635 1919 de
646 1889 778 1920 oleariis

40 1933 76 1962 in
98 1931 254 1968 Velabro,
279 1932 335 1970 qui
362 1932 452 1962 iuter
473 1942 507 1963 se
531 1942 571 1963 ex
595 1933 780 1974 composito

40 1975 230 2006 consentire
242 1975 277 2004 in
289 1975 396 2015 pretio
412 1975 476 2006 olei
493 1976 658 2014 solebant,
671 1986 779 2016 neque

40 2018 126 2049 alius
150 2018 214 2049 alio
238 2019 372 2057 majoris
395 2023 455 2049 aut
473 2021 611 2050 minoris
626 2020 779 2050 vendere.

39 2064 58 2081 ⁸
70 2063 214 2093 varietas
229 2071 340 2092 rerum
357 2062 481 2093 dicitur
495 2063 536 2095 de
552 2064 650 2094 rebus
667 2064 781 2096 adver-

39 2107 94 2136 sis.
121 2106 163 2136 ad
179 2106 256 2137 Div.
274 2115 325 2136 xv.
342 2109 373 2144 7.
402 2106 436 2136 in
454 2108 545 2137 omni
563 2117 675 2138 rerum
692 2117 780 2138 mea-

40 2159 115 2180 rum
144 2150 308 2180 varietate
336 2151 606 2182 amantissimum
634 2152 700 2181 mei
726 2161 782 2185 eo-

39 2194 148 2233 gnovi.
187 2192 252 2224 Sed
274 2193 375 2224 Dom.
391 2194 443 2225 36.
471 2204 548 2225 eum
566 2205 586 2225 a
600 2199 652 2225 tot
665 2204 780 2226 rerum

37 2241 136 2267 tanta
150 2238 310 2268 varietate
326 2236 511 2276 divellerer,
526 2244 578 2269 est
594 2248 653 2278 pro
666 2251 673 2269 z
695 2248 715 2269 a
729 2244 782 2270 tot

40 2290 78 2311 ac
94 2281 200 2312 tantis
215 2286 352 2319 tamque
368 2282 465 2312 variis
482 2282 591 2312 rebus.
618 2282 687 2313 *ad
703 2283 780 2314 Div.

39 2325 82 2354 vi.
95 2327 125 2356 2.
149 2325 184 2355 in
196 2325 356 2355 varietate
371 2324 479 2356 adhuc
492 2332 544 2357 est
558 2331 688 2358 versata
703 2336 782 2357 cau-

39 2377 76 2398 sa
89 2371 160 2400 tua.

86 2411 217 2443 Varius.
240 2411 313 2442 Pin.
328 2412 362 2442 ii.
379 2415 411 2444 3.
435 2412 514 2452 quid
531 2413 663 2454 proprie
678 2414 782 2454 signi-

42 2454 145 2486 ficet?
171 2455 213 2486 cf.
232 2455 386 2486 varietas.
416 2456 510 2487 Verr.
528 2467 556 2487 v.
578 2460 627 2492 19.
659 2466 702 2488 an
717 2457 781 2488 hoc

45 2499 212 2539 probabis,
225 2499 259 2530 in
275 2509 370 2539 aequa
386 2509 486 2531 causa
495 2500 696 2541 populorum
710 2501 781 2532 sine

42 2543 152 2583 pretio
165 2545 298 2574 varium
315 2545 371 2583 jus
387 2548 422 2574 et
436 2543 602 2584 disparem
619 2544 782 2576 conditio-

15 2608 18 2611 -
41 2594 121 2616 nem
147 2585 272 2618 fuisse?
296 2588 374 2627 Agr.
400 2588 433 2618 ii.
458 2589 511 2623 99.
538 2587 704 2619 fructibus
725 2598 782 2619 va-

41 2630 116 2659 rius
137 2639 235 2670 ager:
259 2632 313 2662 cui
330 2632 512 2672 opponitur
527 2637 620 2662 certa
633 2631 715 2663 fides
731 2641 782 2664 se-

44 2673 144 2712 getis,
167 2673 256 2714 apud
284 2673 476 2706 Horatium.
506 2675 658 2706 Varietas
687 2685 782 2716 agro-

45 2724 120 2746 rum
144 2717 252 2747 oritur
272 2727 312 2748 ex
338 2719 502 2750 varietate
525 2722 782 2760 tempestatum,

47 2768 122 2798 quae
139 2764 255 2791 contra
269 2762 304 2792 in
319 2763 491 2794 nonnullis
506 2763 696 2803 regionibus
712 2773 782 2794 cer-

44 2806 90 2833 toe
113 2806 193 2877 sant
215 2803 265 2836 ita
289 2814 326 2835 ac
352 2806 502 2845 stabiles,
524 2811 564 2838 ut
587 2815 662 2838 raro
685 2806 784 2839 aliter

46 2847 116 2878 acci
162 2850 211 2878 nt.

91 2889 170 2929 Vas,
193 2890 257 2932 dis,
279 2891 386 2932 obses,
404 2894 461 2934 qui
484 2898 580 2927 cavet
602 2892 726 2938 populo
747 2893 783 2927 in

1480 89 1565 129 469

820 197 921 218 causa
942 188 1075 227 capitis,
1095 197 1168 227 quae
1192 197 1313 228 nempe
1336 186 1388 215 vel
1412 187 1557 217 maxime

820 231 861 260 ad
884 230 1045 270 populum
1070 237 1103 261 et
1123 231 1285 272 rempubl.
1308 234 1450 270 spectat,
1466 230 1557 260 unde

819 283 919 304 causa
931 273 1064 314 publica
1075 274 1208 304 dicitur.
1221 275 1308 304 conf.
1321 274 1464 304 Gronov.
1476 274 1556 303 Obs.

818 318 853 348 ii.
869 320 900 349 8.
930 317 972 347 ad
989 317 1084 347 Brut.
1106 320 1152 348 18.
1184 328 1235 347 me
1251 328 1310 357 pro
1325 317 1556 347 adolescentu-

818 360 850 391 lo
866 361 979 391 vadem
1004 361 1132 400 accepit
1156 361 1352 401 respublica.
1367 360 1505 391 Tuscul.
1524 371 1552 389 v.

817 406 871 436 2⁶2.
900 413 1043 444 quorum
1069 413 1146 434 cum
1170 403 1314 433 alterum
1335 404 1448 434 vadem
1466 413 1556 435 mor-

817 449 861 478 tis
885 448 1082 489 accepisset:
1109 446 1194 477 alter
1209 452 1247 477 ut
1270 447 1381 477 vadem
1400 458 1498 478 suum
1514 447 1555 478 li-

817 491 961 529 beraret,
979 496 1100 531 praesto
1122 490 1240 521 fuisset
1263 490 1304 519 ad
1322 490 1436 520 horam
1453 491 1552 521 morti

817 535 1032 566 destinatam.
1070 534 1121 565 De
1153 534 1352 574 quaestione,
1383 543 1425 563 an
1454 534 1552 564 vades

816 580 885 609 sint
908 579 1011 609 etiam
1035 588 1146 609 rerum
1171 579 1391 618 privatarum,
1417 576 1489 616 lege
1519 578 1555 607 in

817 623 933 663 primis
956 621 1094 652 Salmas.
1119 621 1208 652 mod.
1234 620 1333 651 Usur.
1351 629 1424 660 cap.
1447 621 1495 650 16.
1519 629 1553 660 p.

817 668 891 700 698.
908 675 977 706 sqq.
995 676 1026 706 p.
1043 668 1116 700 731.
1133 675 1202 705 sqq.
1220 665 1276 704 qui
1290 664 1337 694 ita
1352 673 1422 694 esse
1439 662 1556 694 multis

816 709 977 750 disputat.
1022 708 1134 749 Negat
1164 713 1277 739 autem
1311 713 1346 738 et
1376 708 1556 747 impugnat

815 752 903 783 hanc
933 752 1085 784 Salmasii
1115 753 1378 793 disputationem
1409 750 1556 781 Gronov.

816 796 894 827 Obs.
912 797 958 826 iii.
979 799 1027 827 13.
1059 796 1162 837 (unde
1184 795 1349 826 translata
1364 800 1458 834 sunt,
1481 804 1556 835 quae

817 840 861 870 ibi
885 839 1101 880 disputantur
1124 841 1158 869 in
1182 839 1269 870 hanc
1292 849 1377 877 rem,
1402 839 1436 869 in
1460 842 1556 869 notas

816 883 858 913 ad
881 883 951 914 Liv.
977 884 1023 914 iii.
1052 882 1115 922 13.)
1148 888 1324 923 putatque,
1339 893 1380 913 ex
1403 887 1557 913 veterum

816 932 973 958 accurate
998 927 1210 966 loquentium
1228 926 1484 964 consuetudine,
1500 936 1559 957 va-

817 971 874 1001 des
884 980 1016 1011 semper
1027 971 1134 1001 dictos
1145 971 1180 1000 in
1193 971 1302 1001 causis
1313 971 1444 1010 capitis.
1455 969 1556 1008 Mihi,

816 1014 1020 1053 sijudicium
1039 1024 1151 1045 meum
1170 1014 1249 1044 licet
1264 1014 1491 1054 interponere,
1508 1015 1558 1045 ita

818 1057 968 1088 videtur:
991 1057 1056 1088 Vas
1066 1063 1100 1088 et
1110 1067 1198 1097 proes
1213 1057 1454 1096 antiquissimis
1470 1061 1559 1087 tem·

818 1101 951 1142 poribus
979 1101 1019 1132 de
1044 1102 1151 1132 causis
1176 1102 1314 1142 privatis
1339 1101 1556 1131 dicebantur:

817 1145 904 1184 quod
927 1144 991 1175 loci
1014 1144 1184 1183 Varronis,
1201 1145 1336 1184 aliique,
1353 1154 1373 1175 a
1396 1144 1559 1175 Salmasio

817 1189 923 1226 allati,
940 1188 1039 1229 plane
1062 1189 1260 1219 conficiunt.
1293 1189 1410 1219 Postea
1427 1193 1558 1227 autem,

817 1243 894 1264 cum
911 1233 1013 1263 etiam
1031 1233 1066 1262 in
1083 1233 1190 1263 causis
1212 1231 1368 1272 publicis,
1386 1242 1506 1272 nempe
1520 1233 1559 1263 in

817 1277 925 1307 causis
939 1275 1071 1316 capitis,
1084 1276 1196 1314 vades,
1207 1275 1279 1307 Liv.
1297 1275 1319 1306 l.
1332 1286 1360 1306 c.
1379 1282 1413 1306 et
1430 1277 1464 1306 in
1480 1286 1560 1306 cau-

817 1321 861 1351 sis
873 1321 1024 1360 pecuniae
1035 1319 1191 1361 publicae,
1199 1319 1325 1360 praedes
1335 1319 1482 1350 adhiberi
1495 1329 1560 1351 coe-

817 1365 867 1405 pti
884 1369 1008 1401 essent,
1024 1364 1081 1404 qui
1101 1364 1226 1405 populo
1248 1368 1417 1401 caverent,
1434 1363 1560 1394 sensim

820 1412 952 1438 mutata
973 1411 1023 1438 est
1039 1407 1172 1438 dicendi
1189 1407 1287 1445 ratio,
1302 1411 1338 1438 et
1358 1407 1456 1438 vades
1474 1416 1560 1448 prae-

819 1451 942 1491 desque
966 1451 1007 1481 de
1037 1451 1180 1492 publicis
1204 1452 1311 1482 causis
1337 1451 1378 1481 ab
1402 1454 1558 1482 accurate

819 1494 1034 1534 loquentibus
1051 1494 1145 1532 dicti,
1162 1498 1402 1535 praeterquam,
1419 1494 1507 1534 quod
1523 1495 1559 1525 in

819 1537 879 1569 lite
888 1538 1109 1575 vindiciarum
1119 1538 1245 1578 praedes
1257 1542 1474 1569 manserunt:
1498 1539 1566 1569 ita-

819 1592 884 1622 que
908 1582 998 1624 apud
1021 1581 1232 1620 Ciceronem,
1248 1581 1395 1620 Livium,
1411 1581 1560 1622 aliosque

819 1626 945 1656 similes
972 1626 1169 1667 reperimus.
1199 1625 1318 1665 Neque
1343 1631 1460 1656 tamen
1486 1636 1562 1666 pro·

821 1673 934 1709 pterea
949 1670 998 1701 ita
1013 1670 1154 1708 antiqua
1168 1669 1370 1709 significatio
1385 1669 1563 1701 obliterata

819 1714 899 1751 fuit,
923 1717 963 1744 ut
986 1722 1052 1744 non
1082 1712 1253 1743 interdum
1285 1723 1326 1744 ea
1347 1713 1501 1744 homines
1526 1713 1562 1744 in

820 1756 996 1788 scribendo
1014 1762 1201 1787 uterentur.
1239 1755 1356 1796 Itaque
1371 1758 1474 1788 ctiam
1491 1757 1563 1788 Ho-

821 1801 925 1832 ratius
942 1802 1047 1831 Scrm.
1065 1801 1086 1831 i.
1103 1804 1130 1831 l.
1152 1801 1186 1830 in
1202 1810 1303 1831 causa
1317 1801 1448 1841 privata
1462 1800 1562 1836 vades

821 1849 1074 1875 commemorat.
1097 1843 1139 1875 ad
1149 1843 1191 1885 Ω.
1203 1844 1254 1875 Fr.
1270 1845 1292 1875 i.
1309 1847 1336 1874 1.
1360 1845 1404 1875 sit
1414 1843 1560 1875 annulus

820 1892 900 1918 tuus
922 1894 1084 1928 tanquam
1110 1897 1166 1918 vas
1189 1887 1335 1927 aliquod,
1359 1888 1416 1918 ubi
1439 1897 1495 1918 vas
1519 1887 1564 1918 sit

823 1935 860 1962 ut
875 1931 1031 1964 Graecum
1046 1930 1158 1969 σκιῦος,
1178 1931 1340 1972 supellex,
1357 1932 1562 1962 instrumen-

821 1979 915 2009 tum:
947 1975 1006 2006 sed
1031 1975 1167 2015 Longus
1194 1975 1234 2005 de
1262 1974 1394 2006 annulis
1423 1985 1452 2006 c.
1477 1978 1510 2006 4.
1541 1985 1560 2006 e

823 2020 895 2051 MS.
917 2018 1003 2056 Bibl.
1027 2019 1180 2056 Ambros.
1203 2019 1324 2058 corrigi
1350 2017 1483 2050 volebat
1505 2028 1562 2050 vas

823 2063 952 2103 aliquis.

867 2107 1058 2138 Vasarium.
1088 2106 1153 2136 Pis.
1174 2108 1226 2138 35.
1257 2105 1414 2146 pecunia,
1430 2115 1504 2145 quae
1520 2115 1562 2137 ex

823 2152 939 2181 aerario
956 2149 1208 2190 magistratibus
1225 2150 1259 2179 in
1275 2149 1462 2189 provincias
1478 2159 1562 2180 eun-

822 2195 912 2225 tibus
927 2194 1080 2232 dabatur,
1093 2193 1134 2223 ad
1147 2192 1370 2233 comparanda
1385 2202 1474 2230 vasa,
1488 2193 1563 2232 qui-

823 2239 884 2269 bus
900 2248 982 2278 opus
998 2237 1171 2268 haberent.
1204 2236 1292 2267 Vasa
1305 2241 1421 2266 autem
1436 2236 1491 2266 hic
1506 2246 1562 2274 su·

824 2286 965 2312 muntur
979 2281 1092 2318 latius,
1104 2290 1164 2321 pro
1179 2290 1232 2318 eo,
1242 2279 1330 2320 quod
1341 2279 1427 2310 Galli
1443 2280 1563 2311 dicunt

824 2325 985 2357 meubles.
1008 2325 1066 2355 sed
1088 2325 1122 2354 in
1147 2325 1266 2355 itinere
1290 2324 1324 2354 in
1343 2323 1561 2363 provinciam,

824 2370 859 2400 in
876 2369 1010 2407 militia,
1024 2378 1104 2399 vasa
1119 2368 1292 2405 dicuntur,
1309 2368 1342 2398 iu
1359 2367 1440 2397 urbe
1455 2369 1562 2408 supel-

824 2415 887 2444 lex.
903 2423 931 2444 v.
947 2412 1086 2443 Salmas.
1111 2411 1199 2442 mod.
1224 2410 1324 2441 Usur.
1347 2420 1376 2440 c.
1401 2413 1432 2442 3.
1455 2420 1488 2452 p.
1505 2413 1559 2444 84.

824 2461 858 2487 ct
881 2456 922 2487 ad
943 2456 1005 2487 Jus
1028 2457 1100 2487 Att.
1116 2466 1148 2496 p.
1165 2458 1240 2486 455.
1272 2454 1312 2484 de
1327 2456 1456 2486 υαεανὶο
1470 2454 1560 2487 conf.

824 2500 893 2532 Cic.
908 2500 1002 2532 Verr.
1019 2500 1062 2530 iv.
1079 2502 1109 2530 5.
1130 2503 1165 2529 et
1180 2499 1224 2529 ibi
1242 2496 1326 2528 Intt.

869 2544 1066 2576 Vascularii.
1095 2541 1189 2572 Verr.
1207 2542 1249 2572 iv.
1266 2543 1318 2572 24.
1351 2545 1431 2573 sunt
1453 2541 1560 2573 artifi-

824 2598 891 2626 ces,
911 2588 967 2628 qui
989 2597 1028 2617 ex
1052 2596 1134 2617 auro
1157 2588 1335 2626 argentove
1358 2594 1436 2616 vasa
1457 2586 1562 2616 confi-

824 2633 933 2670 ciunt,
956 2631 1014 2662 sed
1035 2631 1108 2660 sine
1131 2628 1250 2660 crustis
1277 2633 1312 2659 et
1337 2628 1561 2667 emblematis,

824 2677 880 2715 qui
891 2675 979 2716 apud
990 2683 1051 2704 nos
1063 2672 1300 2704 Goldschmide
1308 2678 1480 2703 vocantur.
1495 2673 1560 2702 vid.

824 2719 962 2750 Salmas.
982 2717 1024 2748 ad
1047 2717 1151 2748 Solin.
1171 2727 1204 2758 p.
1221 2717 1295 2751 736.
1325 2715 1451 2747 Eorum
1474 2725 1562 2756 saepe

825 2763 953 2793 mentio
976 2767 1028 2792 est
1044 2762 1078 2791 in
1094 2759 1269 2801 lapidibus.
1291 2759 1456 2800 Exempla
1471 2759 1563 2789 Indi-

825 2816 878 2837 ces
902 2805 1109 2844 Gruteriani,
1124 2803 1329 2842 nemesiani,
1346 2803 1468 2843 aliique
1484 2812 1563 2843 sup-

824 2849 1037 2892 peditabunt.

871 2893 1023 2932 Vaetare,
1039 2892 1138 2924 inane
1163 2890 1283 2923 facere.
1313 2891 1404 2922 Sext.
1428 2891 1481 2921 24.
1512 2888 1564 2920 lex

882 2945 906 2968 u
923 2936 945 2968 h
962 2939 980 2968 3
