1800 3131
157 120 242 158 310

161 215 349 247 hominum.
376 214 469 246 Verr.
490 213 526 245 ii.
551 216 602 247 55.
627 215 693 246 ista
704 218 889 254 generatim

162 259 315 290 homines
330 259 469 295 habent,
484 262 524 290 ut
537 263 695 298 aratores,
707 267 746 290 ut
763 270 890 290 merca-

161 306 250 333 tores
275 304 333 332 &c-
357 302 435 332 ibid.
453 302 505 336 69.
529 302 684 333 universa
708 304 888 344 provincia,

160 347 405 386 generatimque
415 345 554 386 singulis
569 347 638 386 ejus
649 347 809 386 partibus.
832 347 889 377 Or.

163 391 186 420 i.
202 393 255 421 41.
276 391 461 428 generatim
477 390 730 430 componere,h.
747 401 775 420 e.
793 391 889 421 rebus

163 433 206 464 ad
223 440 315 469 certa
330 443 451 473 genera
465 435 635 468 revocatis.

214 477 424 508 Generaliter.
449 476 462 507 1
469 487 520 506 nv.
535 478 555 507 i.
574 477 626 507 ⁶26.
650 480 784 516 tempus
794 486 890 515 gene-

163 521 282 551 raliter
298 520 434 551 definire
453 520 584 550 difficile
601 525 662 550 est.

213 563 406 602 Gemi-aius,
418 564 526 595 fac-tus
543 570 577 593 et
591 563 790 593 elawratus.
813 562 888 593 Div.

160 606 183 638 i.
204 610 252 639 12.
277 609 401 648 species
415 611 576 647 generata
592 606 717 637 Nattae.

212 651 366 682 Genialis.
391 651 524 681 Cluent.
547 653 577 681 5.
601 649 707 680 lectus
727 650 888 687 genialis.-

162 694 184 725 i.
202 705 230 725 e.
249 694 418 735 nuptialis.
433 704 463 723 v.
479 693 568 733 Lips.
590 693 695 723 Elect.
713 694 733 723 i.
755 694 802 724 16.

213 738 433 769 Geniculatus.
462 737 555 767 Cato.
576 738 625 769 15.
651 735 782 766 culmus
795 736 889 775 geni-

159 783 313 812 culatus:
337 782 370 811 h.
394 790 421 810 e.
445 780 500 819 qui
522 779 624 810 nodos
640 779 752 810 habet.
793 780 888 810 Geni-

159 828 236 856 cula
251 826 342 855 enim
361 830 441 854 suut
455 824 531 854 nodi
548 822 695 853 caulium
711 828 745 853 et
762 823 888 853 culmo-

159 878 248 904 rum,
266 874 303 898 ut
326 867 368 897 ad
390 867 424 898 h.
448 867 471 897 l.
494 867 609 898 docuit
631 867 792 906 Graevius,
812 872 847 897 et
869 877 887 898 e

156 912 291 944 rusticis
307 916 428 941 notum
442 914 505 941 est.

209 955 307 993 Geno,
324 964 383 994 pro
400 954 512 994 gigno.
536 954 593 984 Or.
611 953 645 983 ii.
662 955 714 984 32.
739 954 886 992 genitur.

208 998 305 1036 Gens,
323 997 402 1037 quid
424 998 539 1028 Romae
555 997 669 1034 fuerit,
684 996 888 1036 intelligitur

156 1051 198 1075 ex
224 1041 287 1072 hoc
311 1041 404 1071 loco:
429 1041 485 1072 Or.
511 1041 533 1071 i.
557 1044 608 1076 39.
633 1050 709 1071 curn
736 1040 885 1071 Marcelli

156 1085 197 1114 ab
224 1085 334 1116 liberti
363 1085 432 1114 filio
456 1085 572 1127 stirpe,
600 1082 730 1115 Claudii
756 1085 886 1124 patricii

154 1128 305 1167 ejusdem
326 1129 470 1158 nominis
491 1127 713 1158 hereditatem
733 1132 830 1166 geute
845 1128 886 1159 ad

153 1181 189 1202 se
207 1172 342 1204 rediisse
358 1172 508 1203 dicerent
523 1185 529 1201 :
557 1181 667 1202 nonne
683 1172 718 1201 in
732 1182 772 1202 ea
786 1181 886 1203 causa

152 1215 221 1245 fuit
242 1216 428 1246 oratoribus
451 1216 491 1245 de
507 1220 577 1246 toto
594 1215 706 1255 stirpis
721 1225 760 1246 ac
776 1216 885 1255 genti·

151 1258 256 1290 litatis
267 1260 344 1299 jure
360 1259 550 1289 dicendum.
582 1259 728 1297 Scilicet,
739 1269 819 1298 gens
833 1263 884 1290 est

154 1304 344 1333 communis
366 1303 500 1333 diversis
517 1303 675 1343 stirpibus
694 1312 720 1332 s.
735 1302 882 1334 familiis.

150 1346 205 1376 Sic
219 1357 301 1385 gens
316 1346 456 1377 Claudia
471 1345 724 1386 comprehendit
739 1346 882 1377 diversas

148 1389 295 1420 familias
320 1390 476 1430 patricias
503 1394 537 1420 et
562 1389 720 1430 plebeias,
744 1389 881 1430 Appios,

150 1433 328 1464 Marcellos
345 1435 404 1464 &c.
437 1433 545 1474 Stirps
568 1437 682 1464 autem
698 1443 724 1463 s.
741 1433 880 1471 familia,

149 1482 201 1507 est
217 1487 292 1517 pars
304 1479 420 1517 gentis.
467 1476 624 1508 Ceterum
638 1487 720 1516 gens
734 1481 770 1507 et
784 1477 882 1508 farni-

147 1520 194 1551 lia
209 1531 297 1561 saepe
320 1524 568 1561 permutantur.
591 1520 632 1551 cf.
647 1520 802 1560 gentiles.
830 1521 880 1551 Si-

147 1574 226 1603 gon.
243 1564 286 1595 ad
302 1563 373 1595 Liv.
389 1565 432 1595 iv.
452 1567 479 1594 l.
506 1564 578 1595 *ad
593 1564 669 1595 Div.
686 1565 728 1594 ix.
747 1566 799 1595 21.
820 1575 879 1605 pa-

146 1608 237 1638 tricii
261 1608 428 1638 minorum
451 1609 599 1647 gentium
615 1621 624 1635 .-
651 1607 683 1638 h.
704 1617 732 1636 e.
749 1617 878 1646 earum,

148 1661 229 1690 quas
244 1652 447 1691 Tarquinius
464 1652 593 1682 Priscus
612 1652 644 1681 in
661 1655 815 1682 senatum
833 1652 878 1682 le-

148 1695 219 1733 git:
245 1697 386 1735 majores
405 1700 518 1725 autem
533 1699 645 1733 gentes
660 1699 752 1733 sunt,
769 1705 843 1734 quae
860 1705 880 1725 a

147 1737 294 1769 Romulo
318 1739 414 1769 lectae
440 1741 530 1769 sunt.
559 1738 632 1769 Liv.
658 1739 680 1768 i.
703 1741 756 1769 35.
789 1739 878 1770 Hinc

147 1781 192 1820 ad
216 1781 283 1813 alia
305 1781 507 1813 transfertur
531 1781 688 1821 loquendi
714 1782 812 1820 ratio,
840 1787 879 1813 ut

145 1824 318 1857 minorum
338 1828 490 1865 gentium
515 1825 670 1855 dicantur
695 1825 877 1856 inferiores.

145 1868 248 1900 Acad.
264 1870 307 1898 iv.
324 1871 376 1899 41.
407 1868 586 1899 Cleanthes
602 1869 696 1908 quasi
712 1870 877 1908 majorum

142 1914 294 1951 gentium
309 1913 452 1942 Stoicus.
475 1911 611 1943 Tuscul.
628 1912 650 1944 i.
669 1915 718 1944 13.
734 1913 791 1944 Dii
807 1923 878 1944 ma-

137 1955 254 1993 joi-um
268 1957 430 1995 gentium.

195 2000 343 2031 Gemens.
369 1999 458 2040 Top.
480 2000 511 2030 6.
539 2000 675 2038 gentiles
699 2004 793 2038 sunt,
819 2000 877 2040 qui

145 2043 262 2074 eodem
288 2044 377 2073 inter
394 2053 429 2074 se
451 2047 531 2073 sunt
555 2044 704 2080 nomine,
725 2044 766 2074 ab
784 2045 876 2084 inge-

143 2087 220 2117 nuis
249 2087 394 2123 oriundi,
418 2097 559 2126 quorum
587 2087 751 2126 majorum
778 2097 877 2118 nemo

143 2131 340 2160 servitutem
355 2130 503 2167 servivit,
515 2130 570 2169 qui
588 2131 696 2170 capite
713 2140 780 2161 non
796 2136 878 2161 sunt

144 2173 321 2204 deminuti.
361 2174 413 2204 Sic
442 2174 537 2204 Brut.
568 2176 620 2205 2⁷8.
661 2172 710 2205 M.
742 2174 875 2206 Pennus

141 2216 241 2248 Bruti
266 2218 399 2257 gentilis
424 2217 560 2254 dicitur,
587 2218 665 2256 quia
691 2222 830 2257 uterque
857 2228 875 2248 e

141 2260 264 2300 Juniis.
294 2262 394 2291 Tuse.
422 2262 443 2290 i.
474 2261 524 2291 16.
554 2260 722 2291 Ciceronis
742 2263 876 2300 gentilis

141 2303 267 2335 dicitur
295 2305 426 2335 Servius
452 2303 597 2343 Tullius,
623 2304 665 2335 ob
696 2314 874 2336 commune

140 2346 243 2378 Tullii
262 2358 396 2378 nomen.

193 2391 376 2422 Gentilitas.
406 2392 463 2422 Or.
494 2392 515 2421 i.
547 2394 599 2426 39.
629 2391 695 2422 vid.
722 2391 811 2422 Gens
838 2397 872 2424 et

142 2434 255 2474 Sigon.
270 2435 302 2465 J.
318 2434 356 2465 A.
377 2435 412 2465 C.
430 2434 469 2465 R.
485 2435 507 2465 i.
523 2438 554 2469 7.

193 2479 371 2510 Genuinus.
401 2478 480 2508 Nat.
499 2479 542 2508 D.
559 2479 593 2510 ii.
610 2482 661 2510 54.
688 2479 803 2510 dentes
821 2479 871 2509 in-

143 2521 233 2558 timi,
250 2523 305 2561 qui
319 2523 458 2562 genuini
473 2528 644 2552 vocantur.

192 2565 312 2603 Genus,
324 2576 383 2605 pro
394 2575 483 2605 genu
499 2566 533 2596 in
551 2565 680 2596 Arateis
692 2566 766 2601 649.
793 2566 870 2597 dex-

139 2611 233 2638 trum
253 2619 368 2647 genus.
405 2610 446 2640 cf.
471 2610 544 2640 654.
570 2611 643 2643 ⁶279.
668 2612 743 2641 280.
776 2609 815 2640 In
838 2620 869 2640 v.

139 2653 213 2686 279.
231 2662 305 2691 quae
319 2662 423 2692 genus
440 2653 481 2682 ad
497 2653 576 2683 Nixi
593 2653 652 2683 διο.
667 2653 803 2684 Vossius
819 2655 870 2686 in-

136 2695 312 2735 telligebat
335 2697 531 2740 genitivum.
549 2697 588 2727 de
604 2697 701 2727 Anal.
717 2706 745 2728 c.
769 2700 816 2732 17.
834 2708 867 2738 p.

183 2783 382 2819 Germanus,
398 2793 506 2814 verus.
536 2784 633 2815 Brut.
651 2785 703 2815 86.
731 2794 866 2823 germa-

133 2835 179 2856 na
201 2827 317 2856 ironia.
342 2825 421 2866 Leg.
447 2828 484 2858 ii.
511 2831 537 2858 1.
562 2837 725 2866 germana
746 2829 866 2867 patria.

131 2867 203 2900 Att.
219 2870 262 2900 iv.
278 2874 308 2901 5.
335 2870 445 2900 asinus
465 2881 659 2909 germanus.
684 2872 742 2903 Or.
763 2872 796 2902 ii.
811 2876 865 2903 38.

129 2914 284 2953 germani
302 2914 382 2945 artis
404 2914 568 2955 magistri.
591 2914 777 2955 *germani
798 2915 866 2948 fra-

677 127 824 156 INDEX
854 127 989 157 LATIN
995 127 1152 157 ITArls.

931 220 1012 248 tres.
1042 215 1135 247 Verr.
1167 216 1189 246 i.
1219 218 1272 250 49.
1301 218 1381 246 sunt
1405 215 1520 248 eadem
1546 220 1656 248 matre

933 261 1017 297 nati,
1033 269 1099 291 non
1116 260 1218 290 etiam
1234 262 1339 300 patre,
1356 262 1394 289 ut
1417 259 1529 299 pulcre
1545 264 1657 292 osten-

932 304 983 334 dit
997 303 1236 344 VVesselingius
1249 303 1289 334 V.
1304 303 1341 334 C.
1358 303 1436 333 Obs.
1453 303 1472 333 i.
1494 307 1543 335 13.

982 347 1199 378 G.¹1'.>l1(1})ll(hs-
1226 347 1369 386 Harusp.
1391 347 1431 377 R.
1452 348 1504 378 20.
1524 357 1656 386 germa-

932 391 1046 421 nitatis
1066 398 1194 432 stupra,
1218 390 1239 420 i.
1267 399 1295 420 e.
1321 400 1400 420 cum
1425 399 1585 430 germana
1604 401 1656 422 so-

931 443 1016 464 rore.

981 477 1073 507 Gero.
1096 477 1138 508 ad
1159 478 1234 508 Div.
1259 478 1299 508 iv.
1324 481 1352 509 5.
1374 486 1492 516 gerere
1508 479 1656 508 aetatem.

933 519 988 550 ubi
1004 530 1033 550 v.
1052 520 1157 551 Graev.
1172 525 1206 551 et
1224 521 1339 551 Burni.
1355 521 1396 551 ad
1411 520 1506 550 Ovid.
1521 520 1605 551 Met.
1620 521 1657 552 ii.

931 565 1005 597 497.
1029 562 1047 581 ⁵*
1064 562 1134 594 Inv.
1160 565 1194 594 ii.
1221 569 1252 600 9.
1276 574 1343 605 prae
1369 574 1403 595 se
1423 574 1551 604 gerere,
1574 564 1655 596 alias

930 606 1027 636 ferre.

981 650 1104 680 Gestus.
1128 657 1238 680 motus
1261 651 1395 691 quidam
1419 651 1574 691 corporis.
1596 652 1655 683 Or.

930 692 964 722 ii.
985 695 1036 727 57.
1065 697 1194 731 gestum
1217 703 1325 732 agere.
1355 693 1547 734 *σχῆματι,
1571 695 1659 735 figu-

930 746 997 768 rae...
1015 737 1072 767 Or.
1101 739 1153 767 ²25.
1183 746 1256 775 quae
1278 737 1398 774 Graeci,
1413 739 1507 777 quasi
1529 739 1656 779 aliquos

927 784 1038 820 gestas
1053 780 1224 817 orationis,
1240 779 1391 820 σχήματα
1404 781 1583 821 appellant.

979 825 1130 863 Gignere.
1165 824 1222 855 Or.
1252 824 1298 855 iii.
1327 827 1379 855 30.
1411 827 1655 864 permotionem

926 869 1080 906 gignerae
1106 867 1146 897 de
1169 871 1313 905 oratore,
1330 868 1387 907 qui
1403 867 1570 900 auditores
1584 879 1657 900 mo-

927 916 995 941 vet.

978 954 1159 986 Gladiator.
1183 955 1422 994 gladiatoribus
1448 953 1571 986 dicitur
1595 965 1656 996 pro

928 996 1016 1028 ludis
1053 997 1269 1036 gladiatoriis,
1306 1009 1383 1028 cuin
1420 997 1654 1038 gladiatorium

927 1041 1156 1081 spectaculum
1178 1047 1279 1080 esset,
1295 1042 1337 1072 ad
1359 1042 1435 1073 Div.
1460 1052 1488 1072 x.
1511 1044 1565 1074 32.
1593 1043 1655 1074 At-

925 1085 986 1115 tie.
1001 1086 1043 1115 vi.
1060 1088 1090 1116 3.
1120 1085 1203 1115 Phil.
1220 1086 1264 1116 ix.
1280 1089 1311 1120 7.

977 1129 1210 1159 Gladiatorius.
1232 1128 1321 1159 Mur.
1338 1131 1391 1160 35.
1413 1128 1504 1160 locus
1518 1130 1652 1168 gladia·

927 1173 1039 1209 torius,
1056 1172 1089 1202 h.
1109 1182 1137 1202 e.
1162 1173 1196 1203 in
1213 1172 1299 1203 ludis
1318 1172 1537 1212 gladiatoriis,
1549 1173 1652 1204 unde

926 1215 994 1247 ludi
1009 1215 1152 1255 spectari
1168 1220 1319 1256 possunt.

975 1261 1172 1291 Glomerare.
1203 1260 1282 1291 Div.
1311 1260 1333 1290 i.
1367 1261 1416 1290 12.
1448 1260 1562 1290 omnia
1586 1261 1654 1292 fixa

924 1306 1004 1334 tuus
1020 1305 1204 1343 glomerans
1219 1303 1422 1334 determinat
1443 1313 1562 1334 annuS.
1585 1303 1654 1334 An·

924 1355 987 1377 nus
1008 1349 1194 1386 glomerans
1208 1351 1271 1385 est,
1287 1347 1329 1377 ad
1344 1348 1445 1377 finem
1463 1347 1609 1378 veniens.

974 1391 1096 1422 Gloria.
1122 1390 1271 1422 Marcell.
1297 1393 1327 1422 8.
1351 1390 1431 1430 quid
1445 1390 1515 1421 sit?
1547 1389 1567 1409 ⁵*
1582 1389 1653 1430 glo-

924 1433 1030 1464 riandi
1055 1434 1273 1473 consuetudo,
1289 1444 1314 1464 s.
1338 1435 1453 1473 glorioe
1478 1433 1654 1474 cupiditas-

923 1477 964 1507 ad
992 1477 1067 1509 Div.
1094 1479 1147 1509 vii.
1180 1481 1228 1509 13.
1262 1478 1397 1516 moriar,
1420 1477 1468 1515 ni,
1491 1487 1564 1518 quae
1591 1485 1654 1509 tua.

919 1523 1028 1559 gloria
1044 1528 1107 1560 est,
1124 1524 1204 1562 puto
1219 1526 1254 1551 te
1270 1521 1369 1552 malle
1392 1531 1411 1551 a
1428 1521 1557 1552 Caesare
1573 1531 1653 1552 con·

921 1564 999 1603 suli,
1026 1575 1126 1605 quam
1154 1566 1312 1596 inaurari.
1351 1564 1430 1595 ibid.
1452 1565 1519 1595 viii.
1546 1567 1596 1596 15.
1624 1566 1652 1596 si

919 1608 1017 1646 scias,
1046 1619 1147 1649 quam
1167 1608 1331 1639 sollicitus
1357 1609 1432 1646 sim,
1459 1611 1535 1639 tum
1563 1608 1652 1639 hanc

920 1661 1029 1682 meam
1043 1654 1184 1691 gloriam
1199 1651 1358 1683 derideas.

970 1696 1120 1734 Gloriose,
1138 1696 1319 1735 jactanter.
1344 1695 1386 1726 ad
1411 1695 1488 1727 Div.
1503 1695 1571 1726 viii.
1601 1698 1651 1727 15.

921 1739 1000 1779 quid
1008 1739 1094 1778 jam,
1111 1739 1234 1778 inquis,
1247 1740 1385 1778 gloriose
1397 1739 1537 1769 omnia?

970 1783 1135 1813 Gloriatio.
1160 1783 1228 1813 Fin.
1254 1783 1301 1813 iii.
1326 1785 1356 1814 8.
1389 1783 1594 1821 gloriatione,
1609 1786 1651 1814 ut

920 1827 967 1856 ita
981 1826 1102 1864 dicam,
1118 1827 1253 1866 dignam
1269 1836 1350 1856 esse.
1366 1825 1404 1856 de
1421 1823 1617 1868 aegonypiivm.

969 1870 1108 1907 Glorior,
1125 1880 1203 1900 cum
1219 1879 1327 1900 accus.
1344 1869 1384 1901 de
1399 1870 1476 1900 Sen.
1493 1872 1540 1901 10.
1552 1879 1649 1909 posse

919 1913 1039 1944 vellem
1055 1913 1143 1944 idem
1155 1915 1303 1954 gloriari.

969 1959 1160 1993 Gracilitas,
1183 1958 1332 1987 tenuitas
1357 1956 1528 1988 orationis.
1551 1955 1650 1995 Brut.

922 2001 972 2032 16.
992 2003 1200 2041 gracilitates
1216 2000 1410 2031 consectari.
1577 2001 1592 2011 ⁴

968 2045 1110 2076 Gradus.
1124 2045 1218 2076 Verr.
1235 2045 1282 2075 iii.
1296 2047 1349 2079 74.
1367 2047 1450 2084 quot
1463 2043 1565 2074 vultis
1576 2052 1648 2074 esse

919 2087 954 2118 in
968 2098 1036 2119 uno
1053 2089 1143 2119 furto
1159 2092 1373 2129 peccatorum
1386 2088 1514 2129 gradus
1526 2088 1543 2117 .?
1565 2091 1605 2117 ut
1619 2087 1648 2118 si

918 2132 1058 2172 singulis
1087 2132 1240 2163 insistere
1266 2131 1380 2169 velim,
1405 2130 1558 2171 progredi
1582 2130 1647 2161 iste

918 2185 984 2206 non
1001 2177 1115 2216 possit.
1138 2175 1234 2206 Brut.
1252 2177 1303 2206 65.
1328 2174 1415 2213 quod
1427 2173 1558 2213 gradus
1570 2177 1646 2209 tuos

917 2221 952 2248 et
967 2221 1060 2258 quasi
1076 2229 1266 2260 progressus
1285 2217 1416 2248 dicendi
1435 2217 1554 2247 studeo
1569 2227 1647 2257 cog·-

917 2272 1063 2293 noscere.
1087 2264 1177 2294 Verr.
1195 2263 1228 2293 ii.
1248 2265 1276 2293 1.
1298 2262 1333 2292 in
1356 2261 1502 2291 Africam
1527 2271 1568 2291 ex
1583 2260 1647 2291 hae

915 2307 1087 2346 provincia
1098 2307 1226 2346 gradus
1240 2305 1371 2344 imperii
1382 2309 1434 2335 est
1443 2304 1564 2334 factus.
1587 2304 1646 2335 Or.

916 2350 968 2380 64.
991 2351 1116 2381 stabilis
1129 2350 1265 2390 quidam
1279 2353 1314 2379 et
1327 2358 1394 2378 non
1408 2357 1522 2386 expers
1538 2347 1647 2387 digni-

914 2394 993 2424 tatis
1006 2394 1155 2433 gradus:
1178 2393 1217 2423 de
1234 2393 1374 2433 pedibus
1389 2391 1592 2431 longioribus
1608 2392 1644 2423 in

914 2437 1074 2467 oratione.
1097 2437 1116 2456 ³*
1132 2438 1167 2467 in
1184 2446 1217 2466 re
1227 2435 1423 2475 gladiatoria
1430 2435 1558 2474 gradus
1574 2435 1645 2474 gla-

914 2479 1049 2511 diatoris
1075 2480 1164 2511 idem
1184 2480 1240 2519 qui
1255 2484 1289 2510 et
1305 2484 1412 2509 status
1434 2478 1568 2516 dicitur,
1585 2478 1644 2509 das

912 2523 1033 2563 Lager,
1050 2534 1089 2554 ex
1107 2534 1171 2564 quo
1187 2522 1386 2563 gladiatores
1403 2521 1438 2552 in
1455 2522 1569 2562 primis
1585 2522 1644 2561 ju-

913 2567 1121 2599 dicabantur.
1151 2578 1181 2597 v.
1208 2567 1308 2597 Gron.
1335 2565 1377 2595 ad
1410 2565 1525 2596 Senec.
1553 2565 1643 2605 Aga-

912 2620 1037 2641 memn.
1057 2614 1132 2643 515.
1172 2610 1262 2641 Hinc
1287 2609 1398 2650 plures
1420 2608 1586 2645 formulae,
1601 2610 1642 2639 ut

910 2654 976 2685 Off.
986 2655 1007 2685 i.
1016 2657 1069 2686 23.
1080 2654 1347 2685 tumultuantem
1359 2652 1399 2682 de
1409 2652 1521 2692 gradu
1532 2651 1641 2691 dejici.

911 2698 953 2729 cf.
963 2698 1035 2729 Att.
1049 2699 1111 2729 xvi.
1126 2701 1174 2729 15.
1188 2698 1247 2728 &Q
1273 2697 1407 2727 Dicitur
1418 2697 1519 2726 etiam
1537 2696 1573 2725 in
1587 2704 1641 2725 ar-

910 2743 1176 2781 gumentatione,
1189 2742 1242 2779 qui
1260 2740 1383 2770 Sorites
1400 2739 1534 2770 (licitur.
1548 2737 1639 2769 unde

909 2789 943 2815 et
966 2786 1131 2825 gradatim
1149 2785 1226 2814 ibid.
1244 2784 1407 2823 gradatim
1430 2783 1541 2823 aliquo
1562 2791 1638 2823 per-

908 2829 1034 2861 venire.
1056 2839 1087 2859 v.
1105 2828 1240 2859 Sorites.

956 2873 1136 2903 Groeculus.
1173 2872 1263 2902 Sext.
1301 2873 1354 2902 51.
1384 2870 1571 2910 greculum
1601 2877 1636 2898 se

907 2917 1017 2957 putari
1047 2915 1165 2959 voluit,
1198 2914 1231 2948 h.
1254 2924 1286 2949 e.
1307 2914 1463 2946 Graecum
1492 2910 1639 2955 philone,-
