1800 3131
127 147 215 193 <182

178 248 404 291 Adsuqfacere.
427 260 506 282 cum
529 249 630 282 ablat.
660 253 718 283 Or.
742 252 788 282 iii.
807 254 856 282 10.

135 306 278 337 quorum
301 304 453 325 sermone
478 295 534 334 qui
556 295 738 336 adsuefacti
752 299 859 326 erant.

137 339 235 371 Catil.
253 339 285 369 ii.
302 341 332 370 5.
355 338 518 368 scelerum
541 340 779 369 exercitatione
802 339 860 369 ad-

135 383 310 421 suefactus.
335 393 365 412 v.
388 382 488 413 Gron.
515 386 549 412 et
572 383 702 414 Duker.
727 383 769 413 ad
792 383 864 414 Liv.

133 427 224 460 'xxixa
241 430 293 458 48.
319 425 418 456 xlviii.
436 428 487 457 31.
503 428 556 457 35.

180 471 352 502 Adsuetus.
376 480 451 500 cum
473 468 573 499 ablat.
596 468 653 499 Or.
669 470 716 499 iii.
739 472 787 499 15.
803 468 862 498 lio-

137 515 246 546 mines
264 514 373 544 labore
391 514 527 544 adsueti.
551 512 693 543 v.Gron.
709 517 744 542 et
759 512 865 543 Drak.

138 558 181 589 ad
196 559 268 589 Liv.
284 558 371 587 xxxi.
389 560 440 587 35.

181 602 318 633 Adsum.
351 600 390 630 (le
423 600 602 636 advocatis,
625 606 660 629 et
689 608 866 629 causarum

137 646 288 686 patronis
314 645 489 683 utriusque
513 643 628 683 partis.
650 643 744 673 Verr.
762 643 796 672 ii.
812 645 865 676 29.

137 689 211 720 Fin.
228 690 262 719 ii.
283 691 330 721 17.
366 687 384 706 ἢ*
398 687 438 717 ad
462 687 538 717 Div.
557 687 599 716 ix.
617 688 670 717 ⁶25.
695 686 803 716 adesse
826 686 868 716 ad

137 731 386 773 imperandum.
410 732 432 761 i.
449 740 477 760 e.
498 734 537 760 ut
554 730 735 770 imperanti
752 739 867 770 parea-

137 785 224 808 mus.

181 819 398 851 Adventicius.
423 817 629 847 extrinsecus
653 817 695 847 ad
717 826 777 847 nos
793 827 868 858 per-

137 864 288 899 veniens,
310 871 378 891 non
405 866 572 898 nostrum,
592 865 651 891 aut
678 866 792 891 nostro
818 861 866 891 la-

135 907 216 937 bore
233 910 367 946 partum
387 905 446 935 &c.
480 905 550 935 Fin.
568 915 598 934 ν.
620 908 669 934 11.
694 904 869 944 adjumen-

135 955 174 981 ta
189 954 329 980 externa
342 953 376 978 et
391 949 585 979 adventicia.
619 948 737 979 Manil.
753 953 784 983 9.
809 948 868 978 ad-

136 994 282 1024 vemz'ciis
310 992 495 1022 multorum
532 992 663 1031 Regum
695 998 730 1022 et
760 992 869 1022 natio-

137 1047 220 1068 num
246 1037 361 1076 copiis.
390 1036 484 1066 Verr.
507 1037 549 1065 iv.
571 1038 609 1069 37
617 1061 623 1066 .
648 1035 868 1066 adventicium

137 1080 313 1111 auxilium.
344 1080 427 1110 Rab.
444 1079 480 1109 P.
501 1082 551 1114 17.
568 1079 749 1110 adventicia
765 1089 866 1119 pecu-

136 1125 204 1154 nia.
236 1124 307 1154 Att.
324 1123 346 1153 i.
372 1127 421 1157 19.
447 1123 591 1163 pecunia
612 1123 795 1154 adventicia
818 1123 867 1153 di-

137 1169 238 1206 citur,
257 1177 330 1207 quae
354 1177 393 1197 ex
419 1167 510 1197 novis
526 1166 744 1206 vectigalibus
768 1167 867 1198 redit.

136 1212 233 1249 item,
250 1221 324 1250 quae
348 1210 417 1241 filio
441 1210 575 1240 aliunde
599 1221 698 1250 quam
720 1221 738 1240 e
761 1212 866 1251 patris

135 1255 325 1286 hereditate
342 1255 444 1284 venit.
469 1254 539 1284 Inv.
557 1254 591 1284 ii.
608 1256 661 1286 21.
681 1254 738 1285 Or.
752 1255 798 1285 iii.
811 1258 865 1287 33.

136 1300 291 1330 doctrina
313 1299 507 1335 adventz'm'a,
525 1299 546 1328 i.
564 1308 593 1328 e.
617 1299 658 1329 ab
675 1297 740 1328 alio
759 1309 865 1339 popu-

134 1342 169 1373 lo
186 1344 334 1373 inventa.
361 1342 438 1373 Div.
455 1342 489 1372 ii.
503 1345 555 1373 58.
573 1342 654 1372 visio
671 1342 864 1381 adventicia,

135 1396 157 1418 a
171 1387 322 1417 sensibus
340 1385 499 1426 profecta.

179 1431 356 1462 Adventus.
390 1429 432 1459 ad
449 1430 524 1459 Div.
540 1429 584 1459 vi.
600 1432 653 1461 ⁶20.
676 1430 867 1461 adventibus

134 1484 170 1505 se
197 1474 326 1504 offerre.
354 1474 376 1504 i.
403 1483 432 1503 e.
464 1473 705 1504 advenientibus
733 1475 865 1505 obviam

135 1518 196 1549 ire.

179 1561 393 1592 Adversarz‘a.
416 1564 497 1591 sunt
519 1561 608 1598 libri,
632 1562 667 1592 in
689 1571 770 1600 quos
793 1562 865 1592 sine

133 1606 251 1636 ordine
280 1605 395 1635 onmia
424 1605 663 1644 conjiciuntur,
691 1606 740 1636 ita
770 1605 865 1643 dicti,

135 1650 216 1688 quia
230 1654 366 1679 tantum
382 1648 418 1678 in
435 1648 572 1679 adversa
585 1654 680 1689 parte
696 1650 865 1680 scribitur.

134 1692 233 1724 Rosc.
259 1692 296 1723 C.
322 1695 352 1723 ΞΖ.
377 1702 501 1722 nomen
523 1693 559 1722 in
583 1693 783 1724 adversariis
809 1703 866 1734 pa-

133 1740 198 1767 tet.
221 1736 287 1766 vid.
304 1735 443 1766 Salmas.
458 1736 497 1766 de
515 1735 614 1767 Usur.
629 1747 662 1777 p.
682 1739 753 1771 147.

179 1780 406 1811 Adversarius.
432 1780 488 1818 qui
515 1785 633 1810 contra
658 1790 718 1810 nos
745 1780 868 1811 licetur

135 1823 173 1854 in
189 1824 400 1854 auctionibus
424 1828 459 1853 et
482 1824 697 1854 emtionibus.
720 1824 792 1854 Att.
809 1825 865 1855 xii.

136 1866 190 1899 '4:3.
216 1868 284 1897 xiii.
302 1870 354 1898 31.

181 1911 357 1942 Adversus.
383 1909 468 1950 Top.
485 1915 516 1945 9.
541 1910 581 1941 de
598 1911 784 1942 contrariis.
810 1912 866 1942 ubi

135 1958 254 1985 tamen
270 1954 345 1984 libri
365 1954 507 1984 variant.

180 1998 358 2029 Advertere
373 1998 525 2028 animum
543 1998 614 2029 Inv.
626 1999 660 2029 ii.
678 2002 729 2030 51.
742 2000 866 2029 transi-

135 2042 204 2072 tive
227 2052 306 2072 curn
333 2051 442 2071 accus.
472 2042 673 2081 naufragum
697 2043 865 2081 quendam

136 2086 289 2116 animum
306 2085 535 2115 adverterunt.
580 2086 633 2115 Sic
654 2097 671 2116 e
687 2087 782 2117 MSS.
798 2087 868 2117 Ou-

138 2129 351 2168 ‹lendorpius.
383 2128 425 2159 cf.
451 2129 676 2160 Ruhnkenius
702 2129 739 2160 V.
760 2130 796 2161 C.
824 2131 867 2161 ad

137 2173 305 2203 Rutilium
324 2172 362 2202 tie
379 2172 507 2211 Figuris
525 2183 556 2212 p.
574 2176 626 2207 77.

180 2217 347 2247 Ατῐειζαῖέο.
381 2216 424 2246 Ν.
448 2217 491 2247 D.
515 2216 549 2246 ii.
573 2217 624 2247 63.
649 2226 772 2247 canum
795 2222 866 2248 tam

139 2269 255 2289 amans
274 2260 486 2290 dominorum
504 2260 660 2291 adulatio.

183 2304 402 2333 Adumhrare.
421 2313 480 2343 pro
496 2303 664 2334 inchoare.
689 2304 760 2335 Fin.
771 2315 801 2334 v.
814 2307 867 2336 522.

139 2357 159 2376 a
176 2352 298 2377 natura
312 2348 566 2377 adumbrantur.
583 2348 747 2387 *fingam-e.
765 2348 865 2379 Dom.

138 2393 192 2421 30.
218 2396 390 2421 auctorem
407 2391 579 2421 meliorem
595 2392 806 2422 adumbrare.

183 2434 419 2464 Adumbracas.
443 2435 558 2473 salsus,
576 2436 687 2466 fictus.
714 2435 796 2465 Sull.
820 2439 868 2468 18.

139 2478 377 2508 adnmhrcamn
392 2478 566 2509 indicium.
598 2479 669 2509 Fin.
687 2489 716 2509 ν.
734 2481 786 2510 24.
809 2481 869 2510 ad-

138 2522 296 2551 umbrata
311 2522 433 2561 opinio.
450 2521 468 2540 ³¹²
480 2523 679 2553 adumbrata
694 2522 867 2560 dicuntur,

140 2574 216 2603 quae
242 2566 388 2604 speciem
415 2565 555 2604 alicujus
579 2566 626 2596 rei
654 2566 792 2604 hahent,
811 2577 869 2597 ne-

141 2618 206 2647 que
221 2612 337 2638 tamen
354 2613 444 2639 sunt.
482 2610 597 2639 Ducta
615 2610 813 2650 metaphora
827 2621 867 2641 ex

141 2652 283 2691 pictoria
306 2657 341 2681 et
363 2653 535 2682 statuaria.
565 2652 666 2683 Tusc.
690 2654 736 2684 iii.
754 2656 784 2684 ¹2.
809 2655 867 2684 ad-

140 2696 298 2725 umbrata
327 2696 437 2734 imago
467 2696 592 2734 gloriae.
632 2697 713 2727 Coel.
739 2701 769 2728 5.
800 2708 867 2728 non

140 2748 296 2778 express-‘1
319 2739 425 2777 signa,
450 2739 507 2769 sed
538 2740 738 2771 adumbrata
765 2742 869 2772 virtu-

138 2786 227 2812 tum.
254 2782 347 2811 Vel-r.
364 2782 409 2812 iii.
427 2786 479 2813 33.
494 2784 713 2814 adumbratus
729 2786 777 2815 vir
793 2785 870 2825 Pip-

139 2835 206 2866 pae,
223 2834 267 2855 sc.
292 2826 370 2864 quia
390 2826 483 2856 Verri
511 2836 648 2856 uxorem
674 2838 770 2858 suam
793 2839 868 2869 per-

140 2869 310 2898 mittebat.
341 2869 383 2898 N.
410 2869 452 2899 D.
476 2869 497 2899 i.
518 2872 569 2903 97.
594 2872 786 2902 adawnbralc'
811 2873 869 2903 Dii

138 2911 301 2942 dicuntur
315 2912 369 2942 Dii
389 2913 558 2952 Epivurei,
572 2914 649 2952 quia
666 2924 732 2944 non
749 2926 869 2955 eorpus

139 2954 278 2995 habent,
296 2956 355 2987 sed
377 2956 470 2997 quasi
494 2966 624 2997 corpus.
647 2958 868 2991 *inchoatus

651 161 799 190 INDEX
828 161 1126 190 LATINITATIS.

903 252 986 291 Leg.
1017 252 1039 282 i.
1072 253 1125 284 ⁶22.
1163 251 1369 282 adumbrata
1401 250 1636 290 intelligentiae

903 295 1076 333 dicuntur,
1092 296 1221 326 notitiae
1237 296 1377 332 innatae,
1390 296 1571 338 προλήψεις.

953 339 1127 370 Arlvocare.
1153 339 1254 369 estin
1278 349 1376 369 sensu
1393 338 1515 370 forensi
1535 338 1563 377 l)
1583 350 1637 371 ro-

911 392 989 420 gare
1019 384 1156 420 amicos,
1183 388 1222 413 ut
1250 383 1424 413 nobiscum
1451 382 1637 415 deliberent

911 425 952 455 de
981 436 1015 455 re
1045 426 1168 465 aliqua,
1193 428 1226 456 in
1258 427 1372 466 primis
1404 425 1443 456 de
1466 426 1539 464 lite,
1571 437 1637 466 quo

910 478 1010 499 sensu
1033 470 1180 500 advocati
1196 471 1313 510 Quint.
1332 473 1381 501 14.
1397 469 1568 500 dicuntur.
1599 469 1634 509 2)

911 522 1026 551 rogare
1042 512 1199 552 aliquem,
1212 520 1249 544 ut
1270 514 1303 544 in
1316 513 1454 544 consilio
1470 514 1564 544 nobis
1579 514 1638 544 ad-

911 556 975 585 sit:
1002 555 1041 585 de
1056 556 1181 595 judice.
1223 557 1276 587 Sic
1290 558 1428 598 Quint-t.
1446 559 1477 587 ⁶2.
1495 567 1577 597 quos
1592 557 1638 588 ti-

912 598 956 635 bi,
975 599 1111 637 Aquilli,
1131 601 1301 631 advocasti.
1334 602 1367 639 3)
1395 601 1522 631 amicus
1545 605 1638 632 acto-

911 643 954 672 ris
978 649 1037 673 aut
1060 643 1107 672 rei
1131 643 1252 674 dicitur
1274 645 1441 681 advocare,
1458 655 1535 675 cum
1559 655 1638 676 con-

910 691 1020 724 vocat,
1044 686 1241 725 quibuscum
1268 687 1308 717 de
1336 698 1436 718 causa
1461 688 1637 726 deliberet,

911 731 1080 769 utjuvare
1097 734 1207 769 partes
1231 732 1328 761 amici
1352 732 1466 771 possit.
1501 731 1638 763 Cluent.

914 776 963 807 19.
987 774 1192 814 Oppianicus
1223 775 1257 804 in
1282 774 1411 813 judicio
1443 775 1639 806 Scamandri

911 817 1026 848 aderat
1049 817 1218 857 frequens,
1235 818 1423 856 advocabat,
1447 820 1539 850 omni
1565 824 1639 850 stu-

911 861 964 892 dio
982 862 1155 900 gratiaque
1172 862 1353 901 pugnabat.

947 905 1133 942 Advocatio,
1142 910 1246 936 coetus
1252 907 1491 936 advocatorum.
1500 904 1641 944 Quinct.

915 950 964 979 14.
987 949 1084 979 Rose.
1109 947 1145 979 C.
1163 953 1193 981 5.
1218 949 1311 980 Verr.
1328 950 1348 979 i.
1365 952 1418 983 49.
1443 949 1568 979 Caecin.
1589 951 1638 980 15.

912 991 995 1022 Sull.
1019 994 1072 1026 29.
1097 993 1156 1023 &c.
1186 993 1357 1023 *Certum
1380 992 1541 1032 temporis
1564 1002 1639 1032 spa-

910 1036 1012 1073 tium,
1029 1046 1094 1074 quo
1117 1047 1200 1076 opus
1223 1043 1286 1074 est,
1303 1043 1343 1067 ut
1361 1037 1519 1066 advocare
1534 1036 1640 1077 possi-

912 1088 1000 1116 mus,
1016 1079 1090 1109 eine
1108 1080 1204 1111 Frist.
1235 1080 1276 1110 ad
1299 1081 1375 1111 Div.
1392 1080 1446 1110 w'i.
1466 1083 1517 1111 11.
1541 1080 1639 1110 advo-

911 1124 1049 1154 cationes
1063 1123 1157 1153 binas
1174 1123 1353 1163 postulare.

954 1167 1147 1198 Adoocatas.
1168 1167 1293 1198 dicitur
1308 1168 1448 1205 amicus,
1465 1177 1565 1207 quem
1581 1177 1640 1197 vo-

911 1220 1027 1241 camus
1044 1211 1085 1240 ad
1109 1221 1180 1248 nos,
1196 1216 1236 1241 ut
1258 1221 1336 1241 eum
1359 1210 1572 1242 consulamus
1597 1211 1638 1241 de

911 1255 1143 1284 controversiis
1178 1255 1312 1292 nostris,
1344 1255 1466 1294 quique
1502 1255 1638 1286 honoris

911 1308 1012 1328 causa
1025 1299 1060 1328 in
1076 1298 1206 1337 judicio
1221 1299 1255 1328 in
1272 1298 1434 1329 subselliis
1452 1298 1573 1328 nostris
1587 1308 1639 1328 se-

910 1342 981 1379 det,
1006 1346 1064 1372 aut
1092 1342 1265 1372 nobiscum
1290 1343 1325 1372 in
1345 1352 1414 1372 rem
1438 1346 1639 1382 praesentem

910 1387 1012 1415 venit.
1038 1386 1101 1415 vid.
1118 1385 1181 1417 Off.
1205 1387 1227 1417 i.
1247 1389 1294 1417 10.
1320 1386 1458 1426 Quinct.
1475 1389 1504 1417 8.
1529 1387 1586 1416 Or.
1602 1385 1639 1416 ii.

910 1432 963 1463 47.
997 1429 1172 1470 *Philipp
1195 1431 1218 1460 i.
1244 1434 1275 1464 7.
1301 1434 1446 1460 armatos
1473 1429 1639 1467 homines,

910 1483 991 1512 quos
1014 1475 1048 1504 in
1073 1473 1235 1504 Senatum
1258 1473 1450 1510 induxerat,
1473 1472 1640 1515 Antonius

911 1517 1037 1547 Consul
1052 1518 1219 1548 advocatos
1235 1521 1331 1548 vocat
1345 1529 1351 1547 :
1371 1516 1493 1547 vellem
1508 1517 1640 1548 adesset

909 1561 980 1590 sine
996 1562 1168 1591 advocali&

953 1605 1125 1635 Advolare.
1149 1615 1226 1634 cum
1250 1614 1360 1635 accus.
1384 1604 1426 1635 ad
1447 1604 1519 1635 Att.
1543 1605 1566 1635 i.
1588 1607 1638 1636 14.

910 1648 1041 1679 advolat
1057 1653 1166 1678 rostra
1182 1648 1276 1678 Cato.

953 1693 1114 1723 Adurere.
1145 1702 1205 1732 pro
1235 1691 1441 1722 comburere.
1473 1690 1576 1722 Tusc.
1605 1701 1639 1724 v.

910 1737 964 1770 27.

953 1781 1109 1810 Adustns.
1132 1779 1204 1810 Att.
1227 1790 1256 1810 v.
1280 1781 1333 1810 20.
1364 1779 1500 1810 adustus
1522 1779 1639 1809 incen-

911 1823 965 1853 dio
991 1823 1190 1854 Plaetoriano
1214 1822 1348 1860 dicitur,
1365 1823 1422 1862 qui
1445 1823 1480 1853 in
1501 1822 1639 1853 alterius

905 1867 1034 1906 judicio
1061 1872 1176 1897 notam
1203 1867 1349 1906 aliquam
1374 1865 1526 1904 abstulit,
1549 1870 1640 1896 tam·

910 1921 1024 1949 quam,
1039 1911 1094 1950 qui
1105 1910 1234 1948 judicio
1250 1911 1289 1940 de
1308 1909 1500 1950 repetundis
1518 1920 1558 1940 ex
1574 1909 1638 1940 hoc

910 1955 1019 1994 capite
1039 1954 1121 1994 legis
1136 1958 1338 1984 accusatur:
1363 1954 1410 1983 ad
1430 1964 1504 1993 quos
1525 1964 1564 1984 ea
1580 1963 1640 1993 pe·

909 2000 1008 2028 cunia
1030 1999 1227 2038 pervenerit.
1262 1997 1326 2028 nisi
1357 1997 1540 2037 legendum
1566 2007 1640 2028 am-

910 2043 1031 2072 blastus.

952 2086 1094 2117 „Edilem
1119 2086 1334 2126 magistratus
1351 2084 1574 2125 municipalis.
1597 2084 1640 2116 ad

910 2130 987 2160 Div.
1016 2130 1083 2160 xiii.
1111 2133 1159 2160 ll.
1185 2130 1246 2160 hoc
1268 2138 1356 2159 anno
1380 2128 1504 2159 aedz'lem
1531 2127 1639 2159 filium

911 2183 1024 2203 meum
1049 2174 1120 2203 fieri
1146 2173 1306 2203 volui—is
1332 2172 1423 2202 enim
1454 2177 1505 2202 est
1534 2172 1640 2212 magi·

909 2221 1034 2246 stratus
1051 2217 1086 2247 in
1102 2221 1217 2247 nostro
1232 2216 1424 2255 municipio.

955 2260 1144 2291 AEdc'litz'us.
1167 2261 1262 2291 Brut.
1279 2262 1331 2291 28.
1355 2259 1492 2295 dieitur,
1508 2259 1564 2298 qui
1581 2259 1639 2289 AE-

912 2303 986 2334 dilis
1012 2304 1086 2334 fuit.
1122 2304 1163 2334 ad
1190 2304 1255 2344 Qu.
1272 2303 1323 2334 Fr.
1347 2303 1367 2333 i.
1396 2306 1423 2333 l.
1439 2307 1469 2337 9.
1496 2301 1640 2341 vectigal

911 2348 1157 2380 AEdilitiorum.
1190 2357 1235 2377 sc.
1264 2346 1445 2385 ludorum3
1481 2347 1639 2386 pecunia,

913 2401 988 2430 quae
1012 2392 1047 2421 in
1073 2391 1249 2431 provinciis
1273 2390 1315 2420 ad
1337 2390 1432 2420 ludos
1450 2399 1508 2429 pro
1523 2389 1638 2420 AEdili-

911 2435 973 2465 bus
991 2435 1196 2474 exigebatur.
1221 2434 1285 2464 vid.
1303 2435 1337 2463 in
1357 2433 1512 2472 Vectigal.

955 2479 1080 2518 AEg'er.
1103 2488 1164 2518 pro
1190 2482 1338 2516 (egrotus.
1373 2477 1416 2507 ad
1437 2476 1509 2507 Att.
1535 2477 1579 2507 vi.
1609 2479 1638 2506 1.

912 2527 996 2552 extr.
1025 2522 1067 2552 N.
1083 2523 1128 2553 D.
1152 2522 1185 2552 ii.
1207 2524 1256 2552 12.
1279 2523 1361 2560 oegrz'
1385 2524 1420 2550 et
1443 2530 1580 2560 corpore
1603 2524 1639 2551 et

913 2566 1037 2596 animo.

953 2610 1186 2648 Aigrz'monia.
1210 2608 1282 2639 Att.
1298 2608 1354 2638 xii.
1371 2610 1423 2639 33.
1440 2607 1609 2647 oegm'tudo.

954 2653 1128 2684 AEmulus.
1166 2653 1260 2683 Verr.
1290 2662 1319 2683 v.
1349 2654 1402 2683 31.
1439 2661 1499 2691 pro
1532 2649 1639 2688 rivali,

912 2696 1077 2727 adultero.

955 2740 1158 2780 AEqaabilis,
1185 2739 1241 2779 qui
1268 2738 1409 2769 eandem
1435 2738 1557 2777 ubique
1587 2747 1640 2766 ra-

911 2784 1039 2814 tionem
1054 2788 1162 2821 tenet,
1178 2793 1310 2822 semper
1332 2787 1383 2812 est
1405 2781 1506 2812 idem.
1538 2780 1568 2810 T
1571 2791 1639 2811 use.

911 2828 944 2859 ii.
961 2829 1013 2861 27.
1037 2826 1124 2857 *Jus
1142 2827 1304 2866 oequabile,
1319 2826 1355 2856 in
1378 2836 1443 2865 quo
1467 2834 1582 2855 omnes
1606 2834 1640 2852 e-

904 2871 1041 2911 jusdem
1065 2870 1263 2900 conditionis
1287 2874 1380 2906 sunt,
1402 2868 1486 2898 nihil
1510 2867 1639 2908 gratiae,

913 2915 1047 2951 dixistis,
1066 2915 1125 2944 διο.
1140 2914 1312 2944 tribuitur.
1336 2913 1407 2943 Inv.
1421 2913 1443 2942 i.
1464 2915 1510 2942 11.
1529 2914 1580 2942 53.

955 2957 1196 2999 AEquaba‘licas,
1212 2957 1270 2998 jus
1296 2967 1444 2997 aequum,
1469 2955 1527 2986 Or.
1547 2955 1568 2985 i.
1585 2955 1638 2985 42.
