1790 3219
156 106 238 144 438

163 202 266 242 gitur,
303 201 525 241 stipendiarios
564 208 647 237 esse,
679 200 734 239 qui
767 201 893 229 certam

164 246 343 285 quotannis
374 244 526 285 pecunioe
555 252 722 274 summam
752 241 898 278 solvunt,

163 298 373 329 quaecunque
405 287 540 327 frugum
571 287 638 317 sive
669 287 803 317 ubertas
831 286 896 314 sive

167 332 289 363 caritas
323 332 381 369 sit,
411 341 488 361 cum
517 330 635 369 reliqui
676 334 811 360 tantum
843 328 899 358 de-

167 385 282 405 cumas
310 378 368 406 aut
399 374 463 405 alia
497 373 672 413 vectigalia
706 373 799 409 dent,
823 381 896 409 qum

167 420 297 450 incerta
311 421 402 456 sunt,
416 418 513 449 modo
530 419 667 456 majora,
684 415 782 447 modo
795 415 901 444 mino-

168 472 218 500 ra,
244 473 303 503 pro
328 462 464 501 frugum
496 461 591 500 copia
613 464 671 490 aut
704 459 815 498 inopia
839 458 897 487 ἃς.

167 506 295 545 hosque
325 516 395 536 esse
422 505 558 544 aequiori
590 504 679 542 jure,
710 511 808 540 quam
843 502 900 530 sti-

161 550 358 591 pendiarios.
382 548 446 578 vid.
469 546 604 578 Hotom.
631 546 671 576 ad
695 545 787 575 Verr.
803 544 848 573 iii.
867 545 898 574 o'.

167 593 259 634 Lips.
287 593 430 632 Magnit.
453 591 533 621 Urb.
560 590 656 619 Rom.
680 589 713 618 ii.
729 590 760 618 2.
785 588 900 625 Cujae.

168 636 247 667 Obs.
263 637 317 666 vii.
334 639 364 666 3.
382 638 413 666 4.
436 633 583 672 AEquiori
608 636 720 662 autem
744 630 802 661 illo
822 631 899 668 jure

168 684 314 710 utuntur
338 679 431 715 socii,
448 676 603 715 iniquiori
629 675 746 711 altero,
763 674 849 704 bello
867 677 901 704 et

167 724 200 753 vi
223 723 303 753 victi
322 734 331 761 3
356 721 443 751 unde
461 721 495 749 in
522 718 633 749 Caecil.
658 722 688 749 3.
707 719 901 757 junguntur

167 767 249 797 socii
265 765 527 805 stipendiariique
538 772 613 802 pop.
631 762 671 793 P..
718 762 779 791 Sed
795 762 901 791 exori-

169 812 227 839 tur
252 808 430 840 difficultas
456 806 608 846 quaedam
636 817 674 836 ex
691 805 818 836 duobus
835 804 899 834 illis

167 853 260 883 loeis.
294 852 381 883 Nam
409 851 443 880 in
466 850 574 890 primo
598 849 698 879 Siculi
730 859 749 878 a
774 849 901 888 stipen-

169 896 281 926 diariis
305 895 572 934 distinguuntur,
599 893 633 922 in
661 893 765 922 altero
790 892 827 922 iis
844 891 900 921 ad-

170 943 402 969 numerantur.
449 937 498 967 Ea
521 936 651 966 videtur
667 937 712 965 sic
729 935 800 965 tolli
828 945 901 975 pos-

169 993 215 1013 se.
260 983 339 1013 Non
355 991 469 1012 omnes
487 979 635 1019 ejusdem
659 980 837 1019 provinciae
855 981 900 1008 ei-

168 1027 289 1062 witates
315 1025 431 1055 codem
448 1025 525 1063 jure
549 1026 662 1053 crant:
687 1023 746 1053 sed
762 1022 833 1052 aliae
851 1031 902 1052 so-

170 1070 244 1107 ciae,
258 1069 347 1108 quod
363 1079 396 1098 se
414 1071 530 1108 sponte
547 1068 581 1097 in
598 1067 697 1096 fidem
711 1067 807 1096 Rom.
825 1065 905 1095 con-'

170 1113 339 1151 tulissent,
370 1117 429 1142 aut
463 1121 530 1141 non
560 1111 617 1140 diu
647 1114 901 1150 repugnassent,

169 1157 243 1186 aliae
261 1166 327 1186 non
348 1156 442 1192 item,
460 1165 532 1194 quae
559 1153 724 1184 hostiliter
739 1154 780 1183 ad
796 1156 904 1183 extre-

172 1209 266 1230 mum
284 1210 318 1230 se
344 1200 535 1238 gessissent.
580 1197 661 1227 Aliae
687 1197 811 1234 liberae,
830 1196 902 1226 aliae

171 1253 239 1273 non
256 1244 336 1273 item
353 1255 359 1272 z
385 1242 458 1272 aliae
475 1242 655 1278 immunes,
668 1240 741 1271 aliae
757 1241 902 1279 vectiga-

172 1287 219 1317 les
233 1290 267 1317 et
277 1287 484 1322 decumanae,
496 1285 566 1315 aliae
576 1284 812 1324 stipendiariae.
827 1283 904 1313 dam

172 1340 249 1360 cum
277 1330 311 1360 in
329 1329 441 1359 Sicilia
467 1338 596 1367 quoque
613 1328 710 1357 urbes
737 1333 848 1358 essent
874 1327 904 1355 vi

169 1374 280 1411 *ietae,
296 1377 336 1403 ut
352 1374 519 1413 Syracusae
534 1383 543 1409 ;
569 1375 619 1401 est
633 1371 785 1409 fortasse,
802 1375 841 1401 ut
854 1369 906 1400 hae

172 1416 397 1457 stipendiariae
406 1416 543 1445 fuerint.
564 1424 641 1445 nam
666 1417 854 1455 Syracusas,
871 1417 907 1443 et

171 1470 259 1499 quae,
277 1460 327 1490 his
354 1459 565 1500 expugnatis,
589 1462 683 1488 metu
706 1468 740 1488 se
764 1458 907 1488 dedidis-

170 1508 260 1543 sent,
277 1503 391 1541 durius
406 1503 535 1533 habitas
551 1512 634 1539 esse,
651 1501 832 1541 locupletes
850 1512 907 1531 au-

171 1543 279 1577 ctores
302 1547 398 1577 affert
423 1546 534 1585 Sigon.
558 1546 596 1575 A.
619 1545 650 1575 J.
670 1545 819 1575 Provinc.
837 1545 858 1575 i.
875 1549 907 1576 3.

170 1600 376 1632 quamquam
392 1600 432 1620 ex
446 1590 540 1619 Verr.
559 1589 604 1618 iii.
621 1589 652 1619 6.
677 1588 789 1628 colligi
812 1599 905 1629 posse

168 1634 315 1672 ’··1detur‚
333 1634 433 1673 etiarn
449 1634 479 1663 vi
495 1633 598 1662 victas
611 1636 745 1662 tantum
762 1633 907 1671 vectiga-

170 1676 218 1707 les
248 1677 361 1707 fuisse.
385 1677 416 1707 Si
447 1677 578 1716 brevius
603 1679 636 1705 te
663 1675 816 1715 expedire
844 1676 904 1713 vis,

173 1721 396 1760 stipendiarios
418 1719 577 1750 confundi
594 1729 671 1749 cum
689 1718 904 1758 vectigalibus

173 1763 299 1794 credas.
345 1764 444 1794 Certe
461 1763 578 1793 Ascon.
597 1762 637 1792 ad
653 1763 728 1793 Div.
743 1763 777 1792 in
795 1763 906 1793 Caecil.

173 1806 195 1838 l.
214 1818 243 1837 e.
259 1808 481 1847 stipendiarios
504 1807 758 1846 interpretatur,
787 1807 906 1845 quibus

173 1851 315 1891 vectigal
339 1850 534 1891 impositum
560 1854 621 1880 est.
642 1850 758 1879 Burm.
778 1849 818 1879 de
845 1850 909 1880 Vc-

174 1893 287 1933 ctigal.
304 1904 336 1934 p.
354 1896 383 1924 2.
404 1893 517 1924 laudat
534 1893 573 1922 (le
590 1893 651 1923 hae
669 1903 701 1923 re
731 1893 906 1932 Cujacium

172 1937 193 1967 l.
207 1948 235 1967 c.
253 1937 310 1968 sed
323 1938 367 1967 ibi
386 1937 468 1967 nihil
483 1937 522 1966 de
540 1936 600 1967 hac
616 1936 821 1967 confusione.

218 1980 436 2021 Stipendium,
453 1990 523 2010 esse
539 1980 727 2010 mercedem
748 1980 908 2019 militum,

173 2028 210 2053 et
229 2024 371 2064 vectigal
388 2029 516 2054 certum
532 2024 730 2064 populorum
754 2023 841 2054 bello
864 2024 909 2053 vi-

174 2071 320 2105 ctorum,
344 2068 423 2098 satis
448 2072 566 2098 notum
584 2072 645 2097 est.
685 2067 713 2097 A
736 2067 835 2106 priori
867 2068 911 2097 si-

177 2111 391 2149 gnificatione
419 2112 523 2141 oritur
553 2111 621 2147 illa,
636 2121 712 2140 cum
743 2110 910 2150 stipendia

175 2154 336 2185 dicuntur
347 2155 426 2184 anni
444 2154 585 2184 militiae.
600 2153 717 2184 Manil.
733 2158 764 2188 9.
783 2155 837 2193 qui
853 2156 909 2185 sti-

169 2198 299 2237 pendiis
322 2197 483 2228 confectis
506 2202 621 2228 erant:
648 2197 679 2227 h.
707 2207 735 2227 e.
764 2199 909 2236 emeriti,

174 2242 231 2280 qui
247 2240 413 2281 legitimos
437 2251 540 2272 annos
565 2241 746 2271 militarem
773 2251 908 2281 operam

174 2284 316 2324 reipubl.
345 2285 581 2324 praestiterant.
622 2284 700 2314 hine
737 2284 910 2324 eleganter

176 2327 260 2357 Cato
279 2331 328 2358 14.
352 2329 491 2358 emerita
504 2329 665 2368 stipendia
691 2327 833 2358 libidinis
850 2329 909 2360 διο.

176 2369 215 2399 de
233 2371 365 2401 senibus
388 2371 480 2401 dicit.
505 2382 604 2410 quem
620 2370 757 2401 modum
773 2371 909 2410 loquen-

176 2413 208 2442 di
226 2415 381 2444 rariorem
399 2424 482 2452 6556,
499 2420 588 2445 recte
606 2415 756 2444 observat
780 2415 911 2445 Faccio-

173 2455 316 2494 latus‚v.
336 2455 362 2487 ς’.
376 2468 451 2488 cum
468 2459 623 2488 emeritos
640 2457 762 2488 milites
779 2460 909 2499 proprie

176 2500 337 2535 dicamus,
355 2510 420 2531 non
438 2502 579 2532 emerita
601 2502 771 2541 stipendia.
818 2503 911 2533 Diei-

174 2548 234 2572 tur
258 2548 292 2573 et
317 2544 356 2573 de
374 2547 527 2584 pecunia,
557 2555 630 2584 qnae
659 2545 908 2583 magistratibus

174 2587 323 2626 provinc.
344 2586 546 2625 decernitur,
565 2592 601 2618 ut
617 2589 693 2619 Div.
709 2588 775 2618 viii.
798 2591 829 2619 4.
852 2592 907 2620 sti-

169 2629 328 2670 pendium
347 2626 505 2671 Pompeii.

220 2672 337 2713 Stipes,
352 2673 450 2703 horno
461 2674 629 2714 stupidus,
646 2675 701 2713 qui
717 2685 762 2705 sc.
775 2681 911 2716 propter

175 2720 344 2756 stuporem
371 2722 484 2747 mutus
501 2722 562 2747 est.
588 2717 668 2748 Har.
695 2718 734 2748 R.
759 2722 790 2750 3.
814 2723 910 2760 stipes

173 2759 243 2796 ille,
261 2760 316 2798 qui
333 2769 473 2798 quorum
490 2760 665 2790 hominum
687 2766 785 2801 esset,
802 2764 908 2793 nesci-

175 2812 300 2832 remus.
318 2803 405 2832 conf.
429 2806 504 2832 Sen.
518 2813 549 2842 p.
564 2803 644 2833 Red.
660 2805 690 2834 6.

217 2846 316 2886 Stips,
335 2846 478 2884 numuli,
493 2846 548 2885 qui
561 2856 580 2876 a
594 2848 818 2878 sacerdotibus
836 2859 908 2879 cor-

172 2894 335 2929 rogantur
360 2890 445 2927 Diis,
478 2895 537 2920 aut
562 2896 651 2921 certe
683 2892 717 2922 in
745 2892 904 2923 honorem

662 111 808 139 INDEX
838 109 1132 138 LATINITATIS.

938 198 1084 229 Deorum
1103 198 1235 228 dantur.
1248 195 1329 235 Leg.
1343 196 1376 226 ii.
1392 200 1422 230 9.
1437 200 1558 237 preter
1570 195 1666 226 Ida-ae

940 243 1055 272 matris
1071 241 1225 277 famulos,
1236 249 1356 279 eosque
1366 240 1467 279 justis
1482 240 1609 277 diebus,
1626 249 1668 271 ne

938 285 1011 324 quis
1026 287 1139 325 stipem
1157 285 1277 323 cogito.
1302 283 1380 314 ibid.
1407 284 1455 315 16.
1478 286 1590 324 stu'pem
1615 293 1670 314 su-

938 328 1107 366 stulimus,
1140 329 1202 358 nisi
1229 336 1316 364 eam,
1342 337 1441 366 quam
1472 327 1512 357 ad
1546 335 1669 367 paucos

938 371 1007 400 dies
1025 372 1191 411 propriam
1218 371 1314 402 ldaeae
1333 370 1447 400 matris
1464 371 1666 410 excepimus.

939 414 1061 453 Implet
1072 416 1164 445 enim
1179 414 1412 455 superstitione
1425 414 1552 444 animos
1563 419 1598 443 et
1613 422 1671 442 ex-

940 457 1050 487 haurit
1066 457 1191 488 domos.
1208 458 1248 488 de
1263 459 1341 497 stipe
1354 458 1467 487 matris
1486 457 1582 487 ldaeae
1604 456 1670 486 vid.

937 501 1083 531 Turneb.
1103 501 1144 531 ad
1166 502 1199 532 h.
1227 501 1248 532 l.
1278 501 1318 530 de
1341 511 1432 531 more
1459 501 1553 541 stipis
1578 499 1670 529 colli-

939 543 1056 582 gendae
1071 544 1143 574 Diis
1159 545 1193 574 in
1206 546 1398 575 universum
1414 550 1527 575 autem
1546 544 1669 583 Cuper.

939 588 1015 616 Οἷις,
1034 587 1079 616 iii.
1096 590 1127 617 4.

983 629 1159 670 *S'tipztlart
1175 635 1226 660 est
1241 631 1443 670 interrogare
1460 630 1602 661 alterum
1618 640 1670 660 so-

940 673 1043 703 lemni
1070 673 1224 704 formula.
1249 683 1290 703 an
1315 675 1394 704 velit
1424 675 1516 704 nobis
1546 673 1671 713 aliquid

939 716 1104 756 polliceri,
1118 721 1276 757 praestare
1295 717 1356 746 &c.
1372 728 1403 748 v.
1418 728 1447 747 c.
1465 717 1671 758 Spondesne,

939 766 973 790 te
992 763 1050 790 dcc.
1070 760 1246 801 respondet
1263 770 1340 799 ergo
1357 762 1398 800 τῷ
1419 761 1590 800 spondere.
1614 761 1671 800 qui

940 804 1136 843 interrogat,
1149 804 1307 843 postulat,
1325 805 1504 842 stipulatur
1515 816 1524 833 .·
1549 805 1604 844 qui
1621 814 1672 834 re-

938 848 1092 887 spondet,
1108 847 1297 888 pollicetur,
1314 848 1412 887 jubet
1434 848 1492 878 &c.
1520 848 1674 888 spondet.

940 901 968 921 v.
985 891 1141 931 spondeo.
1157 892 1251 922 Rosc.
1266 891 1358 921 Com.
1372 894 1402 921 4.
1426 891 1592 930 reliquum
1609 895 1673 928 est,

940 941 980 964 ut
995 936 1191 974 stipulatum
1208 945 1241 965 se
1265 945 1335 964 esse
1352 934 1485 965 dicat—
1499 936 1675 976 stipulatus

941 988 975 1007 cs
995 979 1005 1008 ?
1034 978 1088 1008 ubi
1104 980 1115 1008 ?
1143 988 1208 1018 quo
1239 979 1428 1019 praesente?
1464 978 1506 1008 ef.
1535 977 1670 1018 stipula-

939 1022 998 1052 tio.

987 1065 1172 1105 Stipulatio,
1189 1070 1240 1095 est
1257 1066 1472 1104 interrogatio
1495 1075 1533 1095 ex
1549 1065 1676 1095 formu-

941 1108 974 1139 la
1002 1109 1155 1146 solemni,
1187 1119 1253 1148 qua
1280 1109 1502 1149 postulamus,
1527 1108 1674 1148 aliquem

942 1152 1117 1193 spondere,
1138 1152 1331 1191 fidejubere,
1343 1152 1504 1192 polliceri,
1521 1152 1598 1182 dare
1615 1153 1675 1181 &c.

942 1206 1041 1235 quam
1069 1196 1125 1226 ubi
1146 1202 1262 1226 secuta
1277 1200 1329 1228 est
1346 1197 1491 1235 sponsio,
1508 1195 1677 1234 fidejussio

945 1241 1004 1270 ἃς.
1028 1239 1186 1279 obligatio
1211 1240 1328 1269 oritur.
1352 1239 1448 1270 Rose.
1473 1239 1510 1270 C.
1542 1241 1591 1270 12.
1616 1248 1677 1269 cur

943 1290 1012 1313 tam
1032 1284 1184 1323 imperite
1202 1283 1294 1320 facit,
1310 1286 1349 1313 ut
1365 1291 1426 1313 nec
1446 1283 1604 1314 Roscium
1621 1284 1678 1313 sti-

938 1329 1106 1367 pulatione
1121 1326 1237 1366 alliget
1253 1327 1312 1357 &e
1337 1327 1460 1357 Caecin.
1476 1330 1526 1357 18.
1539 1327 1678 1366 stipula-

943 1372 1039 1401 tiones
1055 1371 1224 1400 infirmare
1239 1375 1299 1400 aut
1309 1370 1504 1401 convellere.
1527 1370 1597 1400 Att.
1612 1369 1678 1400 xvi.

949 1418 998 1444 ll.
1022 1415 1085 1444 etsi
1100 1415 1324 1454 stipulationes
1350 1414 1498 1444 nondum
1519 1413 1677 1452 legeram.

944 1458 1026 1497 Leg.
1042 1458 1075 1488 ii.
1093 1460 1144 1489 ⁶21.
1164 1463 1202 1488 ut
1213 1468 1251 1487 ea
1261 1458 1402 1497 pecunia
1416 1469 1456 1488 ex
1472 1457 1678 1497 stipulatione

946 1502 1116 1531 debeatur.
1130 1501 1168 1531 de
1179 1503 1448 1541 stipulationibus.
1465 1501 1529 1531 vid.
1539 1500 1678 1531 Salmas.

946 1545 1033 1575 mod.
1057 1545 1156 1575 Usur.
1175 1555 1203 1575 c.
1224 1546 1272 1575 16.
1309 1545 1478 1575 Formulas
1500 1545 1680 1584 stipulatio-

944 1599 1024 1618 num
1040 1588 1140 1618 habes
1157 1598 1209 1628 ap.
1225 1588 1318 1619 Varr.
1334 1589 1373 1619 R.
1389 1589 1428 1619 R.
1445 1589 1478 1619 ii.
1491 1590 1523 1626 2,
1539 1588 1570 1618 6.
1588 1590 1619 1618 5.
1645 1591 1678 1625 5,

948 1635 959 1661 l
972 1636 996 1662 l.

990 1676 1279 1715 Stipalatz'ancula.
1303 1675 1359 1705 Or.
1389 1676 1409 1704 i.
1440 1677 1492 1706 38.
1515 1674 1680 1716 stipulati-

947 1721 1069 1749 uncula
1086 1719 1204 1758 decipi.

992 1763 1188 1802 Sta'pulatus,
1216 1762 1334 1800 radient.
1365 1762 1502 1803 passive.
1525 1762 1622 1793 Rosc.
1641 1761 1680 1792 C.

947 1809 977 1836 5.
1003 1807 1145 1846 pecunia
1158 1807 1327 1846 stipulata.

994 1850 1115 1889 Stirpis,
1126 1850 1326 1889 principium
1341 1848 1680 1886 rei,fundamentum.

950 1893 1030 1923 Coel.
1060 1896 1112 1924 32.
1149 1894 1283 1923 firmata
1304 1893 1377 1933 jam
1407 1893 1509 1932 stirpe
1536 1892 1681 1923 virtutis.

950 1936 1029 1975 Leg.
1048 1938 1068 1967 i.
1085 1938 1114 1967 6.
1139 1942 1286 1976 repetam
1303 1937 1436 1976 stirpem
1445 1936 1532 1976 juris
1549 1946 1568 1965 a
1582 1939 1682 1966 natu-

949 1990 994 2010 ra.
1021 1980 1090 2010 Fin.
1107 1980 1149 2011 iv,
1175 1982 1205 2012 2.
1228 1980 1342 2010 differo
1357 1990 1429 2009 eam
1447 1984 1590 2019 partem,
1606 1988 1680 2018 quae

947 2031 998 2053 est
1016 2025 1108 2063 quasi
1124 2025 1222 2063 stirps
1246 2023 1345 2064 hujus
1375 2023 1576 2062 quaestiovis.
1599 2022 1619 2041 *Ψ
1632 2022 1683 2053 fa-

949 2067 1053 2105 milia,
1070 2068 1288 2107 distinguitur
1310 2077 1330 2097 a
1350 2072 1462 2106 gente.
1490 2066 1547 2097 Or.
1578 2066 1599 2096 i.
1626 2069 1682 2101 39.

948 2110 1113 2149 Marcelli,
1131 2111 1171 2141 ab
1196 2111 1306 2142 liberti
1331 2110 1414 2147 filio,
1428 2111 1526 2150 stirpe
1551 2109 1681 2140 Claudii

950 2154 1099 2192 ejusdem
1129 2155 1287 2192 nominis,
1317 2153 1538 2184 hereditatem
1580 2160 1682 2195 gente

950 2197 992 2228 ad
1007 2208 1041 2227 se
1058 2198 1206 2235 rediisse,
1223 2198 1387 2228 dicebant.
1404 2207 1432 2227 v.
1450 2197 1550 2227 Gens.

993 2241 1095 2272 Stola.
1119 2241 1202 2272 P-hil.
1215 2242 1248 2272 ii.
1269 2244 1316 2272 18.
1339 2241 1488 2271 sumsisti
1507 2245 1620 2279 togam
1633 2239 1683 2273 vi-,

949 2284 1059 2321 rilem,
1076 2295 1176 2324 quam
1202 2285 1318 2315 statim
1341 2284 1539 2314 muliebrem
1563 2285 1682 2314 stolam

950 2328 1133 2359 reddidisti.
1158 2338 1359 2368 quamquam
1383 2328 1426 2358 ibi
1451 2328 1599 2358 Graevius
1621 2326 1681 2356 ha-

949 2372 1007 2401 bet
1022 2387 1028 2404 :
1053 2376 1178 2411 togam.
1209 2372 1272 2402 Sed
1304 2372 1338 2401 in
1372 2373 1453 2401 stola
1482 2370 1600 2401 melior
1630 2374 1682 2400 est

949 2417 1126 2455 oppositio,
1156 2415 1233 2446 ibid.
1263 2417 1377 2446 stolam
1401 2414 1478 2453 dare
1510 2414 1549 2444 de
1579 2423 1680 2453 spon-

951 2468 997 2488 so.

995 2502 1150 2538 Stolidus,
1167 2502 1268 2538 iners,
1284 2501 1368 2532 nihil
1392 2510 1506 2540 agens,
1523 2503 1561 2530 ut
1576 2504 1679 2537 terra,

948 2545 1089 2585 lignum.
1112 2545 1196 2586 Top.
1227 2548 1275 2576 15.
1300 2544 1383 2575 nihil
1405 2554 1519 2584 agens,
1542 2546 1577 2573 et
1601 2553 1683 2583 quo-

945 2589 1123 2623 dammodo
1137 2590 1300 2619 stolidum.
1429 2589 1431 2592 ⁴

994 2633 1200 2669 Stomachus,
1226 2642 1260 2662 os
1288 2636 1322 2662 et
1351 2631 1460 2661 aditus
1490 2629 1678 2660 ventriculi.

948 2676 1030 2706 Nat.
1054 2677 1097 2707 D.
1115 2677 1149 2706 ii.
1175 2679 1227 2707 54.
1251 2675 1397 2714 linguam
1411 2680 1523 2704 autem
1538 2673 1580 2703 ad
1596 2673 1682 2703 radi-

949 2730 1001 2750 ces
1024 2720 1094 2758 ejus
1118 2720 1247 2750 hoerens
1263 2719 1385 2758 excipit
1407 2719 1599 2754 stomachus,
1616 2726 1682 2755 quo

947 2763 1093 2802 primum
1131 2763 1317 2793 illabuntur
1355 2772 1406 2799 ea,
1439 2771 1513 2801 quae
1544 2763 1683 2799 accepta

947 2811 1027 2836 sunt
1044 2816 1099 2836 ore
1115 2807 1172 2836 &c.
1194 2806 1213 2824 *²
1224 2806 1399 2844 ingenium
1410 2805 1553 2835 hominis
1571 2803 1681 2841 eujus-

948 2859 1024 2888 que,
1047 2855 1107 2880 aut
1123 2850 1253 2879 animus
1268 2849 1302 2878 in
1319 2850 1416 2880 rebus
1429 2854 1489 2879 aut
1504 2845 1680 2887 probandis

945 2897 1004 2923 aut
1032 2893 1247 2924 fastidiendis.
1271 2891 1313 2922 ad
1341 2892 1416 2923 Div.
1447 2893 1481 2924 ii.
1516 2891 1565 2922 16.
1588 2890 1680 2926 nosti
