1800 3131
164 147 246 184 206

160 252 240 272 eum
284 242 402 275 bestiis
449 250 709 285 componuntur.
765 246 891 277 Eorum

161 286 290 317 mentio
305 288 396 318 Sext.
413 288 464 319 64.
488 289 554 329 Ωιι.
570 289 621 320 Fr.
637 290 671 320 ii.
687 290 718 321 6.

205 329 303 361 Beta.
328 341 433 370 genus
459 332 569 370 oleris,
599 333 693 373 cujus
716 332 795 364 folia
820 343 892 373 spe-

160 374 246 403 ciem
272 374 395 405 Graecae
422 375 528 406 literae
556 376 716 407 referunt.
749 377 791 407 ad
816 378 891 408 Div.

160 417 215 448 vii.
234 418 286 449 26.
312 429 331 448 a
347 419 418 449 beta
435 425 469 450 et
487 419 595 450 malva
610 421 769 460 deceptus
783 430 869 450 sum.

203 460 409 492 Bibliothece.
443 463 484 493 ad
499 464 574 494 Div.
592 464 659 494 xiii.
677 467 729 498 77.
755 464 810 502 qui
828 464 892 493 bih—

160 505 313 535 liotloecen
342 505 527 537 multorum
558 516 738 537 numorum
768 512 893 537 tracta-

160 547 220 578 vit.

203 592 296 623 Bibo.
318 591 414 623 Verr.
432 594 452 623 i.
470 594 521 624 26.
548 599 587 623 ut
603 593 719 623 Graeco
741 602 831 622 more
848 593 892 622 bi-

160 635 298 666 beretur.
345 636 404 666 Est
421 643 535 667 autem
560 637 694 666 Graeeus
713 646 795 672 mos,
813 646 890 665 cum

159 688 291 709 merum
318 680 444 719 cyathis
470 680 589 717 libant,
613 679 798 709 salutantes
825 679 891 718 pri-

159 732 215 752 mo
240 722 329 760 deos,
348 723 466 753 deinde
491 724 614 754 amicos
638 732 714 753 suos
740 723 891 752 nomina-

156 766 232 796 tim.
256 775 332 795 nam
352 767 450 796 toties
469 776 599 797 merum
616 766 748 803 bibunt,
762 766 890 805 quoties

157 813 194 839 et
223 809 311 840 Deos
339 815 373 839 et
403 819 495 840 caros
522 811 584 840 sibi
608 810 808 840 nominatim
836 820 891 840 vo-

158 858 248 883 cant.
273 852 446 883 Asconius.

202 894 400 927 Bima‘rz'tus.
438 896 580 927 duarum
620 896 800 926 mulierum
832 896 890 926 vir.

157 939 269 970 Plane.
294 941 341 970 1‘2.
367 940 557 970 bimaritum
581 940 740 980 appellas,
758 944 797 969 ut
819 949 891 969 ver-

157 982 200 1012 ba
215 982 318 1012 etiam
336 982 455 1022 fingas,
474 993 540 1013 non
557 984 664 1013 solum
682 983 833 1013 crimina.

200 1025 330 1056 Bimus.
363 1026 404 1056 ad
430 1027 505 1058 Div.
533 1027 579 1057 iii.
606 1030 635 1058 Β.
669 1027 888 1057 Hortensium

156 1078 265 1108 roges,
289 1074 330 1099 ut
355 1070 394 1100 de
422 1071 593 1101 sententia
620 1071 705 1100 bima
728 1070 888 1108 discedat,

157 1112 190 1143 h.
207 1122 237 1143 e.
253 1123 319 1152 qua
341 1115 486 1151 censuit,
504 1114 586 1144 mibi
610 1115 644 1144 in
668 1113 813 1144 alterum
831 1123 889 1144 an·

156 1165 239 1186 num
256 1166 327 1186 esse
344 1158 548 1196 provinciam
566 1158 820 1197 prorogandam.
848 1157 890 1187 ad

156 1199 233 1231 Div.
250 1211 281 1230 x.
298 1202 350 1231 24.
374 1200 461 1241 legio
485 1202 585 1239 bima,
607 1201 639 1231 h.
657 1212 686 1232 e.
710 1211 784 1241 quae
807 1201 888 1231 duos

155 1253 260 1274 annos
276 1245 412 1275 meruit.

199 1287 381 1319 Blanditiae
398 1288 570 1327 flagitiosae
587 1288 725 1328 Apronii
737 1288 830 1318 Verr.
842 1288 888 1318 iii.

156 1331 209 1362 26.
227 1331 309 1361 mihi
323 1331 479 1361 videntur
493 1332 528 1362 in
544 1342 583 1362 eo
598 1333 792 1369 consistere,
803 1333 890 1371 quod

155 1375 186 1404 ei
210 1385 270 1414 pro
292 1380 402 1405 scorto
424 1375 500 1405 fuit.
545 1375 634 1405 Nam
659 1375 822 1406 blcmrlitioe
842 1375 890 1405 fe-

156 1419 255 1448 minis
279 1419 424 1449 maxime
447 1423 482 1448 et
509 1420 741 1450 meretricibus
770 1429 889 1449 conve-

157 1462 271 1493 niunt.

198 1505 349 1536 Bonitas.
373 1505 466 1536 fides.
498 1506 563 1536 Off.
586 1507 632 1537 iii.
654 1510 704 1542 19.
729 1517 805 1537 cum
831 1506 890 1537 ali-

153 1548 250 1588 cujus
291 1549 392 1579 fidem
434 1550 668 1589 bonitatemque
705 1550 890 1581 laudamus.

155 1592 198 1622 cf.
214 1593 294 1623 Nat.
312 1593 354 1623 D.
372 1593 418 1623 iii.
436 1596 467 1624 3.
494 1594 548 1623 nbi
572 1595 755 1634 opponitur
769 1594 889 1625 fraudi.

154 1634 292 1666 ’virtus
309 1636 389 1667 Lael.
409 1640 438 1668 8.
454 1641 485 1671 9.
509 1637 683 1676 aliquoties
701 1639 888 1678 promiscue

154 1679 315 1710 dicuntur
336 1681 443 1710 virtus
467 1687 502 1710 et
525 1681 667 1711 bonitas.
692 1691 720 1711 e.
736 1686 767 1715 9.
784 1682 889 1712 virtus

154 1727 191 1754 et
205 1724 336 1754 bonitas
353 1734 412 1764 pro
428 1726 619 1764 synonymis
629 1726 836 1764 junguntur.

199 1767 343 1798 Bonum.
367 1767 438 1798 Fin.
466 1768 508 1797 iv.
533 1768 585 1799 26.
610 1769 739 1806 bonum,
757 1779 797 1799 ex
824 1779 889 1808 quo

154 1810 361 1850 appellatum
377 1811 433 1848 sit,
451 1812 571 1842 nescio.
596 1812 669 1842 Mil.
691 1815 740 1843 1⁶2.
758 1812 887 1843 dictum

156 1854 374 1884 Cassianum:
395 1854 457 1884 Cui
475 1855 548 1885 bono
563 1854 676 1886 fuerit.
700 1857 797 1887 Rosc.
813 1857 888 1887 Am.

156 1900 188 1929 5.
211 1902 360 1936 accusat,
384 1898 503 1937 quibus
528 1900 602 1929 bono
623 1899 701 1938 fuit,
722 1901 743 1930 i.
761 1910 789 1931 e.
815 1911 889 1940 pro-

154 1940 232 1972 fuit.

199 1984 323 2016 Bonus.
346 1986 437 2016 Sext.
449 1986 501 2016 66.
518 1986 605 2016 bona
620 1986 711 2017 fama
726 1987 887 2017 bonorum.

156 2028 178 2059 i.
195 2039 225 2059 e.
240 2029 469 2069 optimatium,
487 2029 526 2059 de
544 2030 664 2068 quibus
688 2031 888 2070 capiendum

154 2082 300 2113 semper,
317 2083 395 2103 cum
419 2073 459 2103 de
483 2073 654 2113 republica
677 2074 815 2114 loquens
839 2074 889 2104 bo-

154 2126 211 2146 nos
238 2117 321 2146 viros
348 2117 513 2147 nominat.
561 2116 601 2146 In
627 2117 724 2148 rebus
751 2118 889 2158 privatis

154 2160 205 2189 vir
229 2160 325 2190 bonus
348 2164 412 2197 est,
436 2160 493 2199 qui
519 2160 617 2190 fidem
639 2165 758 2191 servat.
783 2162 890 2202 *pro-

154 2204 227 2243 prie
250 2208 365 2234 autem
388 2204 438 2234 vir
461 2204 559 2234 bmzus
581 2209 633 2234 est
654 2204 814 2245 locuples,
832 2206 889 2244 qui

155 2246 257 2277 habet
275 2248 309 2277 in
325 2247 420 2278 bonis
435 2259 442 2277 z
468 2247 656 2287 cujusmodi
671 2248 822 2278 homines
839 2258 889 2278 so-

152 2288 227 2320 lent
244 2291 344 2321 fidem
360 2301 502 2329 servare,
519 2292 710 2331 reipublicae
731 2292 814 2322 bene
832 2302 890 2323 cu-

155 2344 247 2374 pere,
264 2338 304 2364 ut
329 2338 380 2364 est
405 2335 477 2366 Att.
503 2336 546 2365 ix.
568 2338 616 2365 1⁶2.
640 2336 695 2366 vii.
711 2338 743 2366 4.
767 2336 825 2366 ubi
850 2336 888 2366 li-

154 2376 325 2408 bertinum
342 2385 439 2408 vocat
452 2379 560 2409 virum
576 2379 675 2418 plane
692 2380 819 2410 bonum.
848 2380 888 2409 de

155 2431 221 2460 quo
251 2420 315 2451 vid.
348 2422 439 2452 Cort.
467 2422 508 2452 ad
538 2422 674 2453 Sallust.
703 2423 803 2453 Catil.
835 2426 888 2454 33.

154 2464 257 2495 Gron.
271 2464 350 2495 Obs.
369 2466 410 2496 iv.
426 2470 457 2500 9.
495 2466 552 2496 Or.
570 2467 603 2496 ii.
622 2469 673 2497 54.
690 2466 768 2496 bona
785 2466 888 2505 dicta,

154 2513 237 2539 sunt
258 2509 401 2546 facetiae,
419 2509 488 2548 joci
511 2511 615 2547 acuti,
632 2510 728 2540 sales.
758 2509 778 2528 ¹*
793 2509 887 2540 Verr.

154 2551 176 2582 i.
194 2552 246 2582 56.
273 2553 389 2582 bonum
412 2562 473 2583 suo
499 2554 619 2593 cuique
647 2553 760 2583 facito.
805 2553 888 2585 Erat

153 2596 189 2626 in
213 2595 286 2634 lege
308 2595 432 2633 Verris,
449 2606 550 2635 quam
573 2596 753 2627 redemtori
777 2598 885 2637 operis

153 2638 279 2679 publici
302 2640 562 2679 praescripserat,
578 2644 614 2670 et
636 2640 722 2671 hanc
739 2641 806 2671 vim
826 2641 885 2671 ha-

152 2682 265 2719 bebat,
281 2686 321 2712 ut
343 2683 477 2722 singula
499 2693 622 2724 genera
638 2685 787 2715 materiae
805 2685 885 2716 bona

152 2730 276 2757 essent.
308 2725 429 2756 *Mun
456 2730 487 2761 7.
518 2728 592 2757 Imno
616 2737 737 2767 genere
764 2734 883 2758 natum

151 2779 235 2801 esse.
259 2769 280 2799 i.
295 2778 325 2798 e.
349 2779 401 2799 am
405 2768 460 2810 plo
482 2774 517 2801 et
533 2770 683 2802 honesto.
714 2771 784 2801 *ad
806 2771 882 2802 Div.

152 2814 198 2845 ix.
225 2812 273 2843 16.
299 2780 415 2843 bonam}
438 2814 567 2853 copiam
593 2817 735 2856 ejurare.
768 2824 798 2845 v.
814 2816 885 2856 eju-

150 2866 236 2889 rare.

196 2900 274 2932 Bos.
306 2898 349 2929 ad
378 2898 450 2930 Att.
476 2910 506 2931 v.
540 2904 591 2933 15.
623 2903 690 2933 bovi
718 2902 884 2944 impositae

152 2943 299 2975 clitellae.
324 2952 354 2975 v.
371 2942 525 2976 Clitellae.

684 157 831 186 INDEX
851 156 1147 186 LATINITATIS.

982 245 1179 277 Braccatus.
1211 243 1275 275 Pis.
1291 247 1343 276 93.
1369 245 1525 278 braccalae
1548 255 1670 287 cogna-

935 289 1036 320 tionis
1053 288 1206 318 dedecus.
1252 288 1415 327 cognatio
1439 290 1590 322 braccata
1617 295 1669 322 est

936 343 1014 363 eum
1031 332 1221 363 hominibus
1237 342 1254 362 e
1271 333 1407 362 natione
1421 333 1573 365 braccata
1589 334 1668 365 Gal·

936 376 1057 406 lorum.

980 420 1193 450 Bracchium.
1217 418 1287 449 Att.
1304 419 1338 449 ii.
1362 422 1387 449 1.
1412 419 1505 450 molli
1522 421 1668 451 bracchio

935 462 1109 501 obiurgare
1125 463 1281 502 aliquem.
1306 462 1339 493 h.
1357 473 1385 492 e.
1403 463 1529 494 leviter.

980 505 1105 536 Bacca.
1132 506 1196 536 Pis.
1219 509 1266 536 11.
1292 507 1434 536 fluentes
1458 511 1493 536 et
1517 516 1669 538 cerussa-

934 552 979 579 tae
997 550 1108 579 bne-cce.
1133 560 1162 579 v.
1179 550 1298 580 Fluens
1316 555 1349 579 et
1366 554 1566 581 cerussatus.

979 592 1188 622 Buccinator.
1220 593 1260 622 ad
1290 594 1366 624 Div.
1393 594 1457 624 xvi.
1485 596 1539 625 21.
1577 593 1668 633 quod

935 635 1113 675 polliceris,
1140 640 1173 665 te
1199 636 1268 666 fore
1292 638 1527 668 buccinatorem
1554 637 1668 668 existi-

935 679 1093 709 mationis
1111 688 1206 708 meae.

978 721 1222 753 Bule'zcterium.
1261 722 1351 753 locus
1390 724 1574 764 Syracusis,
1610 723 1666 754 ubi

934 766 1030 796 curia
1046 770 1128 796 erat.
1151 766 1244 796 Verr.
1261 767 1294 796 ii.
1312 768 1363 797 21.

978 810 1095 840 Bulla.
1117 819 1219 839 aurea
1235 811 1323 839 bulla
1342 810 1470 850 insigne
1485 820 1667 850 puerorum

934 853 1171 893 ingenuorum,
1189 852 1294 883 cordis
1319 854 1438 892 figura,
1456 854 1543 892 quod
1566 864 1583 884 e
1600 854 1667 884 col-

934 896 966 926 lo
990 898 1025 927 in
1052 902 1169 937 pectus
1198 896 1417 936 dependebat.
1447 897 1540 927 Verr.
1567 898 1588 927 i.
1613 900 1666 928 53.

932 941 1003 970 sine
1020 941 1108 970 bulla
1122 945 1270 970 venerat.
1295 943 1314 961 ¹*
1325 940 1360 970 in
1376 940 1583 970 ornamentis
1599 941 1668 971 val-

932 993 1048 1014 varum
1079 989 1388 1014 commemorantur
1418 984 1520 1014 etiam
1555 993 1665 1014 aureae

919 1028 1039 1058 sbzcllae.
1062 1027 1155 1057 Verr.
1172 1028 1213 1058 iv.
1233 1028 1285 1058 56.

976 1071 1190 1102 Beatum-ius.
1214 1071 1278 1101 Pis.
1295 1075 1326 1105 9.
1351 1070 1526 1110 gladiator,
1543 1070 1599 1109 qui
1624 1069 1666 1100 ad

931 1114 1068 1144 bustum
1086 1114 1226 1153 alicujus
1249 1115 1434 1154 depugnat,
1451 1114 1538 1154 quod
1559 1114 1592 1143 in
1607 1113 1666 1144 ho-

932 1167 1047 1187 norem
1071 1162 1281 1188 mortuorum
1305 1158 1418 1188 fiebat.
1453 1167 1483 1187 v.
1500 1157 1591 1198 Lips.
1607 1157 1666 1188 Sa-

931 1201 1056 1231 turnal.
1077 1202 1098 1232 i.
1116 1204 1146 1233 8.

975 1245 1130 1276 Bastum.
1159 1245 1260 1276 Tuse.
1287 1255 1317 1275 v.
1342 1247 1394 1275 35.
1419 1244 1662 1285 Sardanapalus

932 1288 1032 1318 incidi
1043 1289 1146 1327 jussit
1163 1289 1197 1318 in
1216 1289 1316 1326 busto,
1333 1289 1393 1318 i.e.
1410 1288 1575 1327 sepulcro,
1593 1298 1664 1318 mo—

932 1337 1096 1362 numento
1112 1332 1300 1372 sepulcrali.
1332 1332 1384 1362 Sic
1403 1333 1532 1362 bustum
1547 1331 1664 1369 Basili,

931 1375 1003 1405 Att.
1019 1376 1073 1405 vii.
1090 1380 1121 1410 9.
1146 1377 1227 1406 item
1243 1387 1250 1405 ι
1270 1375 1382 1406 Catuli
1400 1376 1539 1405 bustum.
1563 1376 1665 1406 Petit.

933 1419 1068 1449 Consul.
1097 1422 1127 1449 3.
1169 1420 1251 1459 Leg.
1280 1420 1315 1449 ii.
1345 1419 1397 1451 26.
1422 1419 1523 1449 Poena
1544 1423 1608 1455 est,
1636 1419 1663 1448 si

931 1463 1004 1500 quis
1023 1463 1148 1493 bustum
1166 1463 1257 1504 (nam
1275 1462 1308 1493 id
1322 1468 1404 1502 puto
1418 1462 1577 1503 appellari
1588 1460 1664 1501 τόμ-

931 1505 990 1543 ξοι)
1011 1507 1070 1536 διο.
1102 1507 1121 1524 ²*
1136 1507 1198 1537 Pis.
1215 1509 1246 1536 4.
1271 1507 1358 1536 Cum
1382 1511 1422 1537 tu
1444 1506 1582 1537 interim
1606 1507 1663 1537 bu»-

931 1555 1019 1580 stum
1034 1550 1226 1591 reipublicae
1243 1550 1304 1581 &m

1281 1680 1319 1712 C.

981 1767 1111 1799 Cadere.
1142 1766 1267 1798 dicitur
1294 1767 1334 1798 de
1358 1767 1508 1798 oratione
1536 1767 1571 1797 in
1595 1766 1663 1797 fine

932 1812 1070 1852 periodi.
1101 1812 1196 1842 Orat.
1223 1812 1276 1846 69.
1302 1811 1391 1842 cadit
1418 1811 1535 1842 oratio.
1567 1811 1666 1841 Brut.

933 1859 962 1886 8.
988 1865 1163 1886 numerose
1186 1856 1311 1886 cadere.
1351 1854 1416 1885 *in
1440 1855 1585 1895 aliquem
1608 1864 1664 1884 ca-

930 1899 1018 1936 dere,
1050 1904 1113 1937 est,
1146 1899 1258 1929 locum
1289 1898 1379 1939 apud
1416 1908 1494 1929 eum
1530 1897 1664 1928 habere.

930 1942 1032 1973 Tusc.
1048 1943 1094 1973 iii.
1111 1946 1142 1973 4.
1173 1943 1266 1973 Cadit
1291 1944 1326 1972 in
1353 1942 1540 1983 sapientem
1567 1942 1664 1981 aegri-

932 1986 1026 2016 tudo.
1065 1987 1144 2017 ibid.
1176 1996 1242 2016 non
1270 1987 1359 2016 cadit
1385 1987 1421 2016 in
1448 1985 1665 2016 consuetudi-

933 2039 1010 2059 nem
1035 2036 1196 2060 nostram.
1227 2029 1300 2060 *de
1328 2031 1380 2066 iis,
1404 2029 1461 2068 qui
1487 2030 1665 2069 inpugna

933 2074 1116 2104 intereunt.
1149 2072 1233 2104 Phil.
1249 2074 1297 2104 iii.
1317 2076 1367 2104 14.
1390 2074 1504 2104 cadere
1519 2082 1596 2102 cum
1614 2072 1663 2103 di-

932 2117 1074 2156 gnitate.
1105 2117 1285 2155 *causam‚
1300 2117 1397 2147 litem
1414 2117 1562 2158 perdere.
1586 2115 1663 2146 Mu·

932 2170 1002 2191 ren.
1018 2163 1070 2193 28.
1093 2162 1211 2192 cadere
1233 2161 1268 2191 in
1291 2161 1426 2200 judicio.
1456 2160 1498 2191 ad
1513 2160 1590 2190 Div.
1607 2159 1664 2189 vii.

935 2207 984 2234 14.
1019 2215 1119 2235 eausa
1154 2205 1283 2236 cadent.
1330 2204 1403 2234 *de
1441 2207 1564 2234 eventu
1602 2203 1662 2232 rei.

932 2248 1026 2278 Brut.
1043 2251 1096 2279 40.
1121 2248 1178 2278 sed
1193 2249 1243 2278 ita
1261 2248 1395 2278 cadebat
1411 2247 1471 2277 &e.
1508 2247 1528 2265 ²*
1539 2246 1663 2277 incide-

931 2302 978 2322 re.
1008 2291 1108 2322 Tusc.
1125 2293 1168 2322 iv.
1190 2295 1237 2322 14.
1261 2301 1329 2321 non
1357 2292 1392 2321 in
1415 2300 1551 2321 omnem
1576 2300 1664 2320 mor-

931 2335 1011 2365 bum
1036 2336 1167 2366 animus
1194 2335 1358 2374 ingeniosi
1383 2335 1482 2365 cadit.
1517 2333 1662 2364 *venire

932 2379 966 2408 in
999 2384 1202 2420 potestatem
1234 2378 1383 2409 alterius.
1426 2378 1520 2408 Verr.
1550 2387 1581 2408 v.
1610 2380 1663 2408 55.

931 2423 1045 2452 eadm-e
1066 2423 1127 2453 sub
1150 2422 1263 2461 legum
1287 2426 1321 2452 et
1340 2422 1545 2461 judiciorum
1568 2425 1665 2461 pote-

930 2470 1065 2497 statem.
1095 2466 1192 2496 Font.
1212 2469 1239 2496 l.
1263 2466 1324 2495 sub
1348 2465 1511 2495 ditionem
1528 2474 1605 2505 pop.
1621 2464 1662 2495 R.

929 2510 1125 2541 ceciderunt.
1166 2510 1350 2540 cadendum
1376 2509 1411 2539 in
1439 2508 1538 2538 unius
1567 2512 1666 2548 pote-

929 2558 1065 2584 statem.
1087 2553 1160 2583 Att.
1185 2553 1253 2583 viii.
1279 2556 1310 2583 3.
1343 2551 1475 2582 *everti
1507 2551 1662 2582 fortunis.

930 2597 974 2627 ib.
991 2597 1056 2626 xvi.
1078 2600 1125 2627 15.
1148 2596 1295 2636 Turpius
1319 2600 1368 2626 est
1393 2596 1548 2636 privatim
1567 2595 1661 2626 cade-

928 2651 977 2678 re,
1004 2650 1104 2679 quam
1132 2640 1276 2680 publice.
1309 2639 1379 2679 *9.
1404 2639 1455 2669 Fr.
1479 2639 1500 2669 i.
1521 2641 1551 2668 3.
1582 2648 1602 2669 a
1626 2643 1662 2669 te

929 2684 1012 2714 mihi
1036 2694 1168 2723 semper
1193 2683 1308 2713 omnia
1331 2683 1431 2719 bona,
1456 2681 1600 2712 honesta
1627 2686 1663 2712 et

921 2727 1078 2767 jucunda
1092 2728 1286 2758 ceciderunt.

976 2771 1135 2801 Caducae.
1164 2770 1258 2800 Cato.
1285 2772 1334 2801 15.
1355 2768 1443 2800 Vitis
1466 2773 1587 2799 natura
1608 2779 1663 2805 ca-

929 2814 1014 2845 duca
1036 2821 1098 2844 est.
1128 2813 1243 2844 *PhiL
1266 2823 1297 2843 x.
1315 2817 1346 2844 5.
1369 2812 1537 2843 hereditas
1560 2813 1661 2843 cadu-

927 2869 978 2889 ca.
1008 2859 1103 2888 Orat.
1120 2857 1166 2887 iii.
1184 2860 1235 2888 31.
1260 2857 1422 2896 possessio
1438 2857 1574 2887 caduca.
1592 2857 1614 2887 i.
1630 2865 1660 2887 e.

929 2902 1073 2939 deserta,
1091 2910 1191 2940 quam
1208 2910 1308 2930 nemo
1324 2901 1421 2941 petit.

976 2945 1129 2977 Caecatus.
1151 2944 1248 2975 Brut.
1271 2945 1323 2979 76.
1350 2943 1466 2986 rapida
1487 2947 1522 2975 et
1545 2942 1662 2974 celeri·
