1800 3131
155 109 238 148 262

160 206 222 241 bus
247 205 363 237 Cicero
387 205 469 247 Leg.
492 206 527 238 ii.
551 207 605 239 22.
630 207 697 240 sic:
723 217 785 239 nec
815 217 892 239 vero

160 253 234 280 tam
263 250 434 288 deuicales,
462 259 536 290 qnae
560 261 580 281 a
605 260 686 282 nece
717 251 891 293 appellatae

161 300 254 330 sunt,
271 294 349 333 quia
367 294 518 325 residunt
534 296 671 332 mortui,
688 305 788 335 quam
805 299 893 325 cete-

160 346 275 368 rorum
291 337 477 368 coelestium
494 339 597 377 quieti
622 337 705 377 dies,
725 338 817 369 feriae
834 348 893 368 no-

161 381 386 418 minarentur,
404 382 574 413 &c.—Eas
591 382 625 412 in
642 392 697 412 eos
720 382 788 413 dies
813 391 892 411 con-

161 423 247 461 ferre
269 425 339 463 jus,
356 425 475 463 quibus
493 435 554 456 nec
578 426 680 465 ipsius
704 435 766 456 nec
782 424 891 466 publi-

160 477 208 498 cae
223 467 314 498 feriae
340 472 429 498 sunt.
451 469 521 500 Viri
539 466 628 499 docti
650 469 789 499 laudant
806 467 890 498 Gen.

158 512 226 542 xvi.
244 515 275 543 5.
289 511 330 541 cf.
349 511 570 542 Kirchmann.
587 512 626 541 de
642 512 785 542 funerib.
804 512 844 541 iv.
864 515 892 542 1.

203 555 365 594 Denique,
397 559 437 585 ut
471 556 585 595 paucis
613 565 665 585 me
707 554 891 595 expediam.

160 597 253 629 Verr.
270 599 304 628 ii.
324 602 375 629 51.
399 603 523 638 negant
549 599 583 628 id
610 599 807 638 Syracusani
832 608 893 637 per

158 641 334 682 religiones
350 651 517 672 sacrorum
534 642 604 671 ullo
620 642 717 672 niodo
729 642 799 672 fieri
817 651 890 681 pos-

155 695 211 716 se:
242 686 292 716 fas
311 686 445 724 denique
461 689 587 724 negant
599 694 680 715 esse.
693 685 761 716 vid.
777 684 890 715 dehac

160 730 191 758 vi
226 729 316 759 verbi
345 729 452 757 Graev.
484 728 524 758 ad
551 729 688 759 Sueten.
717 729 804 768 Aug.
836 730 888 759 23.

155 772 287 803 Duker.
304 772 344 802 ad
369 771 453 801 Flor.
478 771 499 801 i.
528 772 575 802 16.
599 773 658 802 ἃς.
690 772 785 802 *Sed
801 772 889 811 quod

158 816 307 846 Graevius
319 816 366 844 sic
378 824 448 844 esse
464 819 563 855 putat
578 816 679 845 etiam
705 816 747 845 acl
763 816 838 846 Div.
856 827 886 846 x.

161 862 212 889 10.
238 860 272 889 in
289 859 458 893 his,vcrbis
474 871 480 887 :
507 860 532 889 is
549 859 639 889 enim
656 859 789 899 deniqne
804 859 886 889 mihi

157 902 259 932 honos
277 902 379 931 videri
401 902 498 940 solet,
515 904 571 941 qui
589 903 649 932 διο.
674 903 713 932 In
731 912 769 932 eo
786 907 884 933 errat.

153 944 241 976 Na'm
256 946 290 975 in
306 945 357 975 his
374 946 510 986 deniqne
533 950 583 976 est
608 946 756 976 demum.
780 947 833 976 Sic
852 947 885 976 in

156 989 223 1019 Sall
240 1001 247 1019 ι
273 999 312 1019 ea
327 990 461 1019 deinum
478 999 555 1020 vera
570 989 722 1030 voluptas
739 993 800 1020 est.
817 990 885 1021 De-

154 1034 251 1072 nique
278 1043 336 1072 pro
358 1033 495 1063 demum
520 1033 643 1073 passim
671 1033 816 1063 obvium.
844 1034 885 1063 ad

153 1077 229 1107 Div.
256 1076 300 1106 ix.
335 1078 384 1107 14.
407 1080 543 1107 tantuin
567 1077 706 1107 accessit
736 1080 776 1107 ut
801 1077 884 1107 mihi

152 1129 244 1150 nunc
267 1120 401 1160 deni-que
428 1130 539 1150 amare
567 1121 691 1157 videar,
714 1124 813 1150 antea
837 1121 886 1150 di·

155 1163 285 1194 lexisse.
301 1163 344 1194 cf.
362 1163 403 1193 ad
417 1164 488 1194 Att.
499 1164 566 1194 viii.
580 1168 609 1195 8.
625 1175 655 1195 v.
668 1164 773 1195 Vanae
789 1164 883 1205 Eleg.

153 1207 192 1237 L.
212 1206 250 1237 L.
267 1207 335 1236 viii.
353 1210 383 1238 8.

197 1249 377 1288 Βωιοῐαγε,
389 1251 589 1289 significare.
605 1250 723 1282 Manil.
742 1255 772 1283 3.
797 1252 886 1291 quod

153 1295 182 1324 is
213 1304 282 1324 una
311 1295 556 1333 significatione
593 1295 766 1325 literarum
799 1296 885 1326 cives

152 1338 251 1369 Rom.
268 1338 435 1368 necandos
459 1338 741 1378 trucidandosque
757 1339 886 1370 denota-

157 1382 215 1412 vit.

197 1424 394 1462 Denolatns‚
427 1425 581 1465 cognitus
608 1429 641 1456 et
667 1429 883 1467 perspectus;

153 1468 254 1508 quod,
272 1478 346 1508 quae
363 1471 530 1507 notamus,
551 1480 590 1499 ea
613 1469 710 1500 facile
735 1471 885 1510 agnosci-

153 1522 229 1543 mus
246 1516 282 1542 et
297 1513 491 1552 reperimus.
506 1513 608 1543 Acad.
628 1514 669 1544 iv.
690 1516 739 1545 18.
755 1514 886 1554 sapien·

152 1560 237 1593 tem,
254 1566 331 1586 cum
349 1557 378 1586 ei
396 1566 446 1586 res
460 1556 583 1587 similes
599 1561 790 1594 occurrant,
804 1568 884 1597 quas

153 1609 219 1641 non
247 1599 369 1630 habeat
394 1601 574 1639 denotatas,
598 1605 810 1632 retenturum
834 1611 885 1632 as-

152 1652 300 1674 sensum.

199 1686 340 1718 Densus.
365 1687 407 1718 ad
423 1687 493 1718 Att.
511 1689 567 1718 vii.
596 1691 624 1719 1.
649 1689 707 1720 ubi
722 1694 802 1720 sunt
819 1689 884 1720 illae

153 1731 256 1761 densae
272 1731 408 1761 dcxtrae.

196 1773 375 1805 Dentatus.
403 1774 444 1804 ad
474 1775 515 1815 Q.
546 1774 597 1806 Fr.
625 1776 659 1806 ii.
695 1779 743 1807 15.
769 1776 886 1806 charta

153 1818 289 1848 dentata
303 1828 354 1848 res
367 1824 495 1857 agetur.
512 1818 545 1848 h.
565 1829 592 1849 e.
612 1819 712 1850 dente
729 1820 835 1860 polita
850 1825 884 1851 et

153 1860 316 1900 laevigata.
342 1861 426 1891 Plin.
444 1861 487 1892 H.
505 1862 548 1892 N.
566 1863 634 1893 xiii.
657 1866 704 1894 19.
729 1864 886 1894 scabritia

155 1904 280 1935 chartae
293 1905 466 1944 izevigatur
480 1906 580 1936 dente
598 1907 776 1937 cont-have.

194 1948 376 1979 Demqure
390 1949 497 1988 bonis,
512 1950 533 1980 i.
551 1960 579 1980 e.
596 1950 735 1990 privare.
751 1951 793 1981 ad
808 1951 884 1982 Div.

156 1992 215 2022 xii.
237 1995 286 2023 15.

195 2034 407 2067 Denuneictre
436 2035 607 2074 dicuntur,
640 2038 696 2077 qui
737 2037 882 2078 aliquem

143 2079 265 2119 jubent
288 2089 358 2109 esse
384 2084 536 2120 paratum
566 2081 607 2111 ad
633 2092 704 2112 rem
724 2082 883 2121 aliquam,

151 2133 225 2162 quae
248 2123 416 2153 interdum
443 2123 565 2154 diserte
590 2125 758 2164 adjicitur,
782 2126 884 2156 inter-

153 2167 234 2196 dum
262 2168 444 2204 omittitur,
462 2171 496 2197 et
519 2177 536 2197 e
563 2168 686 2198 vicinia
708 2169 881 2200 verborum

155 2210 342 2250 supplenda
361 2215 422 2241 est.
437 2210 530 2241 Verr.
548 2211 569 2241 i.
591 2215 639 2246 19.
656 2213 691 2242 ii.
707 2215 759 2246 27.
787 2212 882 2244 Rosc.

152 2253 228 2284 Am.
244 2257 297 2284 38.
313 2254 512 2284 denunciare
527 2254 626 2285 alicui
638 2257 882 2287 testimonium.

151 2297 216 2327 Sed
233 2297 432 2337 simpliciter
447 2299 657 2336 denunciare,
674 2300 788 2330 eodem
807 2309 881 2330 sen-

151 2351 205 2378 su,
220 2340 324 2371 Flacc.
346 2344 394 2371 15.
419 2341 512 2372 Verr.
528 2342 562 2372 ii.
575 2345 607 2373 4.
623 2343 681 2372 ubi
697 2343 762 2373 vid.
775 2343 882 2374 GraeV.

150 2385 251 2414 Dom.
269 2387 321 2415 45.
346 2384 432 2415 Cum
447 2386 616 2424 tribunus,
633 2386 686 2416 vel
707 2387 883 2417 denuncia-

149 2437 200 2464 τε,
216 2427 268 2457 vel
278 2438 395 2467 cogere
408 2429 570 2468 potueris,
581 2430 643 2460 int.
655 2431 882 2470 pontificibus,

151 2475 190 2501 ut
206 2473 435 2502 convenirent.
460 2472 647 2504 Caeein.32.
671 2473 814 2504 Caecinae
830 2474 882 2505 de-

151 2515 345 2552 numerous,
371 2516 432 2545 int.
458 2516 731 2547 controversiam.
748 2517 789 2548 ad
804 2518 882 2549 Div.

150 2558 195 2588 xi.
213 2559 243 2588 ⁶2.
268 2559 445 2589 denunciat
470 2561 648 2598 veteranis,
666 2570 712 2591 sc.
741 2565 778 2591 ut
804 2571 883 2591 con-

151 2602 303 2639 veniant,
346 2612 400 2632 cos
443 2609 615 2634 convocat.
649 2604 737 2634 conf.
764 2615 794 2634 v.
834 2608 882 2637 ll.

149 2644 170 2662 ²*
187 2644 264 2674 hinc
289 2645 412 2675 dicitur
438 2647 539 2677 etiam
566 2657 625 2686 pro
657 2648 788 2678 minari.
811 2648 882 2680 Att.

151 2698 203 2718 xv.
230 2689 283 2718 20.
308 2698 412 2727 genus
428 2689 512 2720 illud
529 2691 685 2721 interitus
714 2693 807 2730 quasi
829 2692 882 2722 de-

148 2732 345 2762 nunciatum
362 2732 454 2762 nobis
471 2734 510 2764 ab
526 2733 685 2764 Antonio.
708 2735 786 2774 Agr.
801 2735 834 2765 ii.
852 2739 882 2767 5.

149 2774 255 2804 oculis
281 2775 479 2806 denunciare
503 2778 657 2808 omnibus
684 2778 751 2808 vim
778 2779 883 2809 tribu-

150 2818 278 2849 nitiam.
293 2818 378 2848 conf.
391 2819 459 2849 Att.
472 2820 505 2850 ii.
518 2822 570 2850 21.
584 2823 635 2851 2⁷3.
651 2822 710 2852 &c.
721 2821 883 2853 *manda-

150 2871 195 2892 rc..
213 2862 270 2892 Or.
290 2862 335 2892 iii.
354 2863 406 2893 36.
422 2862 496 2902 plus
521 2863 679 2902 attulisti,
704 2876 803 2904 qnam
820 2868 882 2897 tibi

150 2908 237 2936 essct
252 2906 417 2936 tributum
434 2916 453 2936 a
469 2907 562 2938 nobis
576 2918 613 2937 ac
636 2909 883 2941 denmzeiatmn.

676 120 827 150 :INDEX
857 119 1152 149 LATINITA‘ris.

935 207 977 237 ad
999 208 1075 238 Div.
1099 208 1168 238 xiii.
1184 210 1238 242 77.
1261 206 1286 238 si
1312 207 1391 247 quid
1412 208 1474 240 tibi
1497 219 1579 251 opus
1601 209 1664 249 sis,

934 261 975 281 ne
999 251 1155 282 dubitent
1179 250 1260 282 mibi
1287 251 1365 290 jure
1397 261 1457 282 suo
1487 254 1662 285 denuncia-

932 305 978 325 re.
1001 294 1021 313 *ι
1035 294 1196 334 polliceri,
1214 295 1292 333 quid
1308 295 1428 325 facturi
1444 296 1558 328 simus.
1587 297 1660 328 Att.

933 338 1002 368 xiii.
1024 340 1072 369 12.
1094 338 1170 368 Jam
1185 339 1288 369 Varro
1305 338 1387 368 mihi
1404 339 1659 371 denunciaverat

933 390 1090 419 magnam
1117 391 1196 412 sane
1227 386 1262 412 et
1291 391 1425 421 gravem
1450 381 1660 424 προσφώνηση.

933 423 952 442 ²⁹⁵
969 425 1130 463 profiteri,
1146 425 1331 456 ostendere.
1355 425 1411 456 Or.
1429 426 1449 455 i.
1467 429 1519 456 22.
1535 427 1661 456 denun-

934 468 1023 498 ciare
1047 477 1081 498 se
1106 472 1269 508 paratum.
1293 469 1406 499 Plane.
1430 470 1482 500 2⁶2.
1505 469 1660 500 denunci-

934 512 1008 548 astz‘,
1027 511 1105 550 quid
1129 511 1168 541 de
1191 522 1324 542 summa
1350 512 1488 552 reipubl.
1505 513 1659 543 sentires.

934 553 953 572 *θ
969 555 1071 584 etiam
1095 554 1135 584 de
1162 555 1493 595 interpretationibus
1509 555 1662 596 haruspi-

935 607 1011 627 cum
1028 597 1162 628 dicitur.
1186 599 1261 629 Div.
1279 599 1313 629 ii.
1333 603 1382 630 13.
1405 605 1480 629 tum
1495 598 1662 630 heredita-

933 645 996 677 tes,
1014 644 1086 671 tum
1101 641 1224 671 damna
1245 643 1454 673 denunciant.
1478 642 1575 673 Rosc.
1597 642 1661 673 Co-

933 684 1032 714 moed.
1049 690 1079 718 9.
1103 685 1221 714 venisti
1249 685 1384 716 domum
1410 687 1499 716 ultro
1526 686 1658 716 Roscii:

932 728 1135 765 satisfecisti,
1162 728 1249 767 quod
1274 732 1401 758 temere
1427 730 1662 767 commisisses,

932 772 1142 809 iri-iudiciuin
1160 776 1198 802 ut
1225 772 1448 810 denunciareo,
1468 773 1605 812 rogasti,
1624 777 1662 804 ut

933 816 1134 853 ignosceret,
1165 819 1198 845 te
1233 816 1414 846 affuturum
1442 817 1572 855 negasti
1599 817 1660 846 &c.

929 857 1156 889 Denzcnciwes
1168 859 1347 898 legendum
1358 859 1441 889 vidit
1453 862 1541 889 recte
1553 859 1660 890 Hoto-

929 911 1085 939 mannus,
1102 908 1135 932 et
1162 909 1339 933 contextus
1355 902 1463 933 docet.
1489 902 1660 934 Denuncz'o

929 945 962 974 in
983 946 1163 984 judicium,
1180 947 1209 976 si
1233 946 1333 976 lectio
1350 955 1432 976 sana
1450 949 1514 984 est,
1530 947 1659 986 signifi-

930 993 995 1026 cat,
1007 990 1109 1029 jubeo
1125 991 1158 1020 in
1169 989 1297 1028 judicio
1313 990 1439 1028 adesse,
1456 989 1659 1029 adjudicem

920 1027 1052 1062 *verm-e.
1068 1034 1180 1072 itaque
1197 1033 1348 1073 subjicit:
1374 1033 1504 1074 negasti
1527 1041 1562 1065 te
1575 1034 1660 1065 affu-

928 1078 1054 1106 turum.

972 1119 1202 1150 szuneiatio.
1236 1120 1318 1151 Sull.
1348 1123 1398 1152 18.
1426 1121 1582 1152 Catilinae
1603 1121 1658 1151 de-

928 1165 1131 1194 nunciatione
1147 1164 1265 1194 venisti
1277 1176 1286 1203 3
1311 1164 1352 1194 ab
1363 1174 1401 1195 eo
1413 1165 1523 1204 jussus
1534 1165 1660 1195 venire.

928 1206 947 1225 ’Ψ
963 1207 1019 1237 Or.
1037 1208 1070 1238 ii.
1093 1211 1140 1241 19.
1165 1208 1274 1247 prima
1287 1209 1503 1246 denunciatio,
1520 1209 1656 1246 dicitur,

928 1260 1004 1280 cuni
1019 1252 1053 1282 in
1065 1252 1198 1281 exordio
1209 1251 1394 1282 auditorem
1405 1257 1574 1283 attentum
1586 1262 1658 1283 esse

921 1295 1092 1333 jubemus.
1118 1294 1137 1313 'f‘
1149 1295 1377 1325 comminatio.
1394 1295 1436 1325 ad
1451 1296 1526 1326 Div.
1543 1296 1587 1326 xi.
1603 1298 1657 1327 20.

927 1338 1171 1369 dmum-nemim
1186 1339 1325 1378 periculi
1339 1344 1475 1369 terrere.
1497 1339 1516 1358 *ἓ
1532 1338 1658 1379 profes-

928 1381 988 1419 sio,
1017 1383 1201 1422 promissio.
1230 1383 1308 1413 ibid.
1339 1394 1370 1413 x.
1400 1385 1428 1413 8.
1453 1386 1659 1423 praematura

927 1426 1130 1457 denunciatio
1155 1426 1232 1456 boni
1260 1427 1338 1456 civis
1356 1427 1526 1466 imparati,
1554 1429 1655 1466 q‘uam

927 1470 1113 1508 periculosa
1127 1474 1225 1507 esset,
1241 1480 1280 1500 cx
1307 1479 1387 1500 casu
1407 1470 1544 1510 collegae
1569 1469 1659 1500 vide-

926 1513 1015 1543 barn.

970 1556 1152 1596 Depam'sez'.
1174 1556 1268 1587 Verr.
1287 1557 1333 1588 iii.
1349 1560 1402 1589 94.
1426 1560 1510 1588 extr.
1529 1556 1570 1588 ad
1584 1557 1656 1596 ejus

927 1601 1136 1632 conditiones
1152 1602 1304 1641 depactus
1319 1606 1379 1632 est.

969 1645 1123 1684 Deposci,
1151 1645 1270 1675 minui.
1294 1645 1374 1684 Leg.
1397 1645 1419 1675 i.
1449 1646 1501 1675 21.
1530 1645 1657 1684 depasci

926 1691 1072 1718 veterem
1099 1688 1287 1719 Academiae
1320 1689 1558 1728 possessionem
1587 1697 1655 1718 non

926 1732 1085 1763 sinemus.
1135 1733 1192 1762 Or.
1222 1732 1255 1761 ii.
1286 1734 1339 1763 23.
1376 1731 1454 1762 stilo
1488 1732 1657 1771 depascere

927 1774 1094 1806 luxuriem
1107 1776 1277 1806 orationis.

969 1818 1151 1859 Depellere.
1176 1820 1275 1850 Tusa.
1295 1819 1342 1849 iii.
1371 1821 1422 1851 32.
1444 1825 1485 1850 ut
1507 1819 1569 1850 sibi
1584 1822 1658 1850 tur-

927 1863 1115 1902 pitudinem
1139 1864 1329 1903 depellerem
1361 1862 1394 1893 h.
1423 1873 1452 1893 e.
1476 1872 1510 1894 se
1533 1867 1656 1903 aturp.

926 1906 1093 1937 liberaret.
1117 1908 1206 1937 Sext.
1225 1910 1274 1941 19.
1299 1906 1497 1937 interfectus
1513 1907 1654 1943 essetis,

926 1951 984 1988 qni
1001 1950 1062 1980 hac
1077 1961 1147 1981 una
1163 1950 1330 1980 medicina
1343 1951 1454 1990 potuit
1471 1960 1491 1980 a
1504 1960 1656 1980 commu-

926 1994 960 2022 ni
978 1999 1071 2033 peste
1088 1995 1169 2034 reip.
1193 1995 1316 2034 depelli.
1331 1994 1374 2024 ad
1401 1994 1476 2024 Div.
1492 2003 1522 2023 v.
1543 1996 1595 2025 20.
1620 1997 1660 2024 ut

926 2038 1036 2067 multa
1064 2042 1134 2068 tam
1175 2038 1282 2077 gravis
1321 2037 1428 2068 Mario
1462 2038 1657 2076 depellatur.

925 2079 944 2099 ²*
960 2081 1055 2112 Brut.
1083 2085 1135 2115 87.
1159 2081 1251 2121 longi
1266 2081 1426 2111 sermonis
1442 2081 1580 2111 initium
1605 2081 1659 2111 de-

919 2126 1049 2164 pulisti,
1086 2126 1209 2155 Attice.
1249 2125 1314 2156 Sed
1343 2124 1414 2154 haec
1444 2124 1544 2154 lectio
1572 2124 1656 2154 mihi

927 2169 1069 2199 absurda
1098 2169 1238 2199 videtur.
1283 2168 1407 2198 Nostra
1428 2167 1531 2197 habet
1549 2177 1656 2208 pepu-

925 2211 1003 2242 listi.
1028 2213 1202 2243 Manutius
1215 2217 1249 2242 et
1260 2211 1444 2242 Lambinus
1462 2211 1580 2241 dedere
1602 2212 1659 2242 de-

925 2256 1046 2287 tulisti.
1070 2256 1089 2275 ⁹*
1104 2257 1194 2286 Part.
1215 2258 1264 2286 12.
1285 2260 1343 2286 aut
1353 2255 1431 2294 jure
1446 2255 1574 2285 factum
1600 2256 1655 2286 de-

918 2301 1071 2340 pellitur,
1104 2304 1163 2330 aut
1188 2298 1372 2330 ulciscendi
1403 2298 1524 2329 doloris
1548 2300 1658 2338 gratia

927 2343 986 2373 ἀρ.
1010 2343 1164 2374 Lambin.
1182 2342 1393 2380 defenditur3
1418 2342 1507 2382 quod
1525 2347 1577 2374 est
1602 2342 1656 2373 Ci-

925 2388 1154 2417 ceronianum.
1171 2397 1202 2417 v.
1219 2386 1407 2417 defendere.

967 2430 1170 2471 Dependere‚
1187 2430 1323 2461 solvere.
1347 2429 1388 2460 ad
1403 2429 1480 2460 Div.
1498 2429 1520 2459 i.
1537 2433 1569 2464 9.
1594 2429 1656 2460 tibi

925 2474 1170 2515 dependendum
1198 2480 1261 2510 est,
1293 2474 1380 2513 quod
1406 2482 1465 2513 pro
1500 2473 1557 2502 illo
1582 2482 1657 2513 spo-

925 2518 1081 2558 pondisti.
1094 2518 1135 2548 cf.
1151 2517 1221 2548 Att.
1234 2518 1254 2548 i.
1272 2520 1302 2548 8.
1316 2521 1399 2547 extr.
1433 2518 1486 2547 Sic
1502 2515 1601 2547 Catil.
1617 2516 1660 2546 iv.

927 2564 956 2592 5.
982 2561 1071 2592 Sext.
1088 2563 1141 2596 67.
1165 2561 1341 2601 dependere
1355 2570 1480 2601 poenas.

968 2603 1138 2646 Depietus.
1172 2606 1264 2636 Orat.
1298 2607 1346 2636 12.
1377 2605 1477 2634 nimis
1506 2604 1657 2644 depicta.-

925 2649 946 2679 i.
963 2658 992 2679 e.
1008 2651 1136 2679 ornata.
1372 2677 1375 2679 .

969 2691 1161 2732 qulorare.
1184 2691 1278 2722 Verr.
1294 2692 1328 2721 ii.
1350 2693 1403 2725 97.
1428 2700 1469 2721 ne
1492 2691 1659 2731 deplorare

927 2736 1061 2775 quidem
1081 2736 1119 2766 de
1137 2736 1204 2765 suis
1222 2734 1443 2765 incommodis
1457 2734 1570 2764 liceat.

968 2779 1147 2819 Deponere.
1171 2778 1213 2808 ad
1235 2779 1311 2809 Div.
1335 2779 1404 2808 xiii.
1439 2781 1466 2808 1.
1501 2778 1654 2817 deponere

926 2822 1193 2853 aedificationem.
1223 2822 1264 2852 ad
1284 2823 1360 2853 Div.
1388 2830 1419 2851 v.
1444 2823 1476 2853 2.
1501 2821 1656 2861 deponere

926 2867 1129 2906 provinciam
1171 2866 1206 2895 in
1241 2865 1412 2895 concione.
1449 2864 1490 2894 ad
1515 2865 1591 2895 Div.
1618 2863 1653 2893 ii.

930 2913 979 2943 17.
998 2910 1141 2940 rationes
1156 2908 1312 2950 Apameae
1326 2909 1478 2940 devenere
1490 2906 1657 2948 cogitaba-
