1804 3178
602 111 653 140 m
657 110 750 140 DEX
779 110 881 140 LAT!
886 111 913 139 N
919 111 1058 141 ruris
1064 130 1073 140 .

80 196 204 240 pum.
232 198 309 230 Sen.

86 241 321 283 philosophari.
344 247 364 265 ⁰
382 241 473 274 nulla
488 240 553 272 fide
565 242 699 282 dignus,
716 240 808 271 levis.

85 284 128 316 ad
142 285 220 317 Div.
244 287 298 317 vii.
328 288 376 318 18.
405 285 558 317 Grec-ato
574 285 684 315 cautio
701 283 808 314 chiro-

85 328 222 369 graphi:
254 329 294 361 de
316 339 384 369 quo
406 328 477 359 loeo
493 338 523 360 v.
547 327 662 359 Burni.
685 327 726 358 ad
751 328 808 358 Pe-

82 377 172 403 tron.
195 382 225 404 e.
251 373 305 404 46.
329 372 386 403 ubi
410 372 512 402 etiam
539 372 579 402 de
607 370 678 402 aliis
710 371 808 411 hujus

85 415 175 446 verbi
191 415 490 456 significationibus
507 415 601 446 dixit.

131 459 274 490 Graux
295 458 353 490 Or.
370 459 405 489 ii.
422 459 474 490 36.
504 458 581 489 dare
596 458 808 497 significatio-

79 510 156 532 nem
166 511 354 542 grecorum
370 511 494 539 rerum,
510 502 543 533 h.
559 513 588 532 ε.
602 511 718 541 greca·
733 512 808 532 eru-

77 544 227 576 ditionis.
249 545 321 576 Att.
337 545 400 575 xvi.
417 548 447 577 5.
481 546 535 576 vii.
556 549 583 576 1.
604 547 706 585 greci
723 545 805 582 ludi,

78 592 160 619 sunt
172 588 309 626 scenici,
323 589 358 619 in
373 589 492 628 quibus
506 588 627 619 fahuiae
641 590 740 627 gro-ci
757 598 808 618 ar·

78 632 232 671 ‘umenti
245 641 336 662 more
345 641 451 671 groeco
459 641 617 672 aguntur.
632 632 697 662 vid.
715 631 806 663 Dod-

77 673 156 705 wel.
171 674 212 705 de
228 674 336 715 Cyclis
352 676 394 706 iv.
415 677 463 707 16.

125 717 332 749 Gramineus.
371 718 463 750 Verr.
495 720 536 750 iv.
567 720 620 751 56.
658 719 804 749 etiamne

73 763 267 801 gramineas
292 762 402 792 bastm
416 763 572 793 ?—erant
602 761 806 800 hujusmodi,

75 809 117 836 ut
131 805 235 836 semel
257 805 374 836 vidisse
389 807 469 837 satis
493 811 604 844 esset3
629 806 663 836 in
685 805 804 845 quibus

77 857 186 888 neque
197 858 300 880 manu
310 848 453 886 factum,
466 858 573 888 neque
589 847 803 889 pulchritudo

73 896 148 922 erat
164 891 244 930 ulla,
261 892 319 923 sed
332 896 470 923 tantum
486 891 683 932 magnitudo
699 893 805 922 incre-

75 934 197 966 dibilis.
253 935 301 966 Ex
319 936 391 976 ipso
407 935 480 966 loco
495 940 601 976 patet,
617 935 728 966 hastas
744 935 802 966 has

73 977 176 1009 tuisse
189 988 273 1019 opus
288 982 429 1009 naturae.
476 979 582 1010 Credo
600 978 700 1009 fuisse
721 989 802 1018 gra-

73 1023 172 1053 minis
183 1021 310 1053 culmos
320 1022 489 1053 inusitatae
500 1022 753 1062 magnitudinis,
765 1027 803 1054 ut

71 1063 203 1096 hastam
225 1070 411 1105 aquai-ent,
435 1075 575 1105 eamque
597 1066 638 1098 ob
665 1076 799 1097 causam

70 1113 218 1139 servatos
234 1114 270 1139 et
290 1114 468 1150 spectatos.
512 1109 663 1141 Olivetus
686 1115 799 1140 autem

69 1150 266 1183 Turnebum
278 1154 442 1192 sequitur,
452 1153 508 1192 qui
522 1153 672 1193 putabat,
681 1153 801 1192 quibus

69 1195 105 1225 in
111 1197 283 1235 gramineo
289 1205 407 1236 campo
416 1206 450 1226 se
462 1201 654 1227 exercentes
667 1202 801 1227 uteren-

67 1241 140 1278 tur,
163 1243 203 1270 ut
226 1239 385 1278 Virgilius
410 1247 446 1270 et
466 1241 678 1278 gramineam
701 1239 802 1280 palae·

69 1286 175 1313 stram
187 1282 271 1313 dixit
282 1282 358 1313 AEn.
372 1283 413 1313 vi.
424 1284 499 1314 642.
516 1284 578 1314 Cui
591 1283 739 1324 opinioni
752 1293 802 1313 re-

70 1331 203 1366 pugnat
219 1326 310 1356 locus
327 1325 508 1364 Ciceronis,
525 1327 560 1356 in
574 1336 640 1366 quo
657 1335 732 1357 mox
749 1336 799 1357 se-

66 1370 196 1408 quitur,
210 1370 246 1400 in
262 1369 326 1400 iuis
338 1369 442 1400 hastis
457 1370 541 1400 nihil
554 1379 656 1400 manu
670 1369 799 1400 factum

68 1411 182 1443 fuisse.
226 1412 376 1444 Fuerunt
391 1423 470 1453 ergo
493 1418 623 1444 naturae
638 1423 722 1454 opus
739 1414 799 1444 mi-

67 1455 171 1487 rabile
186 1460 221 1487 et
245 1455 433 1487 visendum.
477 1457 613 1487 Punica
641 1456 798 1496 loquendi

63 1499 174 1530 forma
188 1508 255 1530 non
270 1499 329 1530 dat
336 1499 394 1539 jus
417 1499 460 1530 ad
476 1501 546 1539 ejus
570 1508 723 1530 normam
748 1501 798 1530 in-

64 1541 294 1583 terpretandae
322 1544 543 1574 narrationis:
576 1543 700 1582 alioqui
727 1553 800 1583 pos-

68 1588 122 1616 set
144 1585 268 1626 aliquis
295 1595 335 1616 ex
359 1586 468 1617 Ovidii
493 1587 673 1627 pampinea
701 1585 799 1617 hasta

66 1627 205 1659 Heroid.
224 1631 274 1660 13.
298 1632 351 1662 33.
375 1630 505 1660 efficere
522 1630 632 1661 hastas
647 1630 797 1669 gramine

65 1671 303 1703 circumdatas.
325 1672 486 1704 Nostram
502 1673 705 1704 sententiam
722 1683 797 1714 pro-

63 1715 148 1746 bant
178 1716 281 1747 etiam
307 1715 526 1757 Verburgius,
554 1716 734 1755 Gesnerus,
760 1721 796 1747 et

112 1802 352 1834 Grammatico.
376 1802 469 1834 Orat..
493 1803 515 1834 i.
539 1804 594 1835 42.
627 1802 708 1843 quid
737 1803 794 1842 sit,

62 1855 138 1886 quae
156 1846 290 1886 objecta
303 1845 425 1877 babeat
439 1847 452 1876 ?

112 1889 342 1920 Gronau-satiei.
365 1889 442 1920 Div.
459 1889 481 1920 i.
510 1892 560 1921 18.
590 1890 796 1922 Grammati-

63 1933 107 1971 εἰ,
122 1932 321 1973 interpretes
335 1936 521 1973 poetarum.

110 1975 295 2008 Grauator.
318 1975 389 2006 Fat.
415 1979 464 2008 15.
489 1985 595 2015 genus
611 1975 793 2014 latronum,

62 2018 152 2057 quod
166 2020 201 2050 in
219 2019 300 2051 urbe
315 2020 404 2050 vicos
432 2019 617 2058 obsidebat,
633 2025 668 2050 et
681 2020 794 2051 obvios

59 2062 191 2101 injurie
213 2067 420 2104 opportunos
447 2062 654 2100 verberabat,
677 2062 793 2104 spolia.

59 2105 118 2136 bat
131 2111 168 2137 et
182 2111 292 2137 morte
303 2105 491 2136 territabat.
511 2106 551 2136 de
563 2116 629 2146 quo
638 2106 794 2138 Torrent.

58 2154 95 2179 et
111 2148 253 2180 Casaub.
270 2149 312 2180 ad
327 2150 465 2180 Sueton.
479 2149 566 2189 Aug.
581 2151 634 2182 32.
648 2149 793 2181 Budaeus

62 2191 107 2223 ad
121 2192 225 2224 Pand.
240 2203 275 2234 p.
291 2195 366 2225 342.

59 2240 61 2243 '
108 2236 240 2267 Gratia.
263 2236 443 2267 Ans-20.
465 2240 538 2266 erat
563 2239 716 2267 nostrum
732 2245 791 2266 no·

59 2288 136 2310 men
166 2280 203 2310 in
233 2282 362 2320 gratia.
408 2279 525 2310 Manu.
547 2281 600 2310 24.
642 2279 788 2318 aliquam

338 208 371 240 p.
399 198 440 230 R.
469 198 502 229 6.
536 207 614 230 cum
653 197 811 229 Gra-ntis

56 2322 180 2355 bonam
201 2325 353 2363 gratiam
380 2323 443 2353 sibi
473 2332 631 2362 quaerere.
654 2323 788 2354 Muren.
832 2331 878 2361 gv·

57 2368 111 2398 20.
148 2367 320 2407 provincia
352 2366 504 2398 Murena:
534 2366 657 2397 multas
687 2366 788 2396 bonas

53 2410 186 2449 gratias
208 2410 336 2442 attulit.
358 2410 415 2440 ubi
430 2409 495 2440 vid.
511 2409 618 2440 Graev.
635 2408 716 2439 Sull.
738 2409 789 2440 16.

53 2454 207 2492 gratiam
231 2453 368 2491 referre,
391 2463 463 2493 pro,
481 2452 606 2485 ulcisci.
634 2462 663 2483 v.
680 2452 788 2483 Graev.

54 2496 94 2527 it..
118 2495 162 2528 ad
182 2497 240 2528 Or.
262 2497 306 2528 ad
330 2497 425 2537 Quir.
440 2507 474 2537 p.
489 2496 572 2527 Red.
587 2501 619 2531 9.
643 2495 684 2526 ad
710 2495 787 2527 Div.

55 2539 83 2570 i.
99 2543 127 2571 1.
146 2542 297 2580 graciam
324 2545 472 2571 nostram
496 2539 663 2579 extinguit
679 2539 787 2570 homi-

55 2591 140 2615 num
154 2585 313 2625 suspicio,
328 2584 362 2615 h.
372 2593 406 2614 e.
418 2582 503 2615 nihil
516 2583 658 2620 efficere,
671 2592 788 2622 quam-

57 2625 159 2666 quain
175 2627 340 2667 gratiosus
355 2627 444 2669 apud
458 2627 623 2663 homines,
638 2635 785 2666 possum,

57 2670 136 2708 quia.
155 2671 371 2712 suspicantur
395 2671 456 2701 διο.
479 2671 572 2701 Verr.
596 2669 644 2700 iii.
675 2671 727 2700 82.
751 2669 786 2699 in

56 2712 212 2744 beneficii
231 2716 414 2755 gratiaque
432 2713 505 2745 loco
527 2718 651 2754 petere.
675 2715 695 2734 ⁸
712 2711 787 2743 Ele-

57 2765 140 2796 gans
152 2761 206 2787 est
214 2756 287 2788 bec
300 2757 430 2789 forma:
453 2767 576 2798 ponere
591 2755 735 2795 aliquem
751 2756 786 2785 in

53 2801 173 2839 gratia
195 2799 249 2831 vel
269 2803 435 2840 gratiam,
461 2806 501 2832 ut
522 2801 594 2832 Att.
621 2809 652 2830 v.
676 2802 708 2830 3.
738 2801 787 2829 11.

55 2842 100 2872 vi.
126 2845 158 2875 5.
184 2843 244 2874 διε.
274 2854 350 2884 que
371 2845 554 2886 significat,
577 2844 705 2874 efficere
728 2841 787 2872 ali-

58 2895 161 2926 quem
177 2886 267 2930 apud
275 2887 419 2921 alterum
431 2889 628 2929 gratiosum,
644 2895 791 2919 comme-

1498 106 1575 145 ³11

855 197 1016 228 morando
1030 198 1100 237 ejus
1124 199 1157 229 in
1185 201 1292 240 ipsum
1317 209 1439 237 amore,
1464 201 1576 233 studio

856 241 917 271 ἃς.
943 250 973 271 ν.
989 241 1130 272 Gronov.
1147 243 1187 273 ad
1209 244 1280 275 Liv.
1304 243 1378 274 xliv.
1409 247 1454 274 14.
1477 245 1573 276 ‘esne

856 293 934 315 cum
951 283 1061 323 aliquo
1077 285 1109 314 in
1123 289 1235 323 gratia
1253 287 1292 318 ml
1307 287 1380 317 niv.
1400 287 1420 317 i.
1434 292 1466 321 9.

905 327 1105 364 cruentatio,
1122 330 1277 368 jungitur
1307 330 1443 360 letitia.
1482 329 1574 362 verr.

856 370 898 401 iv.
915 372 967 402 34.
991 380 1123 401 summa
1147 381 1223 402 cuin
1252 375 1473 410 gratulatione
1495 374 1574 404 civi·

855 424 913 444 um
928 420 963 444 et
987 413 1105 444 letitia
1125 417 1295 454 reponitur
1324 421 1444 446 statua.
1468 416 1574 447 flacc.

853 460 907 492 39.
931 462 1058 496 quanta
1080 457 1365 498 laetjtia—quanta
1384 461 1573 497 gratulatio.
1633 474 1646 486 ο

854 501 1016 532 ‘Murem
1038 504 1092 532 41.
1116 502 1150 531 in
1172 511 1233 532 sua
1252 504 1483 540 gratulatione,
1499 504 1520 532 i.
1543 513 1573 533 e.

854 554 930 575 cum
947 544 1064 575 consul
1084 544 1277 584 designatus
1291 551 1387 575 esset.
1414 546 1430 563 ⁶
1445 545 1513 575 dies
1528 545 1576 576 fe·

852 594 936 625 stus,
952 597 1018 627 quo
1041 588 1114 618 Diis
1142 589 1258 627 gratiae
1282 594 1428 627 aguntur
1459 598 1517 627 pro
1542 599 1575 619 re

853 631 939 662 laeta.
962 631 1003 662 ad
1019 631 1095 662 Div.
1121 632 1166 662 xi.
1195 635 1243 662 18.
1266 630 1328 661 hac
1355 636 1424 662 tam
1451 632 1575 662 recenti

849 675 1084 713 gratulatione,
1100 685 1199 713 quam
1216 675 1288 706 Diis
1305 674 1346 705 ad
1362 674 1475 706 omnia
1489 681 1574 704 tcm-

852 718 908 758 pla
921 718 1070 748 fecimus.
1105 722 1122 738 ¹
1142 718 1239 749 Catil.
1255 719 1297 749 iv.
1319 721 1367 749 10.
1392 719 1575 758 gratulatio

851 761 931 801 reip.
947 766 1159 792 conservatae.
1183 762 1224 792 ad
1240 762 1315 793 Div.
1334 771 1362 791 v.
1386 766 1417 796 7.
1433 771 1573 801 quarum

851 813 961 834 rerum
971 806 1164 843 gratulatio.

901 848 1106 878 Gratulator.
1131 848 1200 878 fin.
1217 848 1251 877 ii.
1269 850 1320 877 33.
1345 847 1407 878 Sed
1424 857 1454 876 v.
1471 852 1543 878 not.

898 891 1082 922 Gratuitus.
1115 891 1155 931 Ω.
1188 891 1238 921 Fr.
1269 891 1302 920 ii.
1336 894 1384 921 15.
1429 890 1574 921 Comitia

846 935 1012 973 gratuita,
1029 935 1050 964 i.
1074 943 1102 965 e.
1126 936 1160 965 in
1182 934 1301 974 quibus
1325 933 1417 964 nulla
1440 932 1572 973 largitio

848 984 977 1008 versata
991 982 1052 1008 est.

896 1021 1030 1052 Gratus.
1053 1020 1095 1050 ad
1110 1019 1186 1051 Div.
1198 1020 1244 1050 iii.
1257 1023 1286 1052 8.
1307 1021 1401 1059 grati
1418 1020 1452 1051 in
1467 1023 1500 1050 te
1516 1019 1572 1050 be-

851 1073 893 1094 ne
911 1065 1040 1095 merito.

896 1107 1109 1139 Gravidam.
1131 1105 1210 1136 Nat.
1227 1107 1270 1138 D.
1289 1107 1323 1137 ii.
1339 1109 1392 1138 33.
1413 1105 1572 1145 gravida-

846 1155 882 1181 ta
897 1150 1080 1181 seminibus
1095 1155 1195 1180 terra.

897 1194 1027 1231 Gravis,
1044 1193 1100 1233 qui
1116 1193 1262 1223 oratione
1279 1193 1381 1231 gravi,
1395 1191 1572 1231 magnifica

847 1238 966 1268 utitur.
989 1236 1045 1267 Or.
1063 1237 1110 1266 iii.
1125 1239 1178 1267 45.
1192 1246 1310 1274 graves
1322 1236 1436 1265 simus.
1461 1236 1478 1253 '⁶
1491 1236 1568 1265 Sen.

847 1291 880 1321 p.
895 1281 935 1312 R.
952 1281 982 1312 6.
1004 1290 1122 1319 graves
1147 1279 1247 1317 oculi,
1264 1284 1344 1309 sunt
1370 1288 1498 1315 eorum,
1515 1278 1570 1317 qui

845 1324 994 1355 nondum
1020 1323 1224 1354 edormivere
1251 1321 1432 1362 crapulam.
1465 1322 1484 1338 ¹*
1501 1330 1570 1350 ma-

844 1377 945 1407 gnam
961 1367 1028 1397 vim
1044 1366 1180 1397 habens.
1193 1365 1234 1396 ad
1248 1366 1323 1396 Div.
1338 1365 1405 1395 xiii.
1418 1367 1470 1398 29.
1482 1363 1569 1403 quod

845 1421 904 1452 per
929 1421 963 1441 se
990 1414 1041 1440 est
1064 1419 1179 1448 grave.
1216 1408 1293 1439 ibid.
1321 1418 1352 1438 x.
1382 1409 1431 1438 12.
1467 1407 1572 1438 literae

841 1463 971 1493 graves.
993 1453 1122 1492 ‘quem
1137 1452 1289 1482 homines
1305 1454 1471 1481 verentur.
1494 1451 1572 1489 Agr.

843 1498 878 1528 ii.
898 1501 947 1532 17.
974 1506 1077 1536 grave
1091 1501 1140 1525 est
1160 1505 1282 1525 nomen
1305 1494 1446 1534 imperii.
1469 1493 1570 1523 ‘ma-

844 1541 1034 1581 gnanimus.
1068 1539 1166 1570 Arch.
1189 1542 1220 1572 7.
1250 1537 1428 1568 excellenti
1458 1537 1571 1567 animo

844 1589 879 1615 et
906 1587 1029 1615 virtute
1052 1580 1409 1612 homines—moderati
1432 1585 1466 1610 et
1487 1589 1571 1618 gra-

842 1638 904 1658 ves.
949 1628 968 1646 *
982 1626 1076 1657 Verr.
1107 1625 1141 1655 ii.
1174 1628 1206 1656 4.
1247 1633 1368 1664 graves
1405 1623 1570 1660 civitates,

841 1675 922 1701 sunt
952 1669 1112 1706 illustres,
1141 1674 1176 1698 et
1210 1671 1384 1708 propterea
1411 1675 1567 1705 magnam

841 1714 1075 1744 auctoritatem
1099 1721 1137 1742 ac
1154 1711 1254 1741 fidem
1270 1711 1471 1740 obtinentes.
1514 1709 1568 1740 Sic

841 1757 881 1787 de
897 1757 1028 1787 civitate
1043 1756 1195 1786 Romana
1207 1759 1258 1784 est
1269 1753 1381 1783 Vatin.
1398 1755 1447 1784 13.
1466 1753 1568 1793 ‘pas-

839 1802 919 1832 sive.
945 1801 1023 1839 Agr.
1039 1799 1072 1829 ii.
1090 1799 1142 1829 26.
1165 1796 1395 1828 succumbenti
1406 1797 1491 1834 jam,
1509 1804 1567 1835 op-

840 1853 965 1885 presso,
990 1842 1133 1873 Sullanis
1159 1840 1314 1871 oneribus
1336 1840 1444 1879 gravi.
1482 1839 1500 1857 ¹*
1516 1847 1567 1868 so-

840 1897 902 1918 nus
927 1885 1149 1917 humillimus:
1187 1882 1211 1914 il
1233 1883 1346 1913 basso:
1385 1882 1566 1922 opponitur

841 1931 1046 1961 acutissimo.
1069 1929 1126 1959 Or.
1143 1928 1188 1958 iii.
1205 1926 1256 1957 61.
1281 1926 1302 1956 ἰ.
1321 1929 1372 1959 59.

887 1975 1050 2004 Gravitas.
1074 1972 1144 2002 Att.
1162 1971 1206 2001 xi.
1227 1971 1279 2000 22.
1306 1969 1454 2008 gravitas
1475 1966 1562 2005 cmii,

839 2023 891 2048 est
907 2015 1096 2057 pestilentia
1111 2015 1206 2044 aeris.
1229 2014 1247 2031 ⁸
1259 2012 1327 2043 Pin.
1344 2012 1384 2042 iv.
1406 2013 1453 2042 12.
1479 2020 1563 2049 gra·

837 2062 922 2091 vitas
934 2060 1171 2093 membrorum,
1181 2059 1232 2087 est
1246 2054 1395 2086 debilitas
1410 2058 1445 2084 et
1455 2053 1559 2083 dolor.

839 2105 894 2134 ubi
912 2103 975 2134 vid.
994 2102 1104 2133 Davis.
1133 2099 1293 2130 Similiter
1311 2097 1394 2128 dixit
1415 2097 1450 2127 in
1475 2095 1562 2126 Tus-

837 2147 903 2178 cul.
926 2147 971 2177 iii.
999 2149 1025 2176 l.
1047 2145 1196 2184 gravitas
1223 2146 1258 2172 et
1286 2141 1378 2171 dolor
1403 2140 1561 2180 corporis.

836 2191 891 2221 ubi
909 2190 1032 2220 frustra
1047 2186 1216 2218 Bentleius
1243 2183 1386 2215 malebat
1402 2183 1561 2223 pravitas,

834 2238 873 2264 ut
887 2234 971 2264 bene
991 2232 1120 2271 judicat
1149 2228 1323 2259 Schultens
1339 2226 1380 2257 ad
1407 2225 1560 2256 Proverb.

833 2277 956 2308 Salom.
972 2285 1000 2306 c.
1029 2278 1091 2306 25..
1129 2273 1227 2303 Porro
1251 2270 1351 2301 Acad.
1370 2270 1412 2299 iv.
1433 2271 1480 2302 17.
1505 2274 1557 2299 est

877 2322 983 2350 aoe'tas
1009 2326 1136 2353 sensus,
1153 2316 1174 2346 i.
1197 2324 1226 2345 e.
1250 2312 1426 2348 hebetudo,
1453 2311 1558 2342 imbe-

834 2363 966 2395 cillitas.
988 2362 1044 2392 Or.
1062 2361 1107 2391 iii.
1128 2362 1175 2389 ll.
1189 2358 1339 2397 gravitas
1354 2356 1489 2394 linguae,
1506 2360 1557 2386 est

833 2416 933 2438 sonus
949 2405 1035 2436 vocis
1051 2402 1162 2444 paullo
1178 2401 1337 2441 agrestior
1357 2406 1391 2429 et
1417 2399 1556 2428 rustica-

833 2460 906 2481 nus.
962 2447 1115 2479 Pearcius
1146 2449 1266 2485 praeter
1294 2452 1364 2473 rem
1386 2441 1451 2481 legi
1483 2441 1557 2472 vult

831 2494 984 2535 pravitas.
1039 2490 1126 2521 Nam
1157 2487 1299 2528 pravitas
1335 2485 1435 2516 latius
1462 2487 1556 2525 patet

827 2537 1004 2577 gravitate.
1054 2533 1208 2564 Gravitas
1224 2532 1257 2560 in
1269 2529 1467 2560 deteriorem
1484 2537 1558 2567 par·

830 2587 901 2611 tem
925 2579 964 2610 de
994 2576 1108 2608 multis
1134 2575 1230 2606 rebus
1259 2573 1394 2608 dicitur,
1411 2575 1451 2601 ut
1476 2570 1558 2600 vidi·

832 2633 918 2654 mus.
952 2620 1050 2653 Aliud
1063 2626 1114 2650 est
1125 2619 1276 2658 grovieae
1296 2615 1466 2652 orationis,
1483 2622 1556 2652 quae

832 2675 964 2707 semper
983 2666 1016 2694 in
1033 2662 1129 2694 laude
1145 2666 1208 2698 est,
1224 2659 1315 2690 aliud
1326 2659 1476 2698 grae-itas
1493 2656 1555 2686 lin-

833 2719 919 2750 guae.
979 2707 1032 2738 Sic
1060 2706 1210 2745 gravitas
1238 2702 1348 2734 vultus
1377 2701 1410 2731 in
1445 2699 1554 2735 laude,

830 2754 981 2793 gravitas
995 2750 1059 2780 oris
1075 2755 1126 2779 est
1142 2748 1259 2778 vitium
1282 2746 1414 2776 aiiiinae.
1438 2744 1555 2773 ‘seve-

833 2797 924 2827 ritas.
949 2795 983 2825 in
1001 2792 1113 2824 Caecil.
1128 2795 1159 2822 3.
1180 2787 1553 2830 gravitasjudiciorum.

832 2840 851 2859 θ
863 2837 1126 2878 magnificentia,
1142 2834 1296 2874 dignitas.
1310 2832 1351 2863 ad
1367 2832 1441 2863 Div.
1456 2829 1557 2877 ¹2¹2·

828 2883 983 2924 gravitas
997 2878 1241 2913 sententiarum
1257 2877 1317 2909 διο.
1354 2875 1372 2894 ⁴*
1388 2875 1554 2914 magnim-

884 2934 905 2959 Χ
922 2928 943 2958 4
