<?xml version="1.0" encoding="UTF-8"?>
<!DOCTYPE html PUBLIC "-//W3C//DTD XHTML 1.0 Transitional//EN"
    "http://www.w3.org/TR/xhtml1/DTD/xhtml1-transitional.dtd">
<html xmlns="http://www.w3.org/1999/xhtml" xml:lang="en" lang="en">
 <head>
  <title>
</title>
<meta http-equiv="Content-Type" content="text/html;charset=utf-8" />
  <meta name='ocr-system' content='tesseract 3.04.00' />
  <meta name='ocr-capabilities' content='ocr_page ocr_carea ocr_par ocr_line ocrx_word'/>
</head>
<body>
  <div class='ocr_page' id='page_1' title='image "./operaomnia05ciceuoft/operaomnia05ciceuoft_0244.png"; bbox 0 0 1800 3131; ppageno 0'>
   <div class='ocr_carea' id='block_1_1' title="bbox 136 174 218 212">
    <p class='ocr_par' dir='ltr' id='par_1_1' title="bbox 136 174 218 212">
     <span class='ocr_line' id='line_1_1' title="bbox 136 174 218 212; baseline -0.024 0"><span class='ocrx_word' id='word_1_1' title='bbox 136 174 218 212; x_wconf 72' lang='lat'><em>231</em></span> 
     </span>
    </p>
   </div>
   <div class='ocr_carea' id='block_1_2' title="bbox 133 269 868 3006">
    <p class='ocr_par' dir='ltr' id='par_1_2' title="bbox 137 269 864 482">
     <span class='ocr_line' id='line_1_2' title="bbox 137 269 861 311; baseline -0.004 -10"><span class='ocrx_word' id='word_1_2' title='bbox 137 274 262 301; x_wconf 79' lang='lat' dir='ltr'>statem</span> <span class='ocrx_word' id='word_1_3' title='bbox 285 269 424 300; x_wconf 84' lang='lat' dir='ltr'><em>faciunt.</em></span> <span class='ocrx_word' id='word_1_4' title='bbox 457 271 476 291; x_wconf 53' lang='grc' dir='ltr'><em>*ἒ</em></span> <span class='ocrx_word' id='word_1_5' title='bbox 494 269 599 300; x_wconf 80' lang='lat' dir='ltr'>oratio</span> <span class='ocrx_word' id='word_1_6' title='bbox 623 269 664 300; x_wconf 88' lang='lat' dir='ltr'><em>ad</em></span> <span class='ocrx_word' id='word_1_7' title='bbox 688 269 861 311; x_wconf 85' lang='lat' dir='ltr'><em>populum.</em></span> 
     </span>
     <span class='ocr_line' id='line_1_3' title="bbox 139 312 863 353; baseline -0.004 -8"><span class='ocrx_word' id='word_1_8' title='bbox 139 315 182 345; x_wconf 80' lang='lat' dir='ltr'><em>ad</em></span> <span class='ocrx_word' id='word_1_9' title='bbox 197 315 272 345; x_wconf 91' lang='lat' dir='ltr'>Div.</span> <span class='ocrx_word' id='word_1_10' title='bbox 290 324 321 344; x_wconf 88' lang='lat' dir='ltr'><em>x.</em></span> <span class='ocrx_word' id='word_1_11' title='bbox 336 317 387 344; x_wconf 77' lang='lat'><em>33.</em></span> <span class='ocrx_word' id='word_1_12' title='bbox 411 312 551 353; x_wconf 84' lang='lat' dir='ltr'>epistola</span> <span class='ocrx_word' id='word_1_13' title='bbox 565 315 761 344; x_wconf 67' lang='lat' dir='ltr'><em>concionibus</em></span> <span class='ocrx_word' id='word_1_14' title='bbox 772 313 863 343; x_wconf 85' lang='lat' dir='ltr'>simi-</span> 
     </span>
     <span class='ocr_line' id='line_1_4' title="bbox 138 357 864 388; baseline -0.004 0"><span class='ocrx_word' id='word_1_15' title='bbox 138 358 191 388; x_wconf 85' lang='lat' dir='ltr'>lis.</span> <span class='ocrx_word' id='word_1_16' title='bbox 203 357 281 388; x_wconf 83' lang='lat' dir='ltr'>ibid.</span> <span class='ocrx_word' id='word_1_17' title='bbox 298 357 332 387; x_wconf 91' lang='lat' dir='ltr'><em>ii.</em></span> <span class='ocrx_word' id='word_1_18' title='bbox 352 359 399 388; x_wconf 71' lang='grc'><em>12.</em></span> <span class='ocrx_word' id='word_1_19' title='bbox 418 357 465 386; x_wconf 87' lang='lat' dir='ltr'><em>ita</em></span> <span class='ocrx_word' id='word_1_20' title='bbox 475 357 693 388; x_wconf 80' lang='lat' dir='ltr'>tumultuosae</span> <span class='ocrx_word' id='word_1_21' title='bbox 705 358 864 387; x_wconf 78' lang='lat' dir='ltr'><em>conciones</em></span> 
     </span>
     <span class='ocr_line' id='line_1_5' title="bbox 140 400 864 432; baseline -0.004 0"><span class='ocrx_word' id='word_1_22' title='bbox 140 401 375 432; x_wconf 78' lang='lat' dir='ltr'><em>afferebantur.</em></span> <span class='ocrx_word' id='word_1_23' title='bbox 409 400 428 418; x_wconf 38' lang='grc' dir='ltr'><strong>ἢ</strong></span> <span class='ocrx_word' id='word_1_24' title='bbox 443 401 500 430; x_wconf 90' lang='lat' dir='ltr'><em>Or.</em></span> <span class='ocrx_word' id='word_1_25' title='bbox 527 401 560 431; x_wconf 91' lang='lat' dir='ltr'><em>ii.</em></span> <span class='ocrx_word' id='word_1_26' title='bbox 577 403 628 432; x_wconf 84' lang='lat'><em>84.</em></span> <span class='ocrx_word' id='word_1_27' title='bbox 643 400 777 430; x_wconf 84' lang='lat' dir='ltr'>funebri</span> <span class='ocrx_word' id='word_1_28' title='bbox 793 409 864 430; x_wconf 89' lang='lat' dir='ltr'><em>con-</em></span> 
     </span>
     <span class='ocr_line' id='line_1_6' title="bbox 139 444 733 482; baseline -0.003 -7"><span class='ocrx_word' id='word_1_29' title='bbox 139 446 198 482; x_wconf 76' lang='lat' dir='ltr'><em>cio,</em></span> <span class='ocrx_word' id='word_1_30' title='bbox 216 454 260 474; x_wconf 89' lang='lat' dir='ltr'><em>sc.</em></span> <span class='ocrx_word' id='word_1_31' title='bbox 278 445 312 474; x_wconf 91' lang='lat' dir='ltr'><em>in</em></span> <span class='ocrx_word' id='word_1_32' title='bbox 335 453 401 482; x_wconf 83' lang='lat' dir='ltr'><em>qua</em></span> <span class='ocrx_word' id='word_1_33' title='bbox 416 444 564 474; x_wconf 87' lang='lat' dir='ltr'>laudatio</span> <span class='ocrx_word' id='word_1_34' title='bbox 581 444 733 474; x_wconf 81' lang='lat' dir='ltr'><em>habetur.</em></span> 
     </span>
    </p>

    <p class='ocr_par' dir='ltr' id='par_1_3' title="bbox 135 487 864 659">
     <span class='ocr_line' id='line_1_7' title="bbox 188 487 863 527; baseline -0.007 -8"><span class='ocrx_word' id='word_1_35' title='bbox 188 489 394 519; x_wconf 53' lang='lat' dir='ltr'><em>concionalis.</em></span> <span class='ocrx_word' id='word_1_36' title='bbox 425 488 489 527; x_wconf 89' lang='lat' dir='ltr'><em>Qu.</em></span> <span class='ocrx_word' id='word_1_37' title='bbox 519 487 568 517; x_wconf 81' lang='lat' dir='ltr'><em>Fr.</em></span> <span class='ocrx_word' id='word_1_38' title='bbox 601 488 635 517; x_wconf 89' lang='lat' dir='ltr'><em>ii.</em></span> <span class='ocrx_word' id='word_1_39' title='bbox 661 490 690 517; x_wconf 87' lang='lat'><em>5.</em></span> <span class='ocrx_word' id='word_1_40' title='bbox 729 489 863 517; x_wconf 76' lang='lat' dir='ltr'>senatus</span> 
     </span>
     <span class='ocr_line' id='line_1_8' title="bbox 140 529 862 571; baseline -0.006 -9"><span class='ocrx_word' id='word_1_41' title='bbox 140 532 267 562; x_wconf 86' lang='lat' dir='ltr'><em>clamor</em></span> <span class='ocrx_word' id='word_1_42' title='bbox 296 541 397 571; x_wconf 83' lang='lat' dir='ltr'><em>prope</em></span> <span class='ocrx_word' id='word_1_43' title='bbox 425 532 624 561; x_wconf 76' lang='lat' dir='ltr'><em>concionalis.</em></span> <span class='ocrx_word' id='word_1_44' title='bbox 663 530 732 560; x_wconf 80' lang='lat' dir='ltr'>Att.</span> <span class='ocrx_word' id='word_1_45' title='bbox 760 531 783 559; x_wconf 95' lang='lat' dir='ltr'><em>i.</em></span> <span class='ocrx_word' id='word_1_46' title='bbox 814 529 862 558; x_wconf 86' lang='lat'><em>16.</em></span> 
     </span>
     <span class='ocr_line' id='line_1_9' title="bbox 139 572 864 612; baseline -0.006 -6"><span class='ocrx_word' id='word_1_47' title='bbox 139 576 328 606; x_wconf 73' lang='lat' dir='ltr'><em>concionalis</em></span> <span class='ocrx_word' id='word_1_48' title='bbox 342 573 460 604; x_wconf 82' lang='lat' dir='ltr'>hirudo</span> <span class='ocrx_word' id='word_1_49' title='bbox 477 574 596 612; x_wconf 77' lang='lat' dir='ltr'>aerarii,</span> <span class='ocrx_word' id='word_1_50' title='bbox 617 574 738 604; x_wconf 77' lang='lat' dir='ltr'>misera</span> <span class='ocrx_word' id='word_1_51' title='bbox 753 582 790 603; x_wconf 87' lang='lat' dir='ltr'><em>ac</em></span> <span class='ocrx_word' id='word_1_52' title='bbox 813 572 864 610; x_wconf 81' lang='lat' dir='ltr'><em>je-</em></span> 
     </span>
     <span class='ocr_line' id='line_1_10' title="bbox 135 618 424 659; baseline -0.007 -10"><span class='ocrx_word' id='word_1_53' title='bbox 135 619 223 659; x_wconf 80' lang='lat' dir='ltr'><em>juna</em></span> <span class='ocrx_word' id='word_1_54' title='bbox 239 618 424 659; x_wconf 80' lang='lat' dir='ltr'>plebecula.</span> 
     </span>
    </p>

    <p class='ocr_par' dir='ltr' id='par_1_4' title="bbox 139 657 865 910">
     <span class='ocr_line' id='line_1_11' title="bbox 190 657 864 693; baseline -0.009 -1"><span class='ocrx_word' id='word_1_55' title='bbox 190 662 386 693; x_wconf 78' lang='lat' dir='ltr'><em>Concionare&#39;.</em></span> <span class='ocrx_word' id='word_1_56' title='bbox 409 660 438 691; x_wconf 88' lang='lat' dir='ltr'>T</span> <span class='ocrx_word' id='word_1_57' title='bbox 440 669 507 690; x_wconf 80' lang='lat' dir='ltr'>use.</span> <span class='ocrx_word' id='word_1_58' title='bbox 524 662 545 691; x_wconf 89' lang='lat' dir='ltr'><em>i.</em></span> <span class='ocrx_word' id='word_1_59' title='bbox 562 663 614 693; x_wconf 87' lang='lat'><em>49.</em></span> <span class='ocrx_word' id='word_1_60' title='bbox 647 658 740 688; x_wconf 83' lang='lat' dir='ltr'>velut</span> <span class='ocrx_word' id='word_1_61' title='bbox 754 667 771 687; x_wconf 87' lang='lat' dir='ltr'><em>e</em></span> <span class='ocrx_word' id='word_1_62' title='bbox 792 657 864 687; x_wconf 91' lang='lat' dir='ltr'><em>loco</em></span> 
     </span>
     <span class='ocr_line' id='line_1_12' title="bbox 139 702 863 746; baseline -0.008 -11"><span class='ocrx_word' id='word_1_63' title='bbox 139 706 303 746; x_wconf 73' lang='lat' dir='ltr'><strong>superiori</strong></span> <span class='ocrx_word' id='word_1_64' title='bbox 328 705 604 734; x_wconf 77' lang='lat' dir='ltr'><em>concionandum:</em></span> <span class='ocrx_word' id='word_1_65' title='bbox 644 702 684 732; x_wconf 84' lang='lat' dir='ltr'><em>de</em></span> <span class='ocrx_word' id='word_1_66' title='bbox 715 711 762 739; x_wconf 84' lang='lat' dir='ltr'><em>re,</em></span> <span class='ocrx_word' id='word_1_67' title='bbox 789 710 863 740; x_wconf 80' lang='lat' dir='ltr'><em>quae</em></span> 
     </span>
     <span class='ocr_line' id='line_1_13' title="bbox 139 743 862 788; baseline -0.008 -9"><span class='ocrx_word' id='word_1_68' title='bbox 139 750 286 788; x_wconf 80' lang='lat' dir='ltr'>graviter</span> <span class='ocrx_word' id='word_1_69' title='bbox 313 748 453 777; x_wconf 85' lang='lat' dir='ltr'><em>dicenda</em></span> <span class='ocrx_word' id='word_1_70' title='bbox 481 751 543 777; x_wconf 86' lang='lat' dir='ltr'>est.</span> <span class='ocrx_word' id='word_1_71' title='bbox 579 746 705 775; x_wconf 78' lang='lat' dir='ltr'>*Sext.</span> <span class='ocrx_word' id='word_1_72' title='bbox 738 747 789 775; x_wconf 88' lang='grc'><em>55.</em></span> <span class='ocrx_word' id='word_1_73' title='bbox 823 743 862 773; x_wconf 92' lang='lat' dir='ltr'><em>de</em></span> 
     </span>
     <span class='ocr_line' id='line_1_14' title="bbox 140 788 863 828; baseline -0.008 -5"><span class='ocrx_word' id='word_1_74' title='bbox 140 792 355 823; x_wconf 83' lang='lat' dir='ltr'>histrionibus</span> <span class='ocrx_word' id='word_1_75' title='bbox 385 790 520 827; x_wconf 82' lang='lat' dir='ltr'><em>dicitur,</em></span> <span class='ocrx_word' id='word_1_76' title='bbox 549 790 628 828; x_wconf 82' lang='lat' dir='ltr'>quia</span> <span class='ocrx_word' id='word_1_77' title='bbox 661 788 751 818; x_wconf 87' lang='lat' dir='ltr'><em>clara</em></span> <span class='ocrx_word' id='word_1_78' title='bbox 784 797 863 817; x_wconf 85' lang='lat' dir='ltr'><em>voce</em></span> 
     </span>
     <span class='ocr_line' id='line_1_15' title="bbox 140 832 865 875; baseline -0.008 -9"><span class='ocrx_word' id='word_1_79' title='bbox 140 844 260 875; x_wconf 79' lang='lat' dir='ltr'><em>agunt,</em></span> <span class='ocrx_word' id='word_1_80' title='bbox 277 840 314 866; x_wconf 89' lang='lat' dir='ltr'><em>ut</em></span> <span class='ocrx_word' id='word_1_81' title='bbox 341 835 376 871; x_wconf 91' lang='lat' dir='ltr'><em>ii,</em></span> <span class='ocrx_word' id='word_1_82' title='bbox 394 834 451 872; x_wconf 86' lang='lat' dir='ltr'><em>qui</em></span> <span class='ocrx_word' id='word_1_83' title='bbox 475 844 532 874; x_wconf 85' lang='lat' dir='ltr'><em>pro</em></span> <span class='ocrx_word' id='word_1_84' title='bbox 548 832 662 863; x_wconf 88' lang='lat' dir='ltr'>rostris</span> <span class='ocrx_word' id='word_1_85' title='bbox 678 832 865 862; x_wconf 77' lang='lat' dir='ltr'><em>concionan-</em></span> 
     </span>
     <span class='ocr_line' id='line_1_16' title="bbox 140 885 207 910; baseline 0.015 -1"><span class='ocrx_word' id='word_1_86' title='bbox 140 885 207 910; x_wconf 80' lang='lat' dir='ltr'>tur.</span> 
     </span>
    </p>

    <p class='ocr_par' dir='ltr' id='par_1_5' title="bbox 189 918 836 959">
     <span class='ocr_line' id='line_1_17' title="bbox 189 918 836 959; baseline -0.008 -6"><span class='ocrx_word' id='word_1_87' title='bbox 189 921 414 954; x_wconf 78' lang='lat' dir='ltr'><em>Concionarius</em></span> <span class='ocrx_word' id='word_1_88' title='bbox 430 918 581 959; x_wconf 86' lang='lat' dir='ltr'><em>populus.</em></span> <span class='ocrx_word' id='word_1_89' title='bbox 605 919 670 959; x_wconf 78' lang='lat' dir='ltr'><em>Qu.</em></span> <span class='ocrx_word' id='word_1_90' title='bbox 688 918 738 948; x_wconf 90' lang='lat' dir='ltr'><em>Fr.</em></span> <span class='ocrx_word' id='word_1_91' title='bbox 756 919 789 948; x_wconf 92' lang='lat' dir='ltr'><em>ii.</em></span> <span class='ocrx_word' id='word_1_92' title='bbox 805 921 836 949; x_wconf 87' lang='lat'><em>3.</em></span> 
     </span>
    </p>

    <p class='ocr_par' dir='ltr' id='par_1_6' title="bbox 133 962 866 1084">
     <span class='ocr_line' id='line_1_18' title="bbox 190 962 866 996; baseline -0.007 0"><span class='ocrx_word' id='word_1_93' title='bbox 190 967 404 996; x_wconf 71' lang='lat' dir='ltr'><em>(oncionulor.</em></span> <span class='ocrx_word' id='word_1_94' title='bbox 430 962 528 993; x_wconf 89' lang='lat' dir='ltr'>Catil.</span> <span class='ocrx_word' id='word_1_95' title='bbox 555 963 597 993; x_wconf 90' lang='lat' dir='ltr'><em>iv.</em></span> <span class='ocrx_word' id='word_1_96' title='bbox 619 966 648 994; x_wconf 89' lang='grc'><em>5.</em></span> <span class='ocrx_word' id='word_1_97' title='bbox 673 962 773 992; x_wconf 86' lang='lat' dir='ltr'><em>homo</em></span> <span class='ocrx_word' id='word_1_98' title='bbox 795 965 866 991; x_wconf 86' lang='lat' dir='ltr'>tur-</span> 
     </span>
     <span class='ocr_line' id='line_1_19' title="bbox 133 1006 865 1048; baseline -0.005 -9"><span class='ocrx_word' id='word_1_99' title='bbox 133 1006 310 1046; x_wconf 62' lang='lat' dir='ltr'>bulentus,</span> <span class='ocrx_word' id='word_1_100' title='bbox 328 1006 488 1048; x_wconf 83' lang='lat' dir='ltr'><em>populum</em></span> <span class='ocrx_word' id='word_1_101' title='bbox 515 1006 687 1037; x_wconf 81' lang='lat' dir='ltr'><em>concitans</em></span> <span class='ocrx_word' id='word_1_102' title='bbox 713 1006 865 1035; x_wconf 83' lang='lat' dir='ltr'><em>concioni-</em></span> 
     </span>
     <span class='ocr_line' id='line_1_20' title="bbox 140 1055 208 1084; baseline -0.029 0"><span class='ocrx_word' id='word_1_103' title='bbox 140 1055 208 1084; x_wconf 78' lang='lat' dir='ltr'>bus.</span> 
     </span>
    </p>

    <p class='ocr_par' dir='ltr' id='par_1_7' title="bbox 140 1092 866 1788">
     <span class='ocr_line' id='line_1_21' title="bbox 189 1092 865 1134; baseline -0.007 -8"><span class='ocrx_word' id='word_1_104' title='bbox 189 1096 366 1134; x_wconf 77' lang='lat' dir='ltr'><em>Concipere.</em></span> <span class='ocrx_word' id='word_1_105' title='bbox 396 1093 461 1133; x_wconf 88' lang='lat' dir='ltr'><em>Qu.</em></span> <span class='ocrx_word' id='word_1_106' title='bbox 485 1092 536 1122; x_wconf 88' lang='lat' dir='ltr'><em>Fr.</em></span> <span class='ocrx_word' id='word_1_107' title='bbox 561 1093 595 1122; x_wconf 92' lang='lat' dir='ltr'><em>ii.</em></span> <span class='ocrx_word' id='word_1_108' title='bbox 623 1094 672 1123; x_wconf 81' lang='lat'><em>15.</em></span> <span class='ocrx_word' id='word_1_109' title='bbox 707 1096 808 1131; x_wconf 83' lang='lat' dir='ltr'>negat</span> <span class='ocrx_word' id='word_1_110' title='bbox 832 1101 865 1121; x_wconf 90' lang='grc' dir='ltr'><em>θ-</em></span> 
     </span>
     <span class='ocr_line' id='line_1_22' title="bbox 143 1135 866 1175; baseline -0.01 -4"><span class='ocrx_word' id='word_1_111' title='bbox 143 1141 215 1171; x_wconf 90' lang='lat' dir='ltr'><em>nim</em></span> <span class='ocrx_word' id='word_1_112' title='bbox 242 1138 432 1175; x_wconf 72' lang='lat' dir='ltr'>Trebatius,</span> <span class='ocrx_word' id='word_1_113' title='bbox 463 1137 497 1166; x_wconf 90' lang='lat' dir='ltr'><em>in</em></span> <span class='ocrx_word' id='word_1_114' title='bbox 521 1140 622 1166; x_wconf 80' lang='lat' dir='ltr'><em>tanta</em></span> <span class='ocrx_word' id='word_1_115' title='bbox 647 1135 866 1165; x_wconf 85' lang='lat' dir='ltr'>multitudine</span> 
     </span>
     <span class='ocr_line' id='line_1_23' title="bbox 140 1180 866 1220; baseline -0.008 -6"><span class='ocrx_word' id='word_1_116' title='bbox 140 1193 270 1218; x_wconf 87' lang='lat' dir='ltr'><em>eorum,</em></span> <span class='ocrx_word' id='word_1_117' title='bbox 287 1181 344 1220; x_wconf 86' lang='lat' dir='ltr'><em>qui</em></span> <span class='ocrx_word' id='word_1_118' title='bbox 367 1190 435 1211; x_wconf 82' lang='lat' dir='ltr'><em>una</em></span> <span class='ocrx_word' id='word_1_119' title='bbox 449 1183 572 1218; x_wconf 83' lang='lat' dir='ltr'>essent,</span> <span class='ocrx_word' id='word_1_120' title='bbox 595 1189 797 1219; x_wconf 86' lang='lat' dir='ltr'>quemquam</span> <span class='ocrx_word' id='word_1_121' title='bbox 813 1180 866 1208; x_wconf 83' lang='lat' dir='ltr'><em>su-</em></span> 
     </span>
     <span class='ocr_line' id='line_1_24' title="bbox 141 1224 863 1265; baseline -0.008 -7"><span class='ocrx_word' id='word_1_122' title='bbox 141 1229 217 1264; x_wconf 82' lang='lat' dir='ltr'>isse,</span> <span class='ocrx_word' id='word_1_123' title='bbox 234 1226 290 1265; x_wconf 88' lang='lat' dir='ltr'><em>qui</em></span> <span class='ocrx_word' id='word_1_124' title='bbox 314 1224 541 1254; x_wconf 77' lang='lat' dir='ltr'>vadimonium</span> <span class='ocrx_word' id='word_1_125' title='bbox 557 1224 717 1262; x_wconf 76' lang='lat' dir='ltr'><em>concipere</em></span> <span class='ocrx_word' id='word_1_126' title='bbox 741 1227 863 1262; x_wconf 86' lang='lat' dir='ltr'>posset.</span> 
     </span>
     <span class='ocr_line' id='line_1_25' title="bbox 140 1266 863 1306; baseline -0.008 -5"><span class='ocrx_word' id='word_1_127' title='bbox 140 1271 173 1301; x_wconf 88' lang='lat' dir='ltr'><em>h.</em></span> <span class='ocrx_word' id='word_1_128' title='bbox 191 1281 220 1300; x_wconf 90' lang='lat' dir='ltr'><em>e.</em></span> <span class='ocrx_word' id='word_1_129' title='bbox 234 1268 412 1299; x_wconf 76' lang='lat' dir='ltr'><em>formulam</em></span> <span class='ocrx_word' id='word_1_130' title='bbox 432 1268 522 1305; x_wconf 84' lang='lat' dir='ltr'>dare,</span> <span class='ocrx_word' id='word_1_131' title='bbox 545 1276 611 1306; x_wconf 84' lang='lat' dir='ltr'><em>qua</em></span> <span class='ocrx_word' id='word_1_132' title='bbox 636 1266 863 1296; x_wconf 79' lang='lat' dir='ltr'>vadimonium</span> 
     </span>
     <span class='ocr_line' id='line_1_26' title="bbox 141 1309 865 1355; baseline -0.01 -10"><span class='ocrx_word' id='word_1_133' title='bbox 141 1313 365 1355; x_wconf 81' lang='lat' dir='ltr'><em>promittitur,</em></span> <span class='ocrx_word' id='word_1_134' title='bbox 389 1311 478 1350; x_wconf 86' lang='lat' dir='ltr'><em>quod</em></span> <span class='ocrx_word' id='word_1_135' title='bbox 502 1314 552 1340; x_wconf 85' lang='lat' dir='ltr'><em>est</em></span> <span class='ocrx_word' id='word_1_136' title='bbox 577 1310 747 1350; x_wconf 85' lang='lat' dir='ltr'>proprium</span> <span class='ocrx_word' id='word_1_137' title='bbox 764 1309 865 1339; x_wconf 71' lang='lat' dir='ltr'><em>Jcto-</em></span> 
     </span>
     <span class='ocr_line' id='line_1_27' title="bbox 141 1354 863 1394; baseline -0.008 -6"><span class='ocrx_word' id='word_1_138' title='bbox 141 1368 227 1388; x_wconf 88' lang='lat' dir='ltr'><em>rum.</em></span> <span class='ocrx_word' id='word_1_139' title='bbox 251 1357 270 1375; x_wconf 67' lang='lat'><em>⁵*</em></span> <span class='ocrx_word' id='word_1_140' title='bbox 287 1356 487 1394; x_wconf 80' lang='lat' dir='ltr'><em>excogitare.</em></span> <span class='ocrx_word' id='word_1_141' title='bbox 511 1355 592 1384; x_wconf 80' lang='lat' dir='ltr'>Har.</span> <span class='ocrx_word' id='word_1_142' title='bbox 611 1354 708 1393; x_wconf 82' lang='lat' dir='ltr'>Resp.</span> <span class='ocrx_word' id='word_1_143' title='bbox 725 1354 776 1384; x_wconf 68' lang='lat'><em>26.</em></span> <span class='ocrx_word' id='word_1_144' title='bbox 793 1363 863 1383; x_wconf 83' lang='lat' dir='ltr'><em>con-</em></span> 
     </span>
     <span class='ocr_line' id='line_1_28' title="bbox 140 1397 863 1441; baseline -0.008 -9"><span class='ocrx_word' id='word_1_145' title='bbox 140 1406 268 1441; x_wconf 81' lang='lat' dir='ltr'><em>ceptum</em></span> <span class='ocrx_word' id='word_1_146' title='bbox 296 1404 348 1429; x_wconf 82' lang='lat' dir='ltr'><em>est</em></span> <span class='ocrx_word' id='word_1_147' title='bbox 369 1399 543 1438; x_wconf 82' lang='lat' dir='ltr'>justitium</span> <span class='ocrx_word' id='word_1_148' title='bbox 578 1401 613 1427; x_wconf 86' lang='lat' dir='ltr'><em>et</em></span> <span class='ocrx_word' id='word_1_149' title='bbox 651 1397 863 1427; x_wconf 82' lang='lat' dir='ltr'>meditatum.</span> 
     </span>
     <span class='ocr_line' id='line_1_29' title="bbox 141 1441 863 1475; baseline -0.008 0"><span class='ocrx_word' id='word_1_150' title='bbox 141 1446 248 1475; x_wconf 83' lang='lat' dir='ltr'>Graev.</span> <span class='ocrx_word' id='word_1_151' title='bbox 279 1453 296 1473; x_wconf 90' lang='lat' dir='ltr'><em>e</em></span> <span class='ocrx_word' id='word_1_152' title='bbox 332 1443 448 1472; x_wconf 77' lang='lat' dir='ltr'><em>Franc.</em></span> <span class='ocrx_word' id='word_1_153' title='bbox 480 1441 626 1471; x_wconf 83' lang='lat' dir='ltr'>malebat</span> <span class='ocrx_word' id='word_1_154' title='bbox 652 1445 863 1470; x_wconf 83' lang='lat' dir='ltr'><em>concoctum.</em></span> 
     </span>
     <span class='ocr_line' id='line_1_30' title="bbox 141 1485 866 1524; baseline -0.01 -5"><span class='ocrx_word' id='word_1_155' title='bbox 141 1489 205 1519; x_wconf 82' lang='lat' dir='ltr'><em>Sed</em></span> <span class='ocrx_word' id='word_1_156' title='bbox 216 1498 245 1518; x_wconf 90' lang='lat' dir='ltr'><em>v.</em></span> <span class='ocrx_word' id='word_1_157' title='bbox 263 1495 478 1524; x_wconf 78' lang='lat' dir='ltr'><em>concoquere.</em></span> <span class='ocrx_word' id='word_1_158' title='bbox 495 1485 574 1514; x_wconf 84' lang='lat' dir='ltr'><em>hinc</em></span> <span class='ocrx_word' id='word_1_159' title='bbox 585 1494 644 1524; x_wconf 81' lang='lat' dir='ltr'><em>pro</em></span> <span class='ocrx_word' id='word_1_160' title='bbox 660 1493 866 1522; x_wconf 86' lang='lat' dir='ltr'><em>consequen-</em></span> 
     </span>
     <span class='ocr_line' id='line_1_31' title="bbox 140 1527 866 1571; baseline -0.007 -10"><span class='ocrx_word' id='word_1_161' title='bbox 140 1537 175 1561; x_wconf 88' lang='lat' dir='ltr'><em>te</em></span> <span class='ocrx_word' id='word_1_162' title='bbox 189 1531 341 1571; x_wconf 82' lang='lat' dir='ltr'><em>ponitur,</em></span> <span class='ocrx_word' id='word_1_163' title='bbox 354 1529 386 1559; x_wconf 90' lang='lat' dir='ltr'><em>h.</em></span> <span class='ocrx_word' id='word_1_164' title='bbox 404 1540 434 1559; x_wconf 89' lang='lat' dir='ltr'><em>e.</em></span> <span class='ocrx_word' id='word_1_165' title='bbox 449 1539 507 1569; x_wconf 90' lang='lat' dir='ltr'><em>pro</em></span> <span class='ocrx_word' id='word_1_166' title='bbox 524 1529 595 1568; x_wconf 88' lang='lat' dir='ltr'>ipso</span> <span class='ocrx_word' id='word_1_167' title='bbox 611 1527 711 1558; x_wconf 86' lang='lat' dir='ltr'><em>facto.</em></span> <span class='ocrx_word' id='word_1_168' title='bbox 727 1527 866 1557; x_wconf 83' lang='lat' dir='ltr'><em>Tuscul.</em></span> 
     </span>
     <span class='ocr_line' id='line_1_32' title="bbox 142 1570 865 1613; baseline -0.007 -8"><span class='ocrx_word' id='word_1_169' title='bbox 142 1576 164 1605; x_wconf 91' lang='lat' dir='ltr'><em>i.</em></span> <span class='ocrx_word' id='word_1_170' title='bbox 183 1578 234 1605; x_wconf 87' lang='lat'>30.</span> <span class='ocrx_word' id='word_1_171' title='bbox 250 1575 307 1613; x_wconf 88' lang='lat' dir='ltr'><em>qui</em></span> <span class='ocrx_word' id='word_1_172' title='bbox 324 1573 455 1603; x_wconf 78' lang='lat' dir='ltr'>fraudes</span> <span class='ocrx_word' id='word_1_173' title='bbox 472 1573 679 1611; x_wconf 76' lang='lat' dir='ltr'><em>conceperint.</em></span> <span class='ocrx_word' id='word_1_174' title='bbox 702 1570 721 1588; x_wconf 67' lang='lat'><em>⁵*</em></span> <span class='ocrx_word' id='word_1_175' title='bbox 733 1572 865 1610; x_wconf 77' lang='lat' dir='ltr'><em>concipi,</em></span> 
     </span>
     <span class='ocr_line' id='line_1_33' title="bbox 142 1615 866 1659; baseline -0.007 -11"><span class='ocrx_word' id='word_1_176' title='bbox 142 1628 200 1659; x_wconf 84' lang='lat' dir='ltr'><em>pro</em></span> <span class='ocrx_word' id='word_1_177' title='bbox 217 1618 304 1648; x_wconf 89' lang='lat' dir='ltr'>oriri.</span> <span class='ocrx_word' id='word_1_178' title='bbox 329 1616 409 1647; x_wconf 84' lang='lat' dir='ltr'>Nat.</span> <span class='ocrx_word' id='word_1_179' title='bbox 424 1617 526 1647; x_wconf 86' lang='lat' dir='ltr'><em>Deor.</em></span> <span class='ocrx_word' id='word_1_180' title='bbox 551 1615 598 1645; x_wconf 90' lang='lat' dir='ltr'>iii.</span> <span class='ocrx_word' id='word_1_181' title='bbox 625 1617 678 1646; x_wconf 79' lang='lat'><em>38.</em></span> <span class='ocrx_word' id='word_1_182' title='bbox 701 1619 866 1654; x_wconf 72' lang='lat' dir='ltr'><em>conceptus</em></span> 
     </span>
     <span class='ocr_line' id='line_1_34' title="bbox 141 1657 864 1702; baseline -0.008 -10"><span class='ocrx_word' id='word_1_183' title='bbox 141 1673 162 1692; x_wconf 81' lang='lat' dir='ltr'>a</span> <span class='ocrx_word' id='word_1_184' title='bbox 176 1662 296 1702; x_wconf 31' lang='lat' dir='ltr'>seripse</span> <span class='ocrx_word' id='word_1_185' title='bbox 323 1660 429 1698; x_wconf 88' lang='lat' dir='ltr'><em>dolor,</em></span> <span class='ocrx_word' id='word_1_186' title='bbox 445 1659 627 1699; x_wconf 84' lang='lat' dir='ltr'><em>opponitur</em></span> <span class='ocrx_word' id='word_1_187' title='bbox 652 1658 800 1688; x_wconf 80' lang='lat' dir='ltr'>immisso</span> <span class='ocrx_word' id='word_1_188' title='bbox 817 1657 864 1687; x_wconf 83' lang='lat' dir='ltr'><em>di-</em></span> 
     </span>
     <span class='ocr_line' id='line_1_35' title="bbox 141 1701 863 1735; baseline -0.007 0"><span class='ocrx_word' id='word_1_189' title='bbox 141 1704 278 1735; x_wconf 72' lang='lat' dir='ltr'>vinitus.</span> <span class='ocrx_word' id='word_1_190' title='bbox 301 1704 320 1722; x_wconf 38' lang='grc' dir='ltr'><strong>ἢ</strong></span> <span class='ocrx_word' id='word_1_191' title='bbox 337 1703 543 1734; x_wconf 82' lang='lat' dir='ltr'><em>contrahere.</em></span> <span class='ocrx_word' id='word_1_192' title='bbox 573 1703 647 1733; x_wconf 88' lang='lat' dir='ltr'><em>Act.</em></span> <span class='ocrx_word' id='word_1_193' title='bbox 667 1701 687 1731; x_wconf 93' lang='lat' dir='ltr'><em>i.</em></span> <span class='ocrx_word' id='word_1_194' title='bbox 712 1702 746 1731; x_wconf 87' lang='lat' dir='ltr'><em>in</em></span> <span class='ocrx_word' id='word_1_195' title='bbox 771 1701 863 1731; x_wconf 85' lang='lat' dir='ltr'><em>Vcrr.</em></span> 
     </span>
     <span class='ocr_line' id='line_1_36' title="bbox 144 1744 776 1788; baseline -0.009 -8"><span class='ocrx_word' id='word_1_196' title='bbox 144 1750 194 1780; x_wconf 83' lang='lat'><em>16.</em></span> <span class='ocrx_word' id='word_1_197' title='bbox 215 1752 364 1788; x_wconf 67' lang='lat' dir='ltr'><em>concepta</em></span> <span class='ocrx_word' id='word_1_198' title='bbox 375 1747 453 1777; x_wconf 87' lang='lat' dir='ltr'>huie</span> <span class='ocrx_word' id='word_1_199' title='bbox 468 1746 575 1776; x_wconf 85' lang='lat' dir='ltr'>ordini</span> <span class='ocrx_word' id='word_1_200' title='bbox 590 1744 776 1785; x_wconf 81' lang='lat' dir='ltr'>turpitudo.</span> 
     </span>
    </p>

    <p class='ocr_par' dir='ltr' id='par_1_8' title="bbox 141 1788 865 1873">
     <span class='ocr_line' id='line_1_37' title="bbox 189 1788 865 1827; baseline -0.009 -4"><span class='ocrx_word' id='word_1_201' title='bbox 189 1792 334 1823; x_wconf 63' lang='lat' dir='ltr'><em>(hm-isio.</em></span> <span class='ocrx_word' id='word_1_202' title='bbox 359 1791 477 1820; x_wconf 86' lang='lat' dir='ltr'>Partit.</span> <span class='ocrx_word' id='word_1_203' title='bbox 493 1791 523 1820; x_wconf 90' lang='grc'><em>6.</em></span> <span class='ocrx_word' id='word_1_204' title='bbox 549 1793 601 1819; x_wconf 87' lang='lat' dir='ltr'><em>est</em></span> <span class='ocrx_word' id='word_1_205' title='bbox 611 1789 718 1819; x_wconf 75' lang='lat' dir='ltr'><em>oratio</em></span> <span class='ocrx_word' id='word_1_206' title='bbox 739 1797 798 1827; x_wconf 88' lang='lat' dir='ltr'><em>per</em></span> <span class='ocrx_word' id='word_1_207' title='bbox 815 1788 865 1817; x_wconf 89' lang='lat' dir='ltr'><em>in-</em></span> 
     </span>
     <span class='ocr_line' id='line_1_38' title="bbox 141 1832 831 1873; baseline -0.007 -7"><span class='ocrx_word' id='word_1_208' title='bbox 141 1836 222 1873; x_wconf 84' lang='lat' dir='ltr'><em>cisa,</em></span> <span class='ocrx_word' id='word_1_209' title='bbox 238 1835 350 1865; x_wconf 82' lang='lat' dir='ltr'><em>caesim</em></span> <span class='ocrx_word' id='word_1_210' title='bbox 365 1834 457 1865; x_wconf 83' lang='lat' dir='ltr'><em>facta</em></span> <span class='ocrx_word' id='word_1_211' title='bbox 471 1833 523 1863; x_wconf 91' lang='lat' dir='ltr'><em>vel</em></span> <span class='ocrx_word' id='word_1_212' title='bbox 538 1832 621 1862; x_wconf 80' lang='lat' dir='ltr'>fusa.</span> <span class='ocrx_word' id='word_1_213' title='bbox 639 1832 680 1862; x_wconf 88' lang='lat' dir='ltr'><em>cf.</em></span> <span class='ocrx_word' id='word_1_214' title='bbox 704 1832 760 1862; x_wconf 90' lang='lat' dir='ltr'><em>Or.</em></span> <span class='ocrx_word' id='word_1_215' title='bbox 779 1832 831 1865; x_wconf 82' lang='lat'><em>67.</em></span> 
     </span>
    </p>

    <p class='ocr_par' dir='ltr' id='par_1_9' title="bbox 140 1875 863 2093">
     <span class='ocr_line' id='line_1_39' title="bbox 189 1875 863 1915; baseline -0.007 -6"><span class='ocrx_word' id='word_1_216' title='bbox 189 1879 344 1910; x_wconf 70' lang='lat' dir='ltr'><em>concisus.</em></span> <span class='ocrx_word' id='word_1_217' title='bbox 375 1878 433 1908; x_wconf 87' lang='lat' dir='ltr'><em>Or.</em></span> <span class='ocrx_word' id='word_1_218' title='bbox 466 1877 500 1907; x_wconf 89' lang='lat' dir='ltr'><em>ii.</em></span> <span class='ocrx_word' id='word_1_219' title='bbox 533 1879 583 1906; x_wconf 90' lang='lat'><em>14.</em></span> <span class='ocrx_word' id='word_1_220' title='bbox 620 1875 863 1915; x_wconf 84' lang='lat' dir='ltr'><em>disputationes</em></span> 
     </span>
     <span class='ocr_line' id='line_1_40' title="bbox 141 1919 863 1962; baseline -0.007 -9"><span class='ocrx_word' id='word_1_221' title='bbox 141 1927 294 1962; x_wconf 79' lang='lat' dir='ltr'>angustae</span> <span class='ocrx_word' id='word_1_222' title='bbox 316 1926 351 1952; x_wconf 90' lang='lat' dir='ltr'><em>et</em></span> <span class='ocrx_word' id='word_1_223' title='bbox 373 1922 515 1952; x_wconf 77' lang='lat' dir='ltr'><em>concisoe.</em></span> <span class='ocrx_word' id='word_1_224' title='bbox 549 1919 606 1950; x_wconf 84' lang='lat' dir='ltr'><em>Or.</em></span> <span class='ocrx_word' id='word_1_225' title='bbox 638 1922 686 1950; x_wconf 87' lang='lat'><em>13.</em></span> <span class='ocrx_word' id='word_1_226' title='bbox 723 1920 863 1948; x_wconf 79' lang='lat' dir='ltr'><em>concisus</em></span> 
     </span>
     <span class='ocr_line' id='line_1_41' title="bbox 141 1962 863 2002; baseline -0.008 -6"><span class='ocrx_word' id='word_1_227' title='bbox 141 1966 282 1996; x_wconf 87' lang='lat' dir='ltr'>minutis</span> <span class='ocrx_word' id='word_1_228' title='bbox 310 1965 470 2002; x_wconf 87' lang='lat' dir='ltr'>numeris,</span> <span class='ocrx_word' id='word_1_229' title='bbox 487 1965 508 1994; x_wconf 90' lang='lat' dir='ltr'><em>i.</em></span> <span class='ocrx_word' id='word_1_230' title='bbox 534 1973 564 1993; x_wconf 80' lang='lat' dir='ltr'><em>e.</em></span> <span class='ocrx_word' id='word_1_231' title='bbox 580 1967 679 1993; x_wconf 88' lang='lat' dir='ltr'>utens</span> <span class='ocrx_word' id='word_1_232' title='bbox 705 1962 863 1992; x_wconf 80' lang='lat' dir='ltr'>membris</span> 
     </span>
     <span class='ocr_line' id='line_1_42' title="bbox 140 2006 863 2046; baseline -0.008 -6"><span class='ocrx_word' id='word_1_233' title='bbox 140 2011 307 2046; x_wconf 77' lang='lat' dir='ltr'>brevibus,</span> <span class='ocrx_word' id='word_1_234' title='bbox 334 2009 397 2039; x_wconf 86' lang='lat' dir='ltr'>etsi</span> <span class='ocrx_word' id='word_1_235' title='bbox 423 2007 606 2039; x_wconf 85' lang='lat' dir='ltr'><em>numerosis</em></span> <span class='ocrx_word' id='word_1_236' title='bbox 643 2010 678 2036; x_wconf 83' lang='lat' dir='ltr'><em>et</em></span> <span class='ocrx_word' id='word_1_237' title='bbox 703 2006 863 2044; x_wconf 84' lang='lat' dir='ltr'>venustis,</span> 
     </span>
     <span class='ocr_line' id='line_1_43' title="bbox 142 2053 379 2093; baseline -0.008 -9"><span class='ocrx_word' id='word_1_238' title='bbox 142 2055 214 2084; x_wconf 86' lang='lat' dir='ltr'>sine</span> <span class='ocrx_word' id='word_1_239' title='bbox 226 2053 379 2093; x_wconf 86' lang='lat' dir='ltr'>periodis.</span> 
     </span>
    </p>

    <p class='ocr_par' dir='ltr' id='par_1_10' title="bbox 140 2093 864 2172">
     <span class='ocr_line' id='line_1_44' title="bbox 190 2093 864 2129; baseline -0.009 -1"><span class='ocrx_word' id='word_1_240' title='bbox 190 2097 372 2129; x_wconf 80' lang='lat' dir='ltr'><em>Concitatio.</em></span> <span class='ocrx_word' id='word_1_241' title='bbox 394 2096 494 2126; x_wconf 86' lang='lat' dir='ltr'><em>Tnsc.</em></span> <span class='ocrx_word' id='word_1_242' title='bbox 510 2105 540 2124; x_wconf 94' lang='lat' dir='ltr'><em>v.</em></span> <span class='ocrx_word' id='word_1_243' title='bbox 560 2097 608 2125; x_wconf 80' lang='lat'><em>15.</em></span> <span class='ocrx_word' id='word_1_244' title='bbox 628 2094 676 2124; x_wconf 88' lang='lat'><em>16.</em></span> <span class='ocrx_word' id='word_1_245' title='bbox 699 2093 864 2123; x_wconf 78' lang='lat' dir='ltr'><em>concitati-</em></span> 
     </span>
     <span class='ocr_line' id='line_1_45' title="bbox 140 2139 485 2172; baseline -0.009 0"><span class='ocrx_word' id='word_1_246' title='bbox 140 2151 213 2172; x_wconf 78' lang='lat' dir='ltr'><em>ones</em></span> <span class='ocrx_word' id='word_1_247' title='bbox 227 2141 330 2171; x_wconf 82' lang='lat' dir='ltr'>animi</span> <span class='ocrx_word' id='word_1_248' title='bbox 346 2152 352 2169; x_wconf 92' lang='lat'>:</span> <span class='ocrx_word' id='word_1_249' title='bbox 378 2139 485 2171; x_wconf 54' lang='lat' dir='ltr'><em>aisn.</em></span> 
     </span>
    </p>

    <p class='ocr_par' dir='ltr' id='par_1_11' title="bbox 142 2179 865 2268">
     <span class='ocr_line' id='line_1_46' title="bbox 189 2179 865 2216; baseline -0.01 0"><span class='ocrx_word' id='word_1_250' title='bbox 189 2185 334 2216; x_wconf 75' lang='lat' dir='ltr'><em>concitus</em></span> <span class='ocrx_word' id='word_1_251' title='bbox 350 2183 391 2213; x_wconf 85' lang='lat' dir='ltr'><em>ad</em></span> <span class='ocrx_word' id='word_1_252' title='bbox 408 2183 524 2212; x_wconf 82' lang='lat' dir='ltr'>rixam.</span> <span class='ocrx_word' id='word_1_253' title='bbox 549 2181 673 2211; x_wconf 87' lang='lat' dir='ltr'><em>Caecin.</em></span> <span class='ocrx_word' id='word_1_254' title='bbox 690 2184 722 2211; x_wconf 89' lang='lat'><em>5.</em></span> <span class='ocrx_word' id='word_1_255' title='bbox 752 2183 780 2210; x_wconf 93' lang='grc'><em>1.</em></span> <span class='ocrx_word' id='word_1_256' title='bbox 797 2179 865 2209; x_wconf 87' lang='lat' dir='ltr'>liti-</span> 
     </span>
     <span class='ocr_line' id='line_1_47' title="bbox 142 2228 421 2268; baseline -0.011 -9"><span class='ocrx_word' id='word_1_257' title='bbox 142 2229 265 2268; x_wconf 85' lang='lat' dir='ltr'>giosus,</span> <span class='ocrx_word' id='word_1_258' title='bbox 283 2228 421 2257; x_wconf 85' lang='lat' dir='ltr'>rixosus.</span> 
     </span>
    </p>

    <p class='ocr_par' dir='ltr' id='par_1_12' title="bbox 139 2267 864 2519">
     <span class='ocr_line' id='line_1_48' title="bbox 189 2267 863 2303; baseline -0.012 0"><span class='ocrx_word' id='word_1_259' title='bbox 189 2273 408 2303; x_wconf 81' lang='lat' dir='ltr'><em>Conclamare.</em></span> <span class='ocrx_word' id='word_1_260' title='bbox 446 2267 532 2299; x_wconf 93' lang='lat' dir='ltr'>Phil.</span> <span class='ocrx_word' id='word_1_261' title='bbox 560 2269 602 2298; x_wconf 89' lang='lat' dir='ltr'><em>vi.</em></span> <span class='ocrx_word' id='word_1_262' title='bbox 637 2271 664 2298; x_wconf 93' lang='lat'><em>1.</em></span> <span class='ocrx_word' id='word_1_263' title='bbox 701 2277 779 2297; x_wconf 77' lang='lat' dir='ltr'><em>cuni</em></span> <span class='ocrx_word' id='word_1_264' title='bbox 808 2276 863 2296; x_wconf 90' lang='lat' dir='ltr'><em>vos</em></span> 
     </span>
     <span class='ocr_line' id='line_1_49' title="bbox 144 2312 862 2357; baseline -0.01 -11"><span class='ocrx_word' id='word_1_265' title='bbox 144 2316 198 2357; x_wconf 86' lang='lat' dir='ltr'><em>(de</em></span> <span class='ocrx_word' id='word_1_266' title='bbox 212 2314 348 2356; x_wconf 86' lang='lat' dir='ltr'><em>populo)</em></span> <span class='ocrx_word' id='word_1_267' title='bbox 367 2312 512 2344; x_wconf 87' lang='lat' dir='ltr'>universi</span> <span class='ocrx_word' id='word_1_268' title='bbox 536 2322 606 2342; x_wconf 84' lang='lat' dir='ltr'><em>una</em></span> <span class='ocrx_word' id='word_1_269' title='bbox 621 2315 735 2341; x_wconf 89' lang='lat' dir='ltr'>mente</span> <span class='ocrx_word' id='word_1_270' title='bbox 762 2314 862 2349; x_wconf 80' lang='lat' dir='ltr'>atque</span> 
     </span>
     <span class='ocr_line' id='line_1_50' title="bbox 140 2359 861 2390; baseline -0.011 0"><span class='ocrx_word' id='word_1_271' title='bbox 140 2369 219 2390; x_wconf 87' lang='lat' dir='ltr'><em>voce</em></span> <span class='ocrx_word' id='word_1_272' title='bbox 254 2360 377 2388; x_wconf 85' lang='lat' dir='ltr'>iterum</span> <span class='ocrx_word' id='word_1_273' title='bbox 401 2367 421 2386; x_wconf 88' lang='lat' dir='ltr'><em>a</em></span> <span class='ocrx_word' id='word_1_274' title='bbox 443 2366 496 2386; x_wconf 90' lang='lat' dir='ltr'><em>me</em></span> <span class='ocrx_word' id='word_1_275' title='bbox 537 2359 766 2385; x_wconf 82' lang='lat' dir='ltr'>conservatam</span> <span class='ocrx_word' id='word_1_276' title='bbox 791 2363 861 2383; x_wconf 86' lang='lat' dir='ltr'>esse</span> 
     </span>
     <span class='ocr_line' id='line_1_51' title="bbox 139 2397 864 2442; baseline -0.01 -9"><span class='ocrx_word' id='word_1_277' title='bbox 139 2412 245 2442; x_wconf 89' lang='lat' dir='ltr'><em>remp.</em></span> <span class='ocrx_word' id='word_1_278' title='bbox 261 2401 495 2432; x_wconf 71' lang='lat' dir='ltr'><em>conclamastis.</em></span> <span class='ocrx_word' id='word_1_279' title='bbox 518 2399 625 2429; x_wconf 84' lang='lat' dir='ltr'><em>Flacc.</em></span> <span class='ocrx_word' id='word_1_280' title='bbox 641 2402 672 2432; x_wconf 87' lang='lat'><em>7.</em></span> <span class='ocrx_word' id='word_1_281' title='bbox 695 2397 783 2436; x_wconf 92' lang='lat' dir='ltr'>quod</span> <span class='ocrx_word' id='word_1_282' title='bbox 799 2397 864 2426; x_wconf 91' lang='lat' dir='ltr'><em>Mi-</em></span> 
     </span>
     <span class='ocr_line' id='line_1_52' title="bbox 139 2441 862 2480; baseline -0.01 -4"><span class='ocrx_word' id='word_1_283' title='bbox 139 2446 381 2476; x_wconf 81' lang='lat' dir='ltr'>thridates—se</span> <span class='ocrx_word' id='word_1_284' title='bbox 400 2443 485 2473; x_wconf 76' lang='lat' dir='ltr'>velle</span> <span class='ocrx_word' id='word_1_285' title='bbox 502 2443 597 2480; x_wconf 85' lang='lat' dir='ltr'>dixit,</span> <span class='ocrx_word' id='word_1_286' title='bbox 616 2441 649 2472; x_wconf 92' lang='lat' dir='ltr'><em>id</em></span> <span class='ocrx_word' id='word_1_287' title='bbox 673 2445 802 2471; x_wconf 89' lang='lat' dir='ltr'>sutores</span> <span class='ocrx_word' id='word_1_288' title='bbox 827 2445 862 2470; x_wconf 88' lang='lat' dir='ltr'><em>et</em></span> 
     </span>
     <span class='ocr_line' id='line_1_53' title="bbox 140 2490 537 2519; baseline -0.008 0"><span class='ocrx_word' id='word_1_289' title='bbox 140 2490 267 2519; x_wconf 87' lang='lat' dir='ltr'>zonarii</span> <span class='ocrx_word' id='word_1_290' title='bbox 282 2490 537 2518; x_wconf 75' lang='lat' dir='ltr'><em>conclamarunt.</em></span> 
     </span>
    </p>

    <p class='ocr_par' dir='ltr' id='par_1_13' title="bbox 140 2529 865 2790">
     <span class='ocr_line' id='line_1_54' title="bbox 189 2529 862 2563; baseline -0.009 0"><span class='ocrx_word' id='word_1_291' title='bbox 189 2532 391 2563; x_wconf 77' lang='lat' dir='ltr'><em>Concludere.</em></span> <span class='ocrx_word' id='word_1_292' title='bbox 415 2531 525 2561; x_wconf 85' lang='lat' dir='ltr'>Div.i.</span> <span class='ocrx_word' id='word_1_293' title='bbox 539 2531 592 2561; x_wconf 69' lang='lat'><em>32.</em></span> <span class='ocrx_word' id='word_1_294' title='bbox 616 2529 781 2559; x_wconf 85' lang='lat' dir='ltr'>rationem</span> <span class='ocrx_word' id='word_1_295' title='bbox 790 2537 862 2558; x_wconf 86' lang='lat' dir='ltr'><em>con-</em></span> 
     </span>
     <span class='ocr_line' id='line_1_55' title="bbox 140 2572 863 2607; baseline -0.01 0"><span class='ocrx_word' id='word_1_296' title='bbox 140 2577 277 2607; x_wconf 82' lang='lat' dir='ltr'><em>cludere.</em></span> <span class='ocrx_word' id='word_1_297' title='bbox 303 2575 359 2605; x_wconf 91' lang='lat' dir='ltr'><em>Or.</em></span> <span class='ocrx_word' id='word_1_298' title='bbox 377 2577 428 2606; x_wconf 88' lang='lat'><em>51.</em></span> <span class='ocrx_word' id='word_1_299' title='bbox 451 2573 602 2604; x_wconf 88' lang='lat' dir='ltr'>absolute</span> <span class='ocrx_word' id='word_1_300' title='bbox 618 2572 863 2602; x_wconf 76' lang='lat' dir='ltr'><em>concluderetur</em></span> 
     </span>
     <span class='ocr_line' id='line_1_56' title="bbox 141 2615 861 2650; baseline -0.008 0"><span class='ocrx_word' id='word_1_301' title='bbox 141 2620 260 2650; x_wconf 85' lang='lat' dir='ltr'><em>oratio.</em></span> <span class='ocrx_word' id='word_1_302' title='bbox 286 2629 315 2648; x_wconf 91' lang='lat' dir='ltr'><em>v.</em></span> <span class='ocrx_word' id='word_1_303' title='bbox 337 2617 497 2648; x_wconf 85' lang='lat' dir='ltr'>absolute.</span> <span class='ocrx_word' id='word_1_304' title='bbox 514 2617 580 2646; x_wconf 89' lang='lat' dir='ltr'>vid.</span> <span class='ocrx_word' id='word_1_305' title='bbox 593 2621 627 2646; x_wconf 87' lang='lat' dir='ltr'><em>et</em></span> <span class='ocrx_word' id='word_1_306' title='bbox 644 2616 685 2646; x_wconf 87' lang='lat' dir='ltr'><em>ad</em></span> <span class='ocrx_word' id='word_1_307' title='bbox 711 2616 787 2646; x_wconf 84' lang='lat' dir='ltr'>Div.</span> <span class='ocrx_word' id='word_1_308' title='bbox 804 2615 861 2645; x_wconf 81' lang='lat' dir='ltr'>xii.</span> 
     </span>
     <span class='ocr_line' id='line_1_57' title="bbox 144 2659 865 2697; baseline -0.008 -4"><span class='ocrx_word' id='word_1_309' title='bbox 144 2664 194 2694; x_wconf 86' lang='lat'><em>16.</em></span> <span class='ocrx_word' id='word_1_310' title='bbox 216 2667 251 2692; x_wconf 82' lang='lat' dir='ltr'><em>et</em></span> <span class='ocrx_word' id='word_1_311' title='bbox 265 2662 310 2691; x_wconf 85' lang='lat' dir='ltr'><em>ibi</em></span> <span class='ocrx_word' id='word_1_312' title='bbox 327 2666 396 2691; x_wconf 87' lang='lat' dir='ltr'><em>not.</em></span> <span class='ocrx_word' id='word_1_313' title='bbox 432 2661 451 2679; x_wconf 42' lang='grc' dir='ltr'><em>*ι</em></span> <span class='ocrx_word' id='word_1_314' title='bbox 466 2660 568 2691; x_wconf 85' lang='lat' dir='ltr'><em>Acad.</em></span> <span class='ocrx_word' id='word_1_315' title='bbox 585 2660 627 2690; x_wconf 82' lang='lat' dir='ltr'><em>iv.</em></span> <span class='ocrx_word' id='word_1_316' title='bbox 645 2659 697 2691; x_wconf 73' lang='lat'><em>26.</em></span> <span class='ocrx_word' id='word_1_317' title='bbox 720 2663 865 2697; x_wconf 83' lang='lat' dir='ltr'><em>quatuor</em></span> 
     </span>
     <span class='ocr_line' id='line_1_58' title="bbox 140 2702 861 2745; baseline -0.008 -8"><span class='ocrx_word' id='word_1_318' title='bbox 140 2714 221 2738; x_wconf 73' lang='lat' dir='ltr'><em>nunt</em></span> <span class='ocrx_word' id='word_1_319' title='bbox 235 2706 358 2745; x_wconf 82' lang='lat' dir='ltr'><em>capita,</em></span> <span class='ocrx_word' id='word_1_320' title='bbox 375 2714 448 2743; x_wconf 84' lang='lat' dir='ltr'><em>quae</em></span> <span class='ocrx_word' id='word_1_321' title='bbox 463 2704 669 2740; x_wconf 79' lang='lat' dir='ltr'><em>concludant,</em></span> <span class='ocrx_word' id='word_1_322' title='bbox 682 2702 766 2732; x_wconf 88' lang='lat' dir='ltr'>nihil</span> <span class='ocrx_word' id='word_1_323' title='bbox 778 2711 861 2739; x_wconf 85' lang='lat' dir='ltr'>esse,</span> 
     </span>
     <span class='ocr_line' id='line_1_59' title="bbox 141 2748 501 2790; baseline -0.011 -9"><span class='ocrx_word' id='word_1_324' title='bbox 141 2750 231 2790; x_wconf 85' lang='lat' dir='ltr'>quod</span> <span class='ocrx_word' id='word_1_325' title='bbox 246 2749 370 2789; x_wconf 81' lang='lat' dir='ltr'><em>percipi</em></span> <span class='ocrx_word' id='word_1_326' title='bbox 387 2748 501 2787; x_wconf 85' lang='lat' dir='ltr'>possit.</span> 
     </span>
    </p>

    <p class='ocr_par' dir='ltr' id='par_1_14' title="bbox 139 2792 862 2919">
     <span class='ocr_line' id='line_1_60' title="bbox 190 2792 862 2828; baseline -0.009 -5"><span class='ocrx_word' id='word_1_327' title='bbox 190 2794 349 2825; x_wconf 79' lang='lat' dir='ltr'><em>Conclusc.</em></span> <span class='ocrx_word' id='word_1_328' title='bbox 372 2792 429 2821; x_wconf 88' lang='lat' dir='ltr'><em>Or.</em></span> <span class='ocrx_word' id='word_1_329' title='bbox 462 2794 515 2822; x_wconf 84' lang='lat'><em>53.</em></span> <span class='ocrx_word' id='word_1_330' title='bbox 545 2792 689 2821; x_wconf 80' lang='lat' dir='ltr'><em>concluse</em></span> <span class='ocrx_word' id='word_1_331' title='bbox 718 2792 862 2828; x_wconf 82' lang='lat' dir='ltr'>apteque</span> 
     </span>
     <span class='ocr_line' id='line_1_61' title="bbox 142 2832 862 2868; baseline -0.007 -1"><span class='ocrx_word' id='word_1_332' title='bbox 142 2838 250 2868; x_wconf 86' lang='lat' dir='ltr'><em>dicere</em></span> <span class='ocrx_word' id='word_1_333' title='bbox 264 2847 271 2864; x_wconf 75' lang='lat' dir='ltr'><strong><em>z</em></strong></span> <span class='ocrx_word' id='word_1_334' title='bbox 307 2835 344 2864; x_wconf 81' lang='lat' dir='ltr'><em>de</em></span> <span class='ocrx_word' id='word_1_335' title='bbox 362 2844 539 2865; x_wconf 84' lang='lat' dir='ltr'><em>numerosa</em></span> <span class='ocrx_word' id='word_1_336' title='bbox 554 2835 702 2864; x_wconf 85' lang='lat' dir='ltr'><em>oratione</em></span> <span class='ocrx_word' id='word_1_337' title='bbox 720 2834 754 2863; x_wconf 88' lang='lat' dir='ltr'><em>in</em></span> <span class='ocrx_word' id='word_1_338' title='bbox 771 2832 862 2862; x_wconf 81' lang='lat' dir='ltr'><em>clau-</em></span> 
     </span>
     <span class='ocr_line' id='line_1_62' title="bbox 139 2878 459 2919; baseline -0.016 -7"><span class='ocrx_word' id='word_1_339' title='bbox 139 2881 221 2912; x_wconf 72' lang='lat' dir='ltr'>sulis</span> <span class='ocrx_word' id='word_1_340' title='bbox 238 2878 459 2919; x_wconf 82' lang='lat' dir='ltr'>periodorum.</span> 
     </span>
    </p>

    <p class='ocr_par' dir='ltr' id='par_1_15' title="bbox 139 2920 868 3006">
     <span class='ocr_line' id='line_1_63' title="bbox 191 2920 860 2954; baseline -0.007 -1"><span class='ocrx_word' id='word_1_341' title='bbox 191 2923 360 2954; x_wconf 76' lang='lat' dir='ltr'><em>Conclusio.</em></span> <span class='ocrx_word' id='word_1_342' title='bbox 384 2921 440 2951; x_wconf 90' lang='lat' dir='ltr'><em>Or.</em></span> <span class='ocrx_word' id='word_1_343' title='bbox 468 2922 501 2950; x_wconf 90' lang='lat' dir='ltr'><em>ii.</em></span> <span class='ocrx_word' id='word_1_344' title='bbox 525 2924 555 2951; x_wconf 78' lang='lat'><em>8.</em></span> <span class='ocrx_word' id='word_1_345' title='bbox 578 2920 733 2950; x_wconf 77' lang='lat' dir='ltr'><em>conclusio</em></span> <span class='ocrx_word' id='word_1_346' title='bbox 749 2920 860 2949; x_wconf 87' lang='lat' dir='ltr'>verbo-</span> 
     </span>
     <span class='ocr_line' id='line_1_64' title="bbox 139 2963 868 3006; baseline -0.01 -6"><span class='ocrx_word' id='word_1_347' title='bbox 139 2978 228 3005; x_wconf 83' lang='lat' dir='ltr'><em>rum,</em></span> <span class='ocrx_word' id='word_1_348' title='bbox 245 2971 294 2996; x_wconf 80' lang='lat' dir='ltr'><em>est</em></span> <span class='ocrx_word' id='word_1_349' title='bbox 308 2964 474 3006; x_wconf 71' lang='lat' dir='ltr'>periodus,</span> <span class='ocrx_word' id='word_1_350' title='bbox 494 2965 526 2994; x_wconf 89' lang='lat' dir='ltr'><em>in</em></span> <span class='ocrx_word' id='word_1_351' title='bbox 544 2974 610 3003; x_wconf 79' lang='lat' dir='ltr'><em>qua</em></span> <span class='ocrx_word' id='word_1_352' title='bbox 625 2963 725 2994; x_wconf 82' lang='lat' dir='ltr'>verba</span> <span class='ocrx_word' id='word_1_353' title='bbox 742 2972 844 2993; x_wconf 80' lang='lat' dir='ltr'><em>nume</em></span> <span class='ocrx_word' id='word_1_354' title='bbox 855 2981 868 2986; x_wconf 99' lang='lat'>-</span> 
     </span>
    </p>
   </div>
   <div class='ocr_carea' id='block_1_3' title="bbox 659 179 1131 212">
    <p class='ocr_par' dir='ltr' id='par_1_16' title="bbox 659 179 1131 212">
     <span class='ocr_line' id='line_1_65' title="bbox 659 179 1131 212; baseline -0.006 -2"><span class='ocrx_word' id='word_1_355' title='bbox 659 181 674 210; x_wconf 83' lang='lat'>1</span> <span class='ocrx_word' id='word_1_356' title='bbox 681 181 806 212; x_wconf 82' lang='lat' dir='ltr'>NDEX</span> <span class='ocrx_word' id='word_1_357' title='bbox 835 179 1131 209; x_wconf 80' lang='lat' dir='ltr'>LATINITATIS.</span> 
     </span>
    </p>
   </div>
   <div class='ocr_carea' id='block_1_4' title="bbox 906 266 1636 2044">
    <p class='ocr_par' dir='ltr' id='par_1_17' title="bbox 908 266 1635 480">
     <span class='ocr_line' id='line_1_66' title="bbox 909 266 1634 301; baseline 0.004 -3"><span class='ocrx_word' id='word_1_358' title='bbox 909 278 980 298; x_wconf 85' lang='lat' dir='ltr'>rose</span> <span class='ocrx_word' id='word_1_359' title='bbox 1013 266 1178 297; x_wconf 80' lang='lat' dir='ltr'><em>collocata</em></span> <span class='ocrx_word' id='word_1_360' title='bbox 1199 269 1291 297; x_wconf 83' lang='lat' dir='ltr'><em>sunt.</em></span> <span class='ocrx_word' id='word_1_361' title='bbox 1324 266 1366 297; x_wconf 82' lang='lat' dir='ltr'><em>cf.</em></span> <span class='ocrx_word' id='word_1_362' title='bbox 1398 267 1477 299; x_wconf 89' lang='lat' dir='ltr'>ibid.</span> <span class='ocrx_word' id='word_1_363' title='bbox 1508 269 1556 300; x_wconf 88' lang='lat' dir='ltr'>iii.</span> <span class='ocrx_word' id='word_1_364' title='bbox 1579 270 1634 301; x_wconf 79' lang='lat'><em>44.</em></span> 
     </span>
     <span class='ocr_line' id='line_1_67' title="bbox 910 311 1634 350; baseline 0.003 -9"><span class='ocrx_word' id='word_1_365' title='bbox 910 312 967 341; x_wconf 90' lang='lat' dir='ltr'><em>Or.</em></span> <span class='ocrx_word' id='word_1_366' title='bbox 1000 314 1052 342; x_wconf 84' lang='lat'><em>50.</em></span> <span class='ocrx_word' id='word_1_367' title='bbox 1097 311 1253 341; x_wconf 79' lang='lat' dir='ltr'><em>conclusio</em></span> <span class='ocrx_word' id='word_1_368' title='bbox 1289 311 1531 342; x_wconf 78' lang='lat' dir='ltr'>sententiarum</span> <span class='ocrx_word' id='word_1_369' title='bbox 1569 318 1634 350; x_wconf 82' lang='lat' dir='ltr'>est,</span> 
     </span>
     <span class='ocr_line' id='line_1_68' title="bbox 909 354 1635 396; baseline 0.004 -12"><span class='ocrx_word' id='word_1_370' title='bbox 909 365 986 385; x_wconf 90' lang='lat' dir='ltr'><em>cum</em></span> <span class='ocrx_word' id='word_1_371' title='bbox 1010 355 1188 384; x_wconf 62' lang='lat' dir='ltr'>sententiae</span> <span class='ocrx_word' id='word_1_372' title='bbox 1211 357 1291 393; x_wconf 83' lang='lat' dir='ltr'><em>apta</em></span> <span class='ocrx_word' id='word_1_373' title='bbox 1322 354 1456 394; x_wconf 88' lang='lat' dir='ltr'>periodo</span> <span class='ocrx_word' id='word_1_374' title='bbox 1483 365 1635 396; x_wconf 87' lang='lat' dir='ltr'><em>compre-</em></span> 
     </span>
     <span class='ocr_line' id='line_1_69' title="bbox 909 397 1633 438; baseline 0.003 -10"><span class='ocrx_word' id='word_1_375' title='bbox 909 397 1114 428; x_wconf 84' lang='lat' dir='ltr'><em>henduntur.</em></span> <span class='ocrx_word' id='word_1_376' title='bbox 1140 397 1209 427; x_wconf 88' lang='lat' dir='ltr'><em>lnv.</em></span> <span class='ocrx_word' id='word_1_377' title='bbox 1227 398 1246 426; x_wconf 92' lang='lat' dir='ltr'><em>i.</em></span> <span class='ocrx_word' id='word_1_378' title='bbox 1264 400 1316 431; x_wconf 70' lang='grc'><strong>29.</strong></span> <span class='ocrx_word' id='word_1_379' title='bbox 1350 397 1489 438; x_wconf 85' lang='lat' dir='ltr'>simplex</span> <span class='ocrx_word' id='word_1_380' title='bbox 1506 402 1633 430; x_wconf 79' lang='lat' dir='ltr'><em>conclu-</em></span> 
     </span>
     <span class='ocr_line' id='line_1_70' title="bbox 908 440 1147 480; baseline 0 -10"><span class='ocrx_word' id='word_1_381' title='bbox 908 442 965 479; x_wconf 81' lang='lat' dir='ltr'>sio,</span> <span class='ocrx_word' id='word_1_382' title='bbox 984 440 1063 480; x_wconf 84' lang='lat' dir='ltr'>quid</span> <span class='ocrx_word' id='word_1_383' title='bbox 1079 441 1122 470; x_wconf 83' lang='lat' dir='ltr'><em>sit</em></span> <span class='ocrx_word' id='word_1_384' title='bbox 1136 441 1147 471; x_wconf 80' lang='lat'><em>.³</em></span> 
     </span>
    </p>

    <p class='ocr_par' dir='ltr' id='par_1_18' title="bbox 909 483 1636 601">
     <span class='ocr_line' id='line_1_71' title="bbox 958 483 1636 516; baseline 0 -2"><span class='ocrx_word' id='word_1_385' title='bbox 958 484 1237 514; x_wconf 72' lang='lat' dir='ltr'><em>Conclusicmcula.</em></span> <span class='ocrx_word' id='word_1_386' title='bbox 1263 483 1363 514; x_wconf 85' lang='lat' dir='ltr'><em>Acad.</em></span> <span class='ocrx_word' id='word_1_387' title='bbox 1381 484 1421 514; x_wconf 88' lang='lat' dir='ltr'><em>iv.</em></span> <span class='ocrx_word' id='word_1_388' title='bbox 1435 486 1488 515; x_wconf 76' lang='lat'><em>24.</em></span> <span class='ocrx_word' id='word_1_389' title='bbox 1511 487 1636 516; x_wconf 77' lang='lat' dir='ltr'><em>conclu-</em></span> 
     </span>
     <span class='ocr_line' id='line_1_72' title="bbox 909 527 1634 558; baseline 0.001 -1"><span class='ocrx_word' id='word_1_390' title='bbox 909 528 1064 557; x_wconf 80' lang='lat' dir='ltr'><em>siunculoe</em></span> <span class='ocrx_word' id='word_1_391' title='bbox 1081 527 1224 558; x_wconf 76' lang='lat' dir='ltr'>fallaces.</span> <span class='ocrx_word' id='word_1_392' title='bbox 1247 527 1347 557; x_wconf 83' lang='lat' dir='ltr'><em>Tusc.</em></span> <span class='ocrx_word' id='word_1_393' title='bbox 1372 527 1404 557; x_wconf 91' lang='lat' dir='ltr'><em>ii.</em></span> <span class='ocrx_word' id='word_1_394' title='bbox 1436 531 1484 558; x_wconf 71' lang='lat'><em>18.</em></span> <span class='ocrx_word' id='word_1_395' title='bbox 1507 530 1634 558; x_wconf 83' lang='lat' dir='ltr'><em>conclu·</em></span> 
     </span>
     <span class='ocr_line' id='line_1_73' title="bbox 909 571 1461 601; baseline -0.002 0"><span class='ocrx_word' id='word_1_396' title='bbox 909 572 1067 601; x_wconf 69' lang='lat' dir='ltr'><em>sizmcaloe</em></span> <span class='ocrx_word' id='word_1_397' title='bbox 1078 575 1242 601; x_wconf 63' lang='lat' dir='ltr'><em>contortae</em></span> <span class='ocrx_word' id='word_1_398' title='bbox 1259 576 1294 601; x_wconf 87' lang='lat' dir='ltr'><em>et</em></span> <span class='ocrx_word' id='word_1_399' title='bbox 1311 571 1461 600; x_wconf 78' lang='lat' dir='ltr'>uiinutae.</span> 
     </span>
    </p>

    <p class='ocr_par' dir='ltr' id='par_1_19' title="bbox 910 614 1635 826">
     <span class='ocr_line' id='line_1_74' title="bbox 959 614 1633 652; baseline 0.001 -8"><span class='ocrx_word' id='word_1_400' title='bbox 959 614 1140 644; x_wconf 67' lang='lat' dir='ltr'><em>Cone-limus.</em></span> <span class='ocrx_word' id='word_1_401' title='bbox 1186 615 1243 644; x_wconf 90' lang='lat' dir='ltr'><em>Or.</em></span> <span class='ocrx_word' id='word_1_402' title='bbox 1268 617 1298 645; x_wconf 89' lang='lat'><em>5.</em></span> <span class='ocrx_word' id='word_1_403' title='bbox 1335 616 1484 645; x_wconf 79' lang='lat' dir='ltr'><em>conclusa</em></span> <span class='ocrx_word' id='word_1_404' title='bbox 1514 615 1633 652; x_wconf 89' lang='lat' dir='ltr'><em>oratio,</em></span> 
     </span>
     <span class='ocr_line' id='line_1_75' title="bbox 911 658 1634 694; baseline 0.001 -7"><span class='ocrx_word' id='word_1_405' title='bbox 911 661 963 687; x_wconf 88' lang='lat' dir='ltr'><em>est</em></span> <span class='ocrx_word' id='word_1_406' title='bbox 979 660 1120 694; x_wconf 81' lang='lat' dir='ltr'><em>structa,</em></span> <span class='ocrx_word' id='word_1_407' title='bbox 1139 666 1324 687; x_wconf 84' lang='lat' dir='ltr'><em>numerosa.</em></span> <span class='ocrx_word' id='word_1_408' title='bbox 1367 658 1424 687; x_wconf 90' lang='lat' dir='ltr'><em>Or.</em></span> <span class='ocrx_word' id='word_1_409' title='bbox 1441 658 1462 687; x_wconf 92' lang='lat' dir='ltr'><em>i.</em></span> <span class='ocrx_word' id='word_1_410' title='bbox 1479 660 1532 688; x_wconf 74' lang='lat'><em>42.</em></span> <span class='ocrx_word' id='word_1_411' title='bbox 1562 668 1634 688; x_wconf 87' lang='lat' dir='ltr'><em>con-</em></span> 
     </span>
     <span class='ocr_line' id='line_1_76' title="bbox 910 700 1634 739; baseline 0.001 -9"><span class='ocrx_word' id='word_1_412' title='bbox 910 702 1001 731; x_wconf 84' lang='lat' dir='ltr'><em>clusa</em></span> <span class='ocrx_word' id='word_1_413' title='bbox 1016 700 1143 730; x_wconf 76' lang='lat' dir='ltr'>artibus</span> <span class='ocrx_word' id='word_1_414' title='bbox 1160 700 1330 738; x_wconf 88' lang='lat' dir='ltr'><em>dicuntur,</em></span> <span class='ocrx_word' id='word_1_415' title='bbox 1347 711 1419 739; x_wconf 82' lang='lat' dir='ltr'><em>quae</em></span> <span class='ocrx_word' id='word_1_416' title='bbox 1437 701 1478 730; x_wconf 86' lang='lat' dir='ltr'><em>ad</em></span> <span class='ocrx_word' id='word_1_417' title='bbox 1491 701 1634 732; x_wconf 86' lang='lat' dir='ltr'><em>formam</em></span> 
     </span>
     <span class='ocr_line' id='line_1_77' title="bbox 911 743 1635 778; baseline 0.001 -4"><span class='ocrx_word' id='word_1_418' title='bbox 911 744 991 774; x_wconf 85' lang='lat' dir='ltr'>artis</span> <span class='ocrx_word' id='word_1_419' title='bbox 1008 743 1142 774; x_wconf 83' lang='lat' dir='ltr'><em>redacta</em></span> <span class='ocrx_word' id='word_1_420' title='bbox 1157 748 1248 773; x_wconf 90' lang='lat' dir='ltr'><em>sunt.</em></span> <span class='ocrx_word' id='word_1_421' title='bbox 1271 743 1363 774; x_wconf 81' lang='lat' dir='ltr'>verr.</span> <span class='ocrx_word' id='word_1_422' title='bbox 1381 745 1415 774; x_wconf 91' lang='lat' dir='ltr'><em>ii.</em></span> <span class='ocrx_word' id='word_1_423' title='bbox 1431 747 1483 775; x_wconf 76' lang='lat'><em>34.</em></span> <span class='ocrx_word' id='word_1_424' title='bbox 1506 744 1635 778; x_wconf 81' lang='lat' dir='ltr'><em>facinus</em></span> 
     </span>
     <span class='ocr_line' id='line_1_78' title="bbox 911 786 1568 826; baseline 0.003 -9"><span class='ocrx_word' id='word_1_425' title='bbox 911 787 1110 817; x_wconf 84' lang='lat' dir='ltr'><em>crudelitate</em></span> <span class='ocrx_word' id='word_1_426' title='bbox 1126 786 1312 826; x_wconf 79' lang='lat' dir='ltr'><em>perfectum</em></span> <span class='ocrx_word' id='word_1_427' title='bbox 1325 791 1361 817; x_wconf 82' lang='lat' dir='ltr'><em>et</em></span> <span class='ocrx_word' id='word_1_428' title='bbox 1375 790 1568 819; x_wconf 77' lang='lat' dir='ltr'><em>conclusum.</em></span> 
     </span>
    </p>

    <p class='ocr_par' dir='ltr' id='par_1_20' title="bbox 906 830 1636 2044">
     <span class='ocr_line' id='line_1_79' title="bbox 960 830 1633 870; baseline 0.003 -10"><span class='ocrx_word' id='word_1_429' title='bbox 960 831 1166 870; x_wconf 81' lang='lat' dir='ltr'><em>Concoquere,</em></span> <span class='ocrx_word' id='word_1_430' title='bbox 1184 830 1331 869; x_wconf 80' lang='lat' dir='ltr'><em>probare.</em></span> <span class='ocrx_word' id='word_1_431' title='bbox 1356 830 1398 860; x_wconf 66' lang='lat' dir='ltr'><em>ad</em></span> <span class='ocrx_word' id='word_1_432' title='bbox 1428 831 1503 862; x_wconf 90' lang='lat' dir='ltr'>Div.</span> <span class='ocrx_word' id='word_1_433' title='bbox 1530 832 1573 862; x_wconf 76' lang='lat' dir='ltr'><em>ix.</em></span> <span class='ocrx_word' id='word_1_434' title='bbox 1601 834 1633 862; x_wconf 88' lang='lat'><em>4.</em></span> 
     </span>
     <span class='ocr_line' id='line_1_80' title="bbox 911 873 1634 916; baseline 0.001 -12"><span class='ocrx_word' id='word_1_435' title='bbox 911 884 954 904; x_wconf 86' lang='lat' dir='ltr'><em>an</em></span> <span class='ocrx_word' id='word_1_436' title='bbox 978 874 1048 904; x_wconf 86' lang='lat' dir='ltr'><em>haec</em></span> <span class='ocrx_word' id='word_1_437' title='bbox 1072 873 1174 916; x_wconf 65' lang='grc' dir='ltr'><em>κρίσις,</em></span> <span class='ocrx_word' id='word_1_438' title='bbox 1198 883 1298 912; x_wconf 86' lang='lat' dir='ltr'><em>quam</em></span> <span class='ocrx_word' id='word_1_439' title='bbox 1329 878 1442 904; x_wconf 80' lang='lat' dir='ltr'>noster</span> <span class='ocrx_word' id='word_1_440' title='bbox 1468 874 1634 906; x_wconf 78' lang='lat' dir='ltr'>Diodotus</span> 
     </span>
     <span class='ocr_line' id='line_1_81' title="bbox 911 917 1634 957; baseline 0.001 -10"><span class='ocrx_word' id='word_1_441' title='bbox 911 928 978 947; x_wconf 91' lang='lat' dir='ltr'><em>non</em></span> <span class='ocrx_word' id='word_1_442' title='bbox 1001 918 1221 957; x_wconf 75' lang='lat' dir='ltr'><em>concoquebal,</em></span> <span class='ocrx_word' id='word_1_443' title='bbox 1247 917 1279 947; x_wconf 87' lang='lat' dir='ltr'><em>h.</em></span> <span class='ocrx_word' id='word_1_444' title='bbox 1303 927 1332 946; x_wconf 90' lang='lat' dir='ltr'><em>e.</em></span> <span class='ocrx_word' id='word_1_445' title='bbox 1358 927 1431 955; x_wconf 84' lang='lat' dir='ltr'><em>quae</em></span> <span class='ocrx_word' id='word_1_446' title='bbox 1453 917 1581 957; x_wconf 82' lang='lat' dir='ltr'>probari</span> <span class='ocrx_word' id='word_1_447' title='bbox 1603 919 1634 948; x_wconf 88' lang='lat' dir='ltr'><em>ei</em></span> 
     </span>
     <span class='ocr_line' id='line_1_82' title="bbox 912 960 1636 1000; baseline 0 -9"><span class='ocrx_word' id='word_1_448' title='bbox 912 971 978 991; x_wconf 91' lang='lat' dir='ltr'><em>non</em></span> <span class='ocrx_word' id='word_1_449' title='bbox 1002 965 1143 1000; x_wconf 87' lang='lat' dir='ltr'><em>poterat.</em></span> <span class='ocrx_word' id='word_1_450' title='bbox 1167 960 1186 978; x_wconf 67' lang='lat'><em>²⁷⁶</em></span> <span class='ocrx_word' id='word_1_451' title='bbox 1203 961 1299 990; x_wconf 84' lang='lat' dir='ltr'><em>Rosc.</em></span> <span class='ocrx_word' id='word_1_452' title='bbox 1316 960 1409 990; x_wconf 90' lang='lat' dir='ltr'><em>Com.</em></span> <span class='ocrx_word' id='word_1_453' title='bbox 1431 964 1478 991; x_wconf 86' lang='lat'><em>15.</em></span> <span class='ocrx_word' id='word_1_454' title='bbox 1502 961 1562 991; x_wconf 87' lang='lat' dir='ltr'>tibi</span> <span class='ocrx_word' id='word_1_455' title='bbox 1580 971 1636 991; x_wconf 91' lang='lat' dir='ltr'><em>ve-</em></span> 
     </span>
     <span class='ocr_line' id='line_1_83' title="bbox 912 1004 1634 1044; baseline -0.001 -9"><span class='ocrx_word' id='word_1_456' title='bbox 912 1014 948 1035; x_wconf 90' lang='lat' dir='ltr'><em>ro</em></span> <span class='ocrx_word' id='word_1_457' title='bbox 971 1004 1029 1034; x_wconf 84' lang='lat' dir='ltr'><em>diu</em></span> <span class='ocrx_word' id='word_1_458' title='bbox 1054 1004 1304 1034; x_wconf 80' lang='lat' dir='ltr'>deliberandum</span> <span class='ocrx_word' id='word_1_459' title='bbox 1330 1007 1364 1033; x_wconf 86' lang='lat' dir='ltr'><em>et</em></span> <span class='ocrx_word' id='word_1_460' title='bbox 1379 1005 1634 1044; x_wconf 80' lang='lat' dir='ltr'><em>concoquendum</em></span> 
     </span>
     <span class='ocr_line' id='line_1_84' title="bbox 908 1045 1634 1088; baseline 0 -10"><span class='ocrx_word' id='word_1_461' title='bbox 908 1045 973 1079; x_wconf 66' lang='lat' dir='ltr'>est.</span> <span class='ocrx_word' id='word_1_462' title='bbox 997 1047 1062 1077; x_wconf 89' lang='lat' dir='ltr'>Sed</span> <span class='ocrx_word' id='word_1_463' title='bbox 1087 1047 1234 1078; x_wconf 85' lang='lat' dir='ltr'>Graevius</span> <span class='ocrx_word' id='word_1_464' title='bbox 1250 1047 1429 1086; x_wconf 83' lang='lat' dir='ltr'>legendnm</span> <span class='ocrx_word' id='word_1_465' title='bbox 1453 1053 1564 1088; x_wconf 80' lang='lat' dir='ltr'>putat,</span> <span class='ocrx_word' id='word_1_466' title='bbox 1580 1058 1634 1078; x_wconf 91' lang='lat' dir='ltr'><em>co-</em></span> 
     </span>
     <span class='ocr_line' id='line_1_85' title="bbox 911 1091 1633 1130; baseline 0.001 -9"><span class='ocrx_word' id='word_1_467' title='bbox 911 1091 1080 1130; x_wconf 81' lang='lat' dir='ltr'>quendum</span> <span class='ocrx_word' id='word_1_468' title='bbox 1097 1103 1103 1120; x_wconf 88' lang='lat'>:</span> <span class='ocrx_word' id='word_1_469' title='bbox 1129 1091 1217 1130; x_wconf 83' lang='lat' dir='ltr'><em>quod</em></span> <span class='ocrx_word' id='word_1_470' title='bbox 1234 1101 1373 1130; x_wconf 83' lang='lat' dir='ltr'><em>coquere</em></span> <span class='ocrx_word' id='word_1_471' title='bbox 1392 1091 1531 1121; x_wconf 83' lang='lat' dir='ltr'><em>consilia</em></span> <span class='ocrx_word' id='word_1_472' title='bbox 1545 1091 1633 1122; x_wconf 84' lang='lat' dir='ltr'><em>dica-</em></span> 
     </span>
     <span class='ocr_line' id='line_1_86' title="bbox 910 1134 1631 1171; baseline -0.001 -5"><span class='ocrx_word' id='word_1_473' title='bbox 910 1140 968 1166; x_wconf 88' lang='lat' dir='ltr'><em>tur</em></span> <span class='ocrx_word' id='word_1_474' title='bbox 999 1134 1038 1165; x_wconf 87' lang='lat' dir='ltr'><em>de</em></span> <span class='ocrx_word' id='word_1_475' title='bbox 1078 1134 1383 1171; x_wconf 75' lang='lat' dir='ltr'>deliberationibus,</span> <span class='ocrx_word' id='word_1_476' title='bbox 1414 1144 1480 1164; x_wconf 90' lang='lat' dir='ltr'><em>non</em></span> <span class='ocrx_word' id='word_1_477' title='bbox 1518 1140 1631 1165; x_wconf 87' lang='lat' dir='ltr'>autem</span> 
     </span>
     <span class='ocr_line' id='line_1_87' title="bbox 911 1177 1633 1218; baseline 0 -10"><span class='ocrx_word' id='word_1_478' title='bbox 911 1188 1112 1218; x_wconf 83' lang='lat' dir='ltr'><em>concoquere,</em></span> <span class='ocrx_word' id='word_1_479' title='bbox 1137 1177 1224 1216; x_wconf 83' lang='lat' dir='ltr'><em>quod</em></span> <span class='ocrx_word' id='word_1_480' title='bbox 1245 1182 1296 1208; x_wconf 81' lang='lat' dir='ltr'>est.</span> <span class='ocrx_word' id='word_1_481' title='bbox 1322 1178 1470 1217; x_wconf 84' lang='lat' dir='ltr'><em>probare.</em></span> <span class='ocrx_word' id='word_1_482' title='bbox 1502 1178 1540 1209; x_wconf 85' lang='lat' dir='ltr'><em>ln</em></span> <span class='ocrx_word' id='word_1_483' title='bbox 1568 1188 1633 1217; x_wconf 83' lang='lat' dir='ltr'><em>quo</em></span> 
     </span>
     <span class='ocr_line' id='line_1_88' title="bbox 911 1221 1632 1252; baseline 0 0"><span class='ocrx_word' id='word_1_484' title='bbox 911 1223 971 1252; x_wconf 85' lang='lat' dir='ltr'>sibi</span> <span class='ocrx_word' id='word_1_485' title='bbox 997 1231 1063 1251; x_wconf 93' lang='lat' dir='ltr'><em>non</em></span> <span class='ocrx_word' id='word_1_486' title='bbox 1090 1222 1171 1250; x_wconf 72' lang='lat' dir='ltr'>satis</span> <span class='ocrx_word' id='word_1_487' title='bbox 1196 1225 1327 1251; x_wconf 90' lang='lat' dir='ltr'><em>constat</em></span> <span class='ocrx_word' id='word_1_488' title='bbox 1349 1221 1407 1251; x_wconf 85' lang='lat' dir='ltr'><em>Vir</em></span> <span class='ocrx_word' id='word_1_489' title='bbox 1431 1221 1499 1252; x_wconf 91' lang='lat' dir='ltr'>Cel.</span> <span class='ocrx_word' id='word_1_490' title='bbox 1546 1222 1632 1252; x_wconf 85' lang='lat' dir='ltr'><em>Nam</em></span> 
     </span>
     <span class='ocr_line' id='line_1_89' title="bbox 911 1265 1635 1305; baseline 0 -10"><span class='ocrx_word' id='word_1_491' title='bbox 911 1265 952 1295; x_wconf 89' lang='lat' dir='ltr'><em>ad</em></span> <span class='ocrx_word' id='word_1_492' title='bbox 969 1265 1050 1295; x_wconf 88' lang='lat' dir='ltr'>Har.</span> <span class='ocrx_word' id='word_1_493' title='bbox 1074 1265 1171 1303; x_wconf 81' lang='lat' dir='ltr'>Resp.</span> <span class='ocrx_word' id='word_1_494' title='bbox 1196 1265 1248 1295; x_wconf 68' lang='lat'><em>96.</em></span> <span class='ocrx_word' id='word_1_495' title='bbox 1273 1274 1332 1304; x_wconf 89' lang='lat' dir='ltr'><em>pro</em></span> <span class='ocrx_word' id='word_1_496' title='bbox 1356 1272 1555 1305; x_wconf 88' lang='lat' dir='ltr'><em>conceptum</em></span> <span class='ocrx_word' id='word_1_497' title='bbox 1577 1266 1635 1304; x_wconf 84' lang='lat' dir='ltr'><em>ju-</em></span> 
     </span>
     <span class='ocr_line' id='line_1_90' title="bbox 911 1307 1632 1339; baseline 0.001 -1"><span class='ocrx_word' id='word_1_498' title='bbox 911 1309 1045 1338; x_wconf 78' lang='lat' dir='ltr'>stitium</span> <span class='ocrx_word' id='word_1_499' title='bbox 1061 1319 1078 1337; x_wconf 88' lang='lat' dir='ltr'><em>e</em></span> <span class='ocrx_word' id='word_1_500' title='bbox 1090 1307 1272 1338; x_wconf 81' lang='lat' dir='ltr'><em>Franciano</em></span> <span class='ocrx_word' id='word_1_501' title='bbox 1285 1308 1431 1338; x_wconf 81' lang='lat' dir='ltr'>malebat</span> <span class='ocrx_word' id='word_1_502' title='bbox 1441 1313 1632 1339; x_wconf 79' lang='lat' dir='ltr'><em>concoctum.</em></span> 
     </span>
     <span class='ocr_line' id='line_1_91' title="bbox 911 1351 1634 1390; baseline -0.001 -7"><span class='ocrx_word' id='word_1_503' title='bbox 911 1352 961 1383; x_wconf 88' lang='lat' dir='ltr'><em>Ibi</em></span> <span class='ocrx_word' id='word_1_504' title='bbox 978 1356 1089 1382; x_wconf 83' lang='lat' dir='ltr'>autem</span> <span class='ocrx_word' id='word_1_505' title='bbox 1106 1351 1145 1381; x_wconf 86' lang='lat' dir='ltr'><em>de</em></span> <span class='ocrx_word' id='word_1_506' title='bbox 1162 1351 1351 1390; x_wconf 80' lang='lat' dir='ltr'><em>excogitata</em></span> <span class='ocrx_word' id='word_1_507' title='bbox 1372 1356 1408 1381; x_wconf 89' lang='lat' dir='ltr'><em>et</em></span> <span class='ocrx_word' id='word_1_508' title='bbox 1425 1351 1634 1382; x_wconf 85' lang='lat' dir='ltr'>deliberatio-</span> 
     </span>
     <span class='ocr_line' id='line_1_92' title="bbox 911 1394 1633 1434; baseline 0 -8"><span class='ocrx_word' id='word_1_509' title='bbox 911 1405 952 1426; x_wconf 91' lang='lat' dir='ltr'><em>ne</em></span> <span class='ocrx_word' id='word_1_510' title='bbox 970 1397 1106 1425; x_wconf 86' lang='lat' dir='ltr'>iuventa</span> <span class='ocrx_word' id='word_1_511' title='bbox 1122 1405 1155 1424; x_wconf 88' lang='lat' dir='ltr'><em>re</em></span> <span class='ocrx_word' id='word_1_512' title='bbox 1168 1404 1277 1425; x_wconf 82' lang='lat' dir='ltr'>sermo</span> <span class='ocrx_word' id='word_1_513' title='bbox 1293 1399 1354 1424; x_wconf 85' lang='lat' dir='ltr'>est.</span> <span class='ocrx_word' id='word_1_514' title='bbox 1406 1394 1514 1434; x_wconf 87' lang='lat' dir='ltr'>Atque</span> <span class='ocrx_word' id='word_1_515' title='bbox 1527 1399 1566 1425; x_wconf 90' lang='lat' dir='ltr'><em>ut</em></span> <span class='ocrx_word' id='word_1_516' title='bbox 1576 1396 1633 1426; x_wconf 88' lang='lat' dir='ltr'><em>do-</em></span> 
     </span>
     <span class='ocr_line' id='line_1_93' title="bbox 911 1437 1633 1478; baseline 0 -9"><span class='ocrx_word' id='word_1_517' title='bbox 911 1444 1015 1476; x_wconf 73' lang='lat' dir='ltr'><em>ceret,</em></span> <span class='ocrx_word' id='word_1_518' title='bbox 1031 1448 1219 1478; x_wconf 80' lang='lat' dir='ltr'><em>concoquere</em></span> <span class='ocrx_word' id='word_1_519' title='bbox 1233 1438 1295 1468; x_wconf 87' lang='lat' dir='ltr'><em>hoc</em></span> <span class='ocrx_word' id='word_1_520' title='bbox 1307 1437 1407 1468; x_wconf 85' lang='lat' dir='ltr'><em>modo</em></span> <span class='ocrx_word' id='word_1_521' title='bbox 1422 1439 1500 1476; x_wconf 90' lang='lat' dir='ltr'><em>dici,</em></span> <span class='ocrx_word' id='word_1_522' title='bbox 1518 1439 1633 1469; x_wconf 84' lang='lat' dir='ltr'>uteba-</span> 
     </span>
     <span class='ocr_line' id='line_1_94' title="bbox 909 1482 1631 1520; baseline -0.001 -7"><span class='ocrx_word' id='word_1_523' title='bbox 909 1489 967 1513; x_wconf 87' lang='lat' dir='ltr'><em>tur</em></span> <span class='ocrx_word' id='word_1_524' title='bbox 983 1483 1044 1512; x_wconf 88' lang='lat' dir='ltr'><em>hoc</em></span> <span class='ocrx_word' id='word_1_525' title='bbox 1062 1482 1133 1512; x_wconf 87' lang='lat' dir='ltr'><em>loco</em></span> <span class='ocrx_word' id='word_1_526' title='bbox 1156 1492 1172 1511; x_wconf 88' lang='lat' dir='ltr'><em>e</em></span> <span class='ocrx_word' id='word_1_527' title='bbox 1196 1482 1372 1519; x_wconf 80' lang='lat' dir='ltr'><em>Rosciana,</em></span> <span class='ocrx_word' id='word_1_528' title='bbox 1389 1492 1488 1520; x_wconf 87' lang='lat' dir='ltr'>quem</span> <span class='ocrx_word' id='word_1_529' title='bbox 1515 1486 1631 1512; x_wconf 88' lang='lat' dir='ltr'><em>tamen</em></span> 
     </span>
     <span class='ocr_line' id='line_1_95' title="bbox 909 1525 1634 1565; baseline 0 -9"><span class='ocrx_word' id='word_1_530' title='bbox 909 1527 1065 1556; x_wconf 79' lang='lat' dir='ltr'><em>refictuin</em></span> <span class='ocrx_word' id='word_1_531' title='bbox 1081 1525 1243 1565; x_wconf 81' lang='lat' dir='ltr'><em>cupierat.</em></span> <span class='ocrx_word' id='word_1_532' title='bbox 1277 1525 1372 1555; x_wconf 84' lang='lat' dir='ltr'>Certe</span> <span class='ocrx_word' id='word_1_533' title='bbox 1391 1535 1457 1555; x_wconf 89' lang='lat' dir='ltr'><em>non</em></span> <span class='ocrx_word' id='word_1_534' title='bbox 1474 1530 1526 1556; x_wconf 84' lang='lat' dir='ltr'><em>est</em></span> <span class='ocrx_word' id='word_1_535' title='bbox 1541 1535 1634 1556; x_wconf 85' lang='lat' dir='ltr'>vero-</span> 
     </span>
     <span class='ocr_line' id='line_1_96' title="bbox 911 1569 1633 1608; baseline 0 -8"><span class='ocrx_word' id='word_1_536' title='bbox 911 1569 1018 1600; x_wconf 83' lang='lat' dir='ltr'>simile</span> <span class='ocrx_word' id='word_1_537' title='bbox 1043 1573 1226 1608; x_wconf 74' lang='lat' dir='ltr'><em>conceptum</em></span> <span class='ocrx_word' id='word_1_538' title='bbox 1250 1569 1284 1598; x_wconf 87' lang='lat' dir='ltr'><em>in</em></span> <span class='ocrx_word' id='word_1_539' title='bbox 1313 1574 1491 1599; x_wconf 81' lang='lat' dir='ltr'><em>concoctum</em></span> <span class='ocrx_word' id='word_1_540' title='bbox 1521 1574 1633 1600; x_wconf 84' lang='lat' dir='ltr'><em>muta-</em></span> 
     </span>
     <span class='ocr_line' id='line_1_97' title="bbox 910 1611 1631 1643; baseline 0 0"><span class='ocrx_word' id='word_1_541' title='bbox 910 1620 984 1643; x_wconf 87' lang='lat' dir='ltr'><em>tum</em></span> <span class='ocrx_word' id='word_1_542' title='bbox 1002 1625 1008 1642; x_wconf 89' lang='lat'>:</span> <span class='ocrx_word' id='word_1_543' title='bbox 1034 1618 1084 1642; x_wconf 77' lang='lat' dir='ltr'><em>est</em></span> <span class='ocrx_word' id='word_1_544' title='bbox 1100 1613 1190 1642; x_wconf 90' lang='lat' dir='ltr'>enim</span> <span class='ocrx_word' id='word_1_545' title='bbox 1207 1611 1312 1642; x_wconf 76' lang='lat' dir='ltr'><em>facilis</em></span> <span class='ocrx_word' id='word_1_546' title='bbox 1339 1613 1510 1643; x_wconf 85' lang='lat' dir='ltr'>sententia</span> <span class='ocrx_word' id='word_1_547' title='bbox 1525 1619 1558 1643; x_wconf 88' lang='lat' dir='ltr'><em>et</em></span> <span class='ocrx_word' id='word_1_548' title='bbox 1573 1613 1631 1643; x_wconf 91' lang='lat' dir='ltr'><em>ob-</em></span> 
     </span>
     <span class='ocr_line' id='line_1_98' title="bbox 910 1655 1634 1695; baseline 0 -9"><span class='ocrx_word' id='word_1_549' title='bbox 910 1658 980 1686; x_wconf 81' lang='lat' dir='ltr'>vius</span> <span class='ocrx_word' id='word_1_550' title='bbox 1004 1657 1093 1686; x_wconf 79' lang='lat' dir='ltr'><em>vocis</em></span> <span class='ocrx_word' id='word_1_551' title='bbox 1118 1656 1336 1695; x_wconf 80' lang='lat' dir='ltr'><em>significatus.</em></span> <span class='ocrx_word' id='word_1_552' title='bbox 1372 1655 1436 1686; x_wconf 89' lang='lat' dir='ltr'><em>Sed</em></span> <span class='ocrx_word' id='word_1_553' title='bbox 1451 1661 1634 1686; x_wconf 80' lang='lat' dir='ltr'><em>concoctum</em></span> 
     </span>
     <span class='ocr_line' id='line_1_99' title="bbox 910 1699 1632 1740; baseline -0.001 -10"><span class='ocrx_word' id='word_1_554' title='bbox 910 1700 1021 1740; x_wconf 74' lang='lat' dir='ltr'>poluit</span> <span class='ocrx_word' id='word_1_555' title='bbox 1037 1700 1070 1729; x_wconf 90' lang='lat' dir='ltr'><em>in</em></span> <span class='ocrx_word' id='word_1_556' title='bbox 1094 1703 1276 1739; x_wconf 71' lang='lat' dir='ltr'><em>conceptum</em></span> <span class='ocrx_word' id='word_1_557' title='bbox 1302 1700 1438 1736; x_wconf 84' lang='lat' dir='ltr'>mutari,</span> <span class='ocrx_word' id='word_1_558' title='bbox 1456 1699 1543 1739; x_wconf 88' lang='lat' dir='ltr'>quod</span> <span class='ocrx_word' id='word_1_559' title='bbox 1570 1700 1632 1730; x_wconf 87' lang='lat' dir='ltr'><em>hoe</em></span> 
     </span>
     <span class='ocr_line' id='line_1_100' title="bbox 908 1743 1632 1783; baseline -0.001 -9"><span class='ocrx_word' id='word_1_560' title='bbox 908 1753 1008 1774; x_wconf 88' lang='lat' dir='ltr'>sensu</span> <span class='ocrx_word' id='word_1_561' title='bbox 1020 1743 1085 1773; x_wconf 85' lang='lat' dir='ltr'><em>dici</em></span> <span class='ocrx_word' id='word_1_562' title='bbox 1100 1753 1194 1783; x_wconf 78' lang='lat' dir='ltr'>posse</span> <span class='ocrx_word' id='word_1_563' title='bbox 1209 1752 1273 1772; x_wconf 87' lang='lat' dir='ltr'><em>non</em></span> <span class='ocrx_word' id='word_1_564' title='bbox 1292 1747 1439 1782; x_wconf 84' lang='lat' dir='ltr'>putaret,</span> <span class='ocrx_word' id='word_1_565' title='bbox 1451 1744 1519 1773; x_wconf 87' lang='lat' dir='ltr'>sive</span> <span class='ocrx_word' id='word_1_566' title='bbox 1533 1743 1632 1773; x_wconf 84' lang='lat' dir='ltr'>libra-</span> 
     </span>
     <span class='ocr_line' id='line_1_101' title="bbox 908 1786 1628 1825; baseline 0 -8"><span class='ocrx_word' id='word_1_567' title='bbox 908 1788 990 1825; x_wconf 89' lang='lat' dir='ltr'>rius,</span> <span class='ocrx_word' id='word_1_568' title='bbox 1006 1786 1073 1816; x_wconf 86' lang='lat' dir='ltr'>sive</span> <span class='ocrx_word' id='word_1_569' title='bbox 1098 1786 1355 1816; x_wconf 84' lang='lat' dir='ltr'><em>Grammaticus.</em></span> <span class='ocrx_word' id='word_1_570' title='bbox 1381 1786 1497 1825; x_wconf 87' lang='lat' dir='ltr'>Neque</span> <span class='ocrx_word' id='word_1_571' title='bbox 1512 1791 1628 1817; x_wconf 84' lang='lat' dir='ltr'><em>tamen</em></span> 
     </span>
     <span class='ocr_line' id='line_1_102' title="bbox 909 1829 1632 1870; baseline 0 -10"><span class='ocrx_word' id='word_1_572' title='bbox 909 1834 1085 1870; x_wconf 86' lang='lat' dir='ltr'>propterea</span> <span class='ocrx_word' id='word_1_573' title='bbox 1112 1831 1145 1859; x_wconf 89' lang='lat' dir='ltr'><em>in</em></span> <span class='ocrx_word' id='word_1_574' title='bbox 1165 1829 1330 1860; x_wconf 85' lang='lat' dir='ltr'><em>Rosciana</em></span> <span class='ocrx_word' id='word_1_575' title='bbox 1352 1830 1531 1869; x_wconf 85' lang='lat' dir='ltr'><em>quicquam</em></span> <span class='ocrx_word' id='word_1_576' title='bbox 1557 1840 1632 1860; x_wconf 88' lang='lat' dir='ltr'><em>mu-</em></span> 
     </span>
     <span class='ocr_line' id='line_1_103' title="bbox 906 1873 1630 1913; baseline -0.001 -9"><span class='ocrx_word' id='word_1_577' title='bbox 906 1874 1059 1904; x_wconf 85' lang='lat' dir='ltr'><em>tandum.</em></span> <span class='ocrx_word' id='word_1_578' title='bbox 1088 1874 1282 1913; x_wconf 80' lang='lat' dir='ltr'><em>Concoquere</em></span> <span class='ocrx_word' id='word_1_579' title='bbox 1296 1878 1348 1903; x_wconf 85' lang='lat' dir='ltr'><em>est</em></span> <span class='ocrx_word' id='word_1_580' title='bbox 1363 1873 1456 1903; x_wconf 86' lang='lat' dir='ltr'>valde</span> <span class='ocrx_word' id='word_1_581' title='bbox 1470 1883 1630 1912; x_wconf 86' lang='lat' dir='ltr'><em>coquere:</em></span> 
     </span>
     <span class='ocr_line' id='line_1_104' title="bbox 908 1916 1631 1956; baseline -0.001 -9"><span class='ocrx_word' id='word_1_582' title='bbox 908 1917 1001 1947; x_wconf 83' lang='lat' dir='ltr'>valde</span> <span class='ocrx_word' id='word_1_583' title='bbox 1018 1918 1107 1947; x_wconf 89' lang='lat' dir='ltr'>enim</span> <span class='ocrx_word' id='word_1_584' title='bbox 1132 1923 1228 1946; x_wconf 85' lang='lat' dir='ltr'><em>cocta</em></span> <span class='ocrx_word' id='word_1_585' title='bbox 1250 1926 1301 1946; x_wconf 86' lang='lat' dir='ltr'><em>res</em></span> <span class='ocrx_word' id='word_1_586' title='bbox 1324 1918 1539 1956; x_wconf 79' lang='lat' dir='ltr'><em>concoquitur.</em></span> <span class='ocrx_word' id='word_1_587' title='bbox 1586 1916 1631 1946; x_wconf 91' lang='lat' dir='ltr'><em>Il-</em></span> 
     </span>
     <span class='ocr_line' id='line_1_105' title="bbox 906 1960 1629 2000; baseline -0.001 -9"><span class='ocrx_word' id='word_1_588' title='bbox 906 1961 963 1991; x_wconf 89' lang='lat' dir='ltr'><em>lud</em></span> <span class='ocrx_word' id='word_1_589' title='bbox 980 1961 1081 1991; x_wconf 84' lang='lat' dir='ltr'>etiam</span> <span class='ocrx_word' id='word_1_590' title='bbox 1099 1960 1208 1990; x_wconf 87' lang='lat' dir='ltr'>dicere</span> <span class='ocrx_word' id='word_1_591' title='bbox 1225 1960 1362 1997; x_wconf 78' lang='lat' dir='ltr'>attinet,</span> <span class='ocrx_word' id='word_1_592' title='bbox 1389 1961 1575 2000; x_wconf 85' lang='lat' dir='ltr'><em>composita</em></span> <span class='ocrx_word' id='word_1_593' title='bbox 1588 1970 1629 1991; x_wconf 82' lang='lat' dir='ltr'><em>ex</em></span> 
     </span>
     <span class='ocr_line' id='line_1_106' title="bbox 906 2003 1629 2044; baseline -0.003 -9"><span class='ocrx_word' id='word_1_594' title='bbox 906 2015 962 2036; x_wconf 87' lang='lat' dir='ltr'><em>con</em></span> <span class='ocrx_word' id='word_1_595' title='bbox 977 2014 1064 2044; x_wconf 86' lang='lat' dir='ltr'>saepe</span> <span class='ocrx_word' id='word_1_596' title='bbox 1081 2014 1140 2043; x_wconf 87' lang='lat' dir='ltr'><em>pro</em></span> <span class='ocrx_word' id='word_1_597' title='bbox 1163 2003 1368 2043; x_wconf 77' lang='lat' dir='ltr'>simplicibus</span> <span class='ocrx_word' id='word_1_598' title='bbox 1382 2004 1474 2044; x_wconf 91' lang='lat' dir='ltr'><em>poni,</em></span> <span class='ocrx_word' id='word_1_599' title='bbox 1493 2005 1629 2043; x_wconf 81' lang='lat' dir='ltr'>ejusque</span> 
     </span>
    </p>
   </div>
   <div class='ocr_carea' id='block_1_5' title="bbox 887 2047 1629 2087">
    <p class='ocr_par' dir='ltr' id='par_1_21' title="bbox 887 2047 1629 2087">
     <span class='ocr_line' id='line_1_107' title="bbox 887 2047 1629 2087; baseline 0 -10"><span class='ocrx_word' id='word_1_600' title='bbox 887 2049 953 2082; x_wconf 63' lang='lat' dir='ltr'>‚rei</span> <span class='ocrx_word' id='word_1_601' title='bbox 971 2048 1178 2087; x_wconf 77' lang='lat' dir='ltr'>ignoratione</span> <span class='ocrx_word' id='word_1_602' title='bbox 1204 2047 1358 2086; x_wconf 85' lang='lat' dir='ltr'><em>deceptos</em></span> <span class='ocrx_word' id='word_1_603' title='bbox 1386 2047 1629 2078; x_wconf 73' lang='lat' dir='ltr'><em>Grammaticos</em></span> 
     </span>
    </p>
   </div>
   <div class='ocr_carea' id='block_1_6' title="bbox 907 2091 1632 2131">
    <p class='ocr_par' dir='ltr' id='par_1_22' title="bbox 907 2091 1632 2131">
     <span class='ocr_line' id='line_1_108' title="bbox 907 2091 1632 2131; baseline 0 -10"><span class='ocrx_word' id='word_1_604' title='bbox 907 2091 1125 2131; x_wconf 81' lang='lat' dir='ltr'>interpolasse</span> <span class='ocrx_word' id='word_1_605' title='bbox 1142 2094 1305 2120; x_wconf 84' lang='lat' dir='ltr'><em>auctores.</em></span> <span class='ocrx_word' id='word_1_606' title='bbox 1327 2096 1358 2120; x_wconf 75' lang='grc' dir='ltr'><em>νζ</em></span> <span class='ocrx_word' id='word_1_607' title='bbox 1382 2100 1578 2121; x_wconf 87' lang='lat' dir='ltr'><em>concurrere</em></span> <span class='ocrx_word' id='word_1_608' title='bbox 1595 2094 1632 2121; x_wconf 80' lang='lat' dir='ltr'><em>et</em></span> 
     </span>
    </p>
   </div>
   <div class='ocr_carea' id='block_1_7' title="bbox 868 2133 1628 2173">
    <p class='ocr_par' dir='ltr' id='par_1_23' title="bbox 868 2133 1628 2173">
     <span class='ocr_line' id='line_1_109' title="bbox 868 2133 1628 2173; baseline -0.001 -8"><span class='ocrx_word' id='word_1_609' title='bbox 868 2168 871 2170; x_wconf 65' lang='grc'>,</span> <span class='ocrx_word' id='word_1_610' title='bbox 908 2145 1125 2165; x_wconf 83' lang='lat' dir='ltr'><em>concursare:</em></span> <span class='ocrx_word' id='word_1_611' title='bbox 1163 2133 1221 2164; x_wconf 85' lang='lat' dir='ltr'><em>sed</em></span> <span class='ocrx_word' id='word_1_612' title='bbox 1245 2133 1279 2163; x_wconf 89' lang='lat' dir='ltr'><em>id</em></span> <span class='ocrx_word' id='word_1_613' title='bbox 1302 2134 1342 2164; x_wconf 83' lang='lat' dir='ltr'>fit</span> <span class='ocrx_word' id='word_1_614' title='bbox 1359 2144 1425 2164; x_wconf 91' lang='lat' dir='ltr'><em>non</em></span> <span class='ocrx_word' id='word_1_615' title='bbox 1452 2135 1522 2164; x_wconf 84' lang='lat' dir='ltr'>sine</span> <span class='ocrx_word' id='word_1_616' title='bbox 1547 2144 1628 2173; x_wconf 88' lang='lat' dir='ltr'><em>qua-</em></span> 
     </span>
    </p>
   </div>
   <div class='ocr_carea' id='block_1_8' title="bbox 905 2177 1630 2825">
    <p class='ocr_par' dir='ltr' id='par_1_24' title="bbox 905 2177 1630 2519">
     <span class='ocr_line' id='line_1_110' title="bbox 907 2177 1627 2208; baseline 0 0"><span class='ocrx_word' id='word_1_617' title='bbox 907 2178 982 2208; x_wconf 86' lang='lat' dir='ltr'><em>dam</em></span> <span class='ocrx_word' id='word_1_618' title='bbox 1011 2179 1053 2208; x_wconf 84' lang='lat' dir='ltr'><em>vi.</em></span> <span class='ocrx_word' id='word_1_619' title='bbox 1099 2178 1186 2208; x_wconf 86' lang='lat' dir='ltr'><em>Nam</em></span> <span class='ocrx_word' id='word_1_620' title='bbox 1206 2177 1290 2207; x_wconf 89' lang='lat' dir='ltr'>illud</span> <span class='ocrx_word' id='word_1_621' title='bbox 1312 2188 1368 2207; x_wconf 87' lang='lat' dir='ltr'><em>con</em></span> <span class='ocrx_word' id='word_1_622' title='bbox 1392 2177 1536 2207; x_wconf 83' lang='lat' dir='ltr'>intendit</span> <span class='ocrx_word' id='word_1_623' title='bbox 1562 2177 1627 2208; x_wconf 86' lang='lat' dir='ltr'><em>vim</em></span> 
     </span>
     <span class='ocr_line' id='line_1_111' title="bbox 908 2220 1630 2262; baseline -0.001 -11"><span class='ocrx_word' id='word_1_624' title='bbox 908 2222 1080 2262; x_wconf 83' lang='lat' dir='ltr'>simplicis.</span> <span class='ocrx_word' id='word_1_625' title='bbox 1106 2222 1265 2251; x_wconf 86' lang='lat' dir='ltr'>Ceterum</span> <span class='ocrx_word' id='word_1_626' title='bbox 1281 2220 1401 2251; x_wconf 83' lang='lat' dir='ltr'>Graevii</span> <span class='ocrx_word' id='word_1_627' title='bbox 1419 2221 1461 2251; x_wconf 71' lang='lat' dir='ltr'>ad</span> <span class='ocrx_word' id='word_1_628' title='bbox 1488 2221 1509 2250; x_wconf 91' lang='lat' dir='ltr'><em>l.</em></span> <span class='ocrx_word' id='word_1_629' title='bbox 1526 2231 1554 2250; x_wconf 91' lang='lat' dir='ltr'><em>c.</em></span> <span class='ocrx_word' id='word_1_630' title='bbox 1570 2230 1630 2251; x_wconf 90' lang='lat' dir='ltr'><em>no-</em></span> 
     </span>
     <span class='ocr_line' id='line_1_112' title="bbox 905 2263 1625 2304; baseline -0.003 -8"><span class='ocrx_word' id='word_1_631' title='bbox 905 2271 943 2296; x_wconf 81' lang='lat' dir='ltr'><em>ta</em></span> <span class='ocrx_word' id='word_1_632' title='bbox 962 2265 1097 2295; x_wconf 82' lang='lat' dir='ltr'><em>adducti</em></span> <span class='ocrx_word' id='word_1_633' title='bbox 1112 2264 1285 2295; x_wconf 84' lang='lat' dir='ltr'><em>Drakenb.</em></span> <span class='ocrx_word' id='word_1_634' title='bbox 1312 2270 1347 2293; x_wconf 90' lang='lat' dir='ltr'><em>et</em></span> <span class='ocrx_word' id='word_1_635' title='bbox 1373 2263 1466 2294; x_wconf 90' lang='lat' dir='ltr'>Duk.</span> <span class='ocrx_word' id='word_1_636' title='bbox 1483 2274 1536 2304; x_wconf 85' lang='lat' dir='ltr'><em>ap.</em></span> <span class='ocrx_word' id='word_1_637' title='bbox 1555 2264 1625 2294; x_wconf 89' lang='lat' dir='ltr'>Liv.</span> 
     </span>
     <span class='ocr_line' id='line_1_113' title="bbox 905 2307 1629 2340; baseline -0.001 -1"><span class='ocrx_word' id='word_1_638' title='bbox 905 2308 948 2339; x_wconf 89' lang='lat' dir='ltr'><em>xl.</em></span> <span class='ocrx_word' id='word_1_639' title='bbox 970 2312 1019 2340; x_wconf 87' lang='lat'><em>10.</em></span> <span class='ocrx_word' id='word_1_640' title='bbox 1038 2309 1071 2338; x_wconf 94' lang='lat' dir='ltr'><em>in</em></span> <span class='ocrx_word' id='word_1_641' title='bbox 1093 2308 1220 2338; x_wconf 86' lang='lat' dir='ltr'>verbis:</span> <span class='ocrx_word' id='word_1_642' title='bbox 1254 2307 1464 2338; x_wconf 77' lang='lat' dir='ltr'><em>clandestina</em></span> <span class='ocrx_word' id='word_1_643' title='bbox 1483 2312 1629 2338; x_wconf 77' lang='lat' dir='ltr'><em>concocta</em></span> 
     </span>
     <span class='ocr_line' id='line_1_114' title="bbox 905 2351 1630 2391; baseline -0.001 -9"><span class='ocrx_word' id='word_1_644' title='bbox 905 2352 987 2382; x_wconf 82' lang='lat' dir='ltr'>sunt</span> <span class='ocrx_word' id='word_1_645' title='bbox 1018 2351 1168 2387; x_wconf 83' lang='lat' dir='ltr'><em>consilia,</em></span> <span class='ocrx_word' id='word_1_646' title='bbox 1200 2351 1432 2389; x_wconf 83' lang='lat' dir='ltr'><em>corrigendum</em></span> <span class='ocrx_word' id='word_1_647' title='bbox 1464 2351 1630 2391; x_wconf 87' lang='lat' dir='ltr'><em>putabant</em></span> 
     </span>
     <span class='ocr_line' id='line_1_115' title="bbox 907 2394 1627 2435; baseline -0.001 -9"><span class='ocrx_word' id='word_1_648' title='bbox 907 2400 1012 2426; x_wconf 78' lang='lat' dir='ltr'><em>cocta.</em></span> <span class='ocrx_word' id='word_1_649' title='bbox 1038 2395 1107 2425; x_wconf 61' lang='lat' dir='ltr'><em>*ad</em></span> <span class='ocrx_word' id='word_1_650' title='bbox 1121 2395 1185 2435; x_wconf 87' lang='lat' dir='ltr'><em>Qu.</em></span> <span class='ocrx_word' id='word_1_651' title='bbox 1203 2394 1254 2424; x_wconf 90' lang='lat' dir='ltr'><em>Fr.</em></span> <span class='ocrx_word' id='word_1_652' title='bbox 1269 2395 1316 2424; x_wconf 91' lang='lat' dir='ltr'>iii.</span> <span class='ocrx_word' id='word_1_653' title='bbox 1333 2398 1363 2429; x_wconf 90' lang='lat'><em>9.</em></span> <span class='ocrx_word' id='word_1_654' title='bbox 1382 2394 1452 2424; x_wconf 83' lang='lat' dir='ltr'><em>haec</em></span> <span class='ocrx_word' id='word_1_655' title='bbox 1468 2395 1544 2425; x_wconf 87' lang='lat' dir='ltr'>odia</span> <span class='ocrx_word' id='word_1_656' title='bbox 1559 2404 1627 2425; x_wconf 87' lang='lat' dir='ltr'><em>non</em></span> 
     </span>
     <span class='ocr_line' id='line_1_116' title="bbox 905 2437 1627 2478; baseline 0 -9"><span class='ocrx_word' id='word_1_657' title='bbox 905 2440 1021 2470; x_wconf 83' lang='lat' dir='ltr'>sorbeo</span> <span class='ocrx_word' id='word_1_658' title='bbox 1036 2439 1158 2476; x_wconf 81' lang='lat' dir='ltr'>solum,</span> <span class='ocrx_word' id='word_1_659' title='bbox 1171 2437 1229 2468; x_wconf 86' lang='lat' dir='ltr'><em>sed</em></span> <span class='ocrx_word' id='word_1_660' title='bbox 1243 2438 1345 2467; x_wconf 85' lang='lat' dir='ltr'>etiam</span> <span class='ocrx_word' id='word_1_661' title='bbox 1362 2447 1526 2478; x_wconf 77' lang='lat' dir='ltr'><em>concoquo,</em></span> <span class='ocrx_word' id='word_1_662' title='bbox 1551 2438 1573 2469; x_wconf 89' lang='lat' dir='ltr'><em>i.</em></span> <span class='ocrx_word' id='word_1_663' title='bbox 1598 2448 1627 2469; x_wconf 85' lang='lat' dir='ltr'><em>e.</em></span> 
     </span>
     <span class='ocr_line' id='line_1_117' title="bbox 907 2484 1196 2519; baseline -0.007 -6"><span class='ocrx_word' id='word_1_664' title='bbox 907 2484 989 2519; x_wconf 84' lang='lat' dir='ltr'><em>fero,</em></span> <span class='ocrx_word' id='word_1_665' title='bbox 1006 2487 1196 2512; x_wconf 83' lang='lat' dir='ltr'><em>contemno.</em></span> 
     </span>
    </p>

    <p class='ocr_par' dir='ltr' id='par_1_25' title="bbox 906 2524 1625 2696">
     <span class='ocr_line' id='line_1_118' title="bbox 956 2524 1625 2565; baseline -0.004 -8"><span class='ocrx_word' id='word_1_666' title='bbox 956 2527 1121 2565; x_wconf 79' lang='lat' dir='ltr'><em>Concrepo.</em></span> <span class='ocrx_word' id='word_1_667' title='bbox 1152 2524 1215 2556; x_wconf 81' lang='lat' dir='ltr'><em>Off.</em></span> <span class='ocrx_word' id='word_1_668' title='bbox 1247 2524 1293 2555; x_wconf 91' lang='lat' dir='ltr'>iii.</span> <span class='ocrx_word' id='word_1_669' title='bbox 1321 2528 1370 2559; x_wconf 90' lang='lat'><em>19.</em></span> <span class='ocrx_word' id='word_1_670' title='bbox 1394 2529 1433 2554; x_wconf 87' lang='lat' dir='ltr'><em>ut</em></span> <span class='ocrx_word' id='word_1_671' title='bbox 1463 2525 1490 2555; x_wconf 84' lang='lat' dir='ltr'><em>si</em></span> <span class='ocrx_word' id='word_1_672' title='bbox 1512 2524 1625 2565; x_wconf 74' lang='lat' dir='ltr'>dig-itis</span> 
     </span>
     <span class='ocr_line' id='line_1_119' title="bbox 906 2568 1624 2609; baseline -0.003 -9"><span class='ocrx_word' id='word_1_673' title='bbox 906 2571 1134 2609; x_wconf 78' lang='lat' dir='ltr'><em>concrepuerit.</em></span> <span class='ocrx_word' id='word_1_674' title='bbox 1158 2570 1236 2607; x_wconf 70' lang='lat' dir='ltr'>Agr.</span> <span class='ocrx_word' id='word_1_675' title='bbox 1261 2568 1294 2597; x_wconf 91' lang='lat' dir='ltr'><em>ii.</em></span> <span class='ocrx_word' id='word_1_676' title='bbox 1321 2571 1373 2598; x_wconf 88' lang='lat'><em>30.</em></span> <span class='ocrx_word' id='word_1_677' title='bbox 1397 2568 1467 2606; x_wconf 87' lang='lat' dir='ltr'>qui,</span> <span class='ocrx_word' id='word_1_678' title='bbox 1484 2568 1624 2598; x_wconf 83' lang='lat' dir='ltr'><em>simulac</em></span> 
     </span>
     <span class='ocr_line' id='line_1_120' title="bbox 907 2610 1624 2651; baseline -0.003 -8"><span class='ocrx_word' id='word_1_679' title='bbox 907 2614 1084 2643; x_wconf 86' lang='lat' dir='ltr'><em>decemviri</em></span> <span class='ocrx_word' id='word_1_680' title='bbox 1113 2613 1354 2651; x_wconf 73' lang='lat' dir='ltr'><em>concrepuerint</em></span> <span class='ocrx_word' id='word_1_681' title='bbox 1385 2611 1460 2650; x_wconf 88' lang='lat' dir='ltr'><em>(int.</em></span> <span class='ocrx_word' id='word_1_682' title='bbox 1494 2610 1624 2651; x_wconf 83' lang='lat' dir='ltr'>digitis)</span> 
     </span>
     <span class='ocr_line' id='line_1_121' title="bbox 906 2655 1489 2696; baseline -0.003 -10"><span class='ocrx_word' id='word_1_683' title='bbox 906 2656 1052 2696; x_wconf 84' lang='lat' dir='ltr'>expediti</span> <span class='ocrx_word' id='word_1_684' title='bbox 1068 2656 1109 2686; x_wconf 88' lang='lat' dir='ltr'><em>ad</em></span> <span class='ocrx_word' id='word_1_685' title='bbox 1124 2655 1248 2685; x_wconf 80' lang='lat' dir='ltr'><em>caedem</em></span> <span class='ocrx_word' id='word_1_686' title='bbox 1265 2664 1334 2684; x_wconf 85' lang='lat' dir='ltr'>esse</span> <span class='ocrx_word' id='word_1_687' title='bbox 1352 2655 1489 2694; x_wconf 78' lang='lat' dir='ltr'>possint.</span> 
     </span>
    </p>

    <p class='ocr_par' dir='ltr' id='par_1_26' title="bbox 907 2698 1627 2825">
     <span class='ocr_line' id='line_1_122' title="bbox 954 2698 1627 2738; baseline 0 -10"><span class='ocrx_word' id='word_1_688' title='bbox 954 2701 1123 2731; x_wconf 66' lang='lat' dir='ltr'><em>(haeretic.</em></span> <span class='ocrx_word' id='word_1_689' title='bbox 1153 2698 1252 2729; x_wconf 88' lang='lat' dir='ltr'><em>Tusc.</em></span> <span class='ocrx_word' id='word_1_690' title='bbox 1276 2699 1297 2728; x_wconf 92' lang='lat' dir='ltr'><em>i.</em></span> <span class='ocrx_word' id='word_1_691' title='bbox 1320 2699 1372 2732; x_wconf 74' lang='lat'><em>27.</em></span> <span class='ocrx_word' id='word_1_692' title='bbox 1396 2707 1489 2728; x_wconf 88' lang='lat' dir='ltr'>mens</span> <span class='ocrx_word' id='word_1_693' title='bbox 1517 2708 1627 2738; x_wconf 79' lang='lat' dir='ltr'>segre-</span> 
     </span>
     <span class='ocr_line' id='line_1_123' title="bbox 907 2741 1625 2784; baseline -0.003 -11"><span class='ocrx_word' id='word_1_694' title='bbox 907 2748 986 2784; x_wconf 78' lang='lat' dir='ltr'><em>gata</em></span> <span class='ocrx_word' id='word_1_695' title='bbox 1000 2744 1040 2773; x_wconf 83' lang='lat' dir='ltr'><em>ab</em></span> <span class='ocrx_word' id='word_1_696' title='bbox 1067 2743 1158 2772; x_wconf 83' lang='lat' dir='ltr'><em>omni</em></span> <span class='ocrx_word' id='word_1_697' title='bbox 1186 2743 1380 2772; x_wconf 77' lang='lat' dir='ltr'><em>concretione</em></span> <span class='ocrx_word' id='word_1_698' title='bbox 1411 2743 1566 2772; x_wconf 79' lang='lat' dir='ltr'>mortali2</span> <span class='ocrx_word' id='word_1_699' title='bbox 1593 2741 1625 2772; x_wconf 84' lang='lat' dir='ltr'><em>h.</em></span> 
     </span>
     <span class='ocr_line' id='line_1_124' title="bbox 907 2785 1624 2825; baseline -0.001 -9"><span class='ocrx_word' id='word_1_700' title='bbox 907 2798 935 2817; x_wconf 88' lang='lat' dir='ltr'><em>e.</em></span> <span class='ocrx_word' id='word_1_701' title='bbox 953 2787 1056 2816; x_wconf 80' lang='lat' dir='ltr'>libera</span> <span class='ocrx_word' id='word_1_702' title='bbox 1077 2796 1097 2815; x_wconf 82' lang='lat' dir='ltr'>a</span> <span class='ocrx_word' id='word_1_703' title='bbox 1120 2786 1264 2825; x_wconf 76' lang='lat' dir='ltr'>partium</span> <span class='ocrx_word' id='word_1_704' title='bbox 1293 2785 1460 2821; x_wconf 83' lang='lat' dir='ltr'>mistione,</span> <span class='ocrx_word' id='word_1_705' title='bbox 1485 2790 1519 2815; x_wconf 83' lang='lat' dir='ltr'><em>et</em></span> <span class='ocrx_word' id='word_1_706' title='bbox 1546 2795 1624 2815; x_wconf 85' lang='lat' dir='ltr'><em>con-</em></span> 
     </span>
    </p>
   </div>
   <div class='ocr_carea' id='block_1_9' title="bbox 898 2828 1624 2869">
    <p class='ocr_par' dir='ltr' id='par_1_27' title="bbox 898 2828 1624 2869">
     <span class='ocr_line' id='line_1_125' title="bbox 898 2828 1624 2869; baseline -0.004 -8"><span class='ocrx_word' id='word_1_707' title='bbox 898 2830 1090 2869; x_wconf 84' lang='lat' dir='ltr'><em>junctione,</em></span> <span class='ocrx_word' id='word_1_708' title='bbox 1120 2830 1150 2858; x_wconf 90' lang='lat' dir='ltr'><em>in</em></span> <span class='ocrx_word' id='word_1_709' title='bbox 1179 2838 1244 2868; x_wconf 85' lang='lat' dir='ltr'><em>qua</em></span> <span class='ocrx_word' id='word_1_710' title='bbox 1267 2828 1349 2858; x_wconf 87' lang='lat' dir='ltr'>nihil</span> <span class='ocrx_word' id='word_1_711' title='bbox 1377 2828 1510 2867; x_wconf 82' lang='lat' dir='ltr'>duplex,</span> <span class='ocrx_word' id='word_1_712' title='bbox 1542 2828 1624 2858; x_wconf 78' lang='lat' dir='ltr'>nihil</span> 
     </span>
    </p>
   </div>
   <div class='ocr_carea' id='block_1_10' title="bbox 907 2872 1625 2948">
    <p class='ocr_par' dir='ltr' id='par_1_28' title="bbox 907 2872 1625 2948">
     <span class='ocr_line' id='line_1_126' title="bbox 907 2872 1625 2912; baseline -0.003 -8"><span class='ocrx_word' id='word_1_713' title='bbox 907 2875 1063 2909; x_wconf 79' lang='lat' dir='ltr'>mixtum,</span> <span class='ocrx_word' id='word_1_714' title='bbox 1092 2872 1173 2902; x_wconf 72' lang='lat' dir='ltr'>nihil</span> <span class='ocrx_word' id='word_1_715' title='bbox 1205 2877 1492 2912; x_wconf 77' lang='lat' dir='ltr'><em>coagmentatum,</em></span> <span class='ocrx_word' id='word_1_716' title='bbox 1517 2879 1555 2902; x_wconf 91' lang='lat' dir='ltr'><em>ut</em></span> <span class='ocrx_word' id='word_1_717' title='bbox 1571 2883 1625 2902; x_wconf 82' lang='lat' dir='ltr'><em>eo-</em></span> 
     </span>
     <span class='ocr_line' id='line_1_127' title="bbox 907 2916 1178 2948; baseline -0.011 0"><span class='ocrx_word' id='word_1_718' title='bbox 907 2917 982 2948; x_wconf 86' lang='lat' dir='ltr'><em>dem</em></span> <span class='ocrx_word' id='word_1_719' title='bbox 1000 2917 1071 2946; x_wconf 90' lang='lat' dir='ltr'><em>loco</em></span> <span class='ocrx_word' id='word_1_720' title='bbox 1087 2916 1178 2946; x_wconf 83' lang='lat' dir='ltr'><em>dicit.</em></span> 
     </span>
    </p>
   </div>
   <div class='ocr_carea' id='block_1_11' title="bbox 954 2958 1626 2997">
    <p class='ocr_par' dir='ltr' id='par_1_29' title="bbox 954 2958 1626 2997">
     <span class='ocr_line' id='line_1_128' title="bbox 954 2958 1626 2997; baseline -0.004 -6"><span class='ocrx_word' id='word_1_721' title='bbox 954 2961 1137 2997; x_wconf 70' lang='lat' dir='ltr'><em>Concretas,</em></span> <span class='ocrx_word' id='word_1_722' title='bbox 1165 2969 1303 2990; x_wconf 72' lang='lat' dir='ltr'><em>crassus.</em></span> <span class='ocrx_word' id='word_1_723' title='bbox 1348 2958 1427 2989; x_wconf 73' lang='lat' dir='ltr'>Nat.</span> <span class='ocrx_word' id='word_1_724' title='bbox 1459 2959 1559 2989; x_wconf 83' lang='lat' dir='ltr'><em>Deor.</em></span> <span class='ocrx_word' id='word_1_725' title='bbox 1592 2958 1626 2988; x_wconf 83' lang='lat' dir='ltr'><em>ii.</em></span> 
     </span>
    </p>
   </div>
  </div>
 </body>
</html>
