1804 3178
567 130 647 158 mn
654 129 711 157 EX
742 129 876 158 LATm
883 130 924 158 ΙΤ
923 130 1034 159 Am

46 220 82 242 se
110 213 352 253 pente-ctutum,
377 220 417 247 ut
442 217 476 246 in
503 215 558 247 illo
585 216 697 248 Caesar
719 217 768 247 in-

47 257 190 288 eumbm.

94 299 281 339 Incurrere,
293 302 450 339 incidere,
461 306 494 332 et
508 302 623 333 multi.-
636 301 769 341 quidem

48 343 166 374 modis.
197 346 267 376 Au.
287 346 341 376 vii.
357 349 387 379 7.
420 352 479 375 tua
495 345 603 382 λῆψις,
621 346 654 375 in
671 356 769 385 quem

47 385 135 417 diem
150 389 315 425 incurrat,
331 389 452 418 nescio.
475 390 539 418 (ml
554 390 575 418 i.
587 393 617 422 9.
641 389 674 418 in
687 388 769 419 alte-

47 439 121 460 rum
145 440 250 471 genus
273 432 446 470 iniustitia:
470 433 658 462 incurrunt.
683 432 770 463 conf.

48 472 161 504 Plane.
179 477 232 506 38.
256 475 326 514 Leg
330 477 373 505 .i
385 479 415 505 :.3
441 476 584 506 incurret
600 477 700 506 itiam
721 476 769 514 (in

45 516 234 557 scribendo)
260 518 294 548 in
314 527 439 548 annum
457 528 566 548 suuni.
593 519 650 550 Or.
666 520 699 549 ii.
716 521 769 550 42.

44 561 213 592 incurrere
238 561 273 591 in
298 561 424 601 aliquid
444 572 533 591 casu.
561 562 660 592 *Att
685 572 714 592 v.
738 565 769 593 4,

45 603 145 633 modo
160 613 202 634 ne
217 603 274 634 illa
289 615 366 634 cx«
371 606 440 644 ptio
453 606 484 636 in
498 607 641 644 :ssiquem
657 608 767 636 ineur-

47 650 103 678 τοι
123 646 207 677 bene
222 647 262 678 de
280 649 373 678 nobis
389 649 564 678 meritum:
591 650 610 679 i.
625 660 653 678 e.
668 650 771 679 offen-

44 689 114 726 dat,
136 690 232 721 obsit.
262 692 369 731 *Agna
397 693 430 722 ii.
454 696 505 722 30.
537 693 656 732 privati
685 693 769 732 agri,

45 733 102 774 qui
118 733 153 764 in
170 734 339 774 publicum
357 736 575 765 incurrebant.

91 776 275 809 Incursare.
305 778 375 808 Att.
399 780 454 809 xii.
473 782 503 809 4.
536 779 712 809 inem-subit
735 781 769 809 in

44 822 80 853 te
92 819 187 852 dolor
197 831 304 858 meus,
317 832 382 852 non
393 822 470 861 jure
482 821 536 851 ille
549 822 697 861 quidem,
710 825 769 852 ἃς.

43 861 78 895 h.
95 873 125 893 e.
140 865 200 895 tibi
217 865 402 895 molestiam
420 865 555 895 creabit.

91 907 236 939 lna-ursio
255 909 437 940 seditionis.
469 908 601 939 (luent.
618 911 670 943 37.

45 949 204 991 impetus,
221 953 279 982 vis.

88 994 319 1026 Incundscere.
343 995 444 1026 Tusc.
460 995 481 1025 i.
498 997 551 1026 98.
579 995 636 1025 Or.
653 995 698 1024 iii.
717 997 768 1024 38.

42 1042 95 1067 est
124 1037 196 1069 haec
217 1039 383 1079 scriptura
407 1048 425 1068 a
447 1038 620 1068 Lambino.
666 1038 767 1068 Codd.

43 1080 138 1112 MSS.
155 1086 189 1112 et
203 1081 278 1112 edd.
294 1086 374 1112 vett.
392 1082 515 1112 liabent
531 1083 747 1112 incurvescere
758 1093 767 1110 :

43 1123 132 1165 quod
143 1125 240 1156 unice
250 1126 366 1165 probat
374 1125 536 1156 Buhcrius
547 1125 586 1155 ad
596 1126 694 1155 Tusc.
706 1125 726 1155 l.
739 1135 768 1155 c.

88 1168 204 1199 Index.
232 1169 273 1199 ad
287 1170 376 1200 Mur.
394 1172 446 1199 94.
473 1168 620 1199 Graevius
636 1169 768 1208 quaerit,

43 1211 101 1251 qui
127 1212 197 1242 sint
217 1213 347 1248 indices,
366 1211 462 1251 idque
487 1222 522 1242 se
548 1217 650 1251 negat
675 1212 768 1241 seire.

41 1254 152 1286 Verba
172 1262 271 1286 sunt:
297 1255 477 1286 Catilinam
501 1255 662 1285 vallatum
686 1255 769 1284 indi-

40 1299 129 1330 cibus
164 1303 265 1339 atque
297 1299 434 1329 sicariis.
479 1299 532 1328 Sic
562 1302 641 1329 sunt
667 1298 767 1328 etiam

42 1341 126 1376 sun.
148 1343 200 1374 25.
225 1342 361 1373 Lentuli
385 1343 560 1373 societates
583 1351 661 1372 cum
685 1342 769 1372 indi-

40 1386 140 1417 cibus.
172 1385 296 1417 Verum
320 1395 381 1416 nec
405 1385 459 1416 bic
484 1395 544 1416 nec
568 1385 635 1415 illic
658 1384 768 1415 locum

42 1429 120 1463 huic
145 1430 246 1460 verbo
271 1435 382 1470 putat,
405 1429 463 1459 sed
487 1429 683 1465 latronibus,
710 1434 769 1459 aut

42 1472 143 1503 simili
169 1474 295 1512 generi.
342 1472 524 1502 Lambinus
553 1472 765 1509 conjiciebat:

40 1515 242 1554 audaeibus3
259 1517 338 1555 quia
352 1525 380 1545 c.
397 1518 448 1547 2²8.
463 1515 641 1546 crudelitas
657 1521 692 1545 et
711 1525 769 1544 au-

41 1558 138 1592 dacia
143 1560 349 1599 junguntur.
373 1558 437 1589 Sed
449 1565 570 1599 praeter
583 1558 654 1588 liaec
665 1558 768 1588 etiam

41 1601 108 1633 alia
129 1602 204 1634 loca
224 1602 457 1640 animadverti,
473 1602 528 1632 ubi
553 1601 614 1632 hoc
632 1601 768 1632 verbum

40 1646 89 1676 sic
104 1651 170 1684 est,
187 1650 226 1678 ut
240 1647 274 1677 in
292 1646 354 1677 his.
370 1656 400 1677 v.
418 1656 446 1676 c.
471 1647 561 1676 Sext.
578 1648 631 1676 44.
655 1652 768 1685 septus

39 1690 178 1722 armatis
192 1690 362 1721 indicibus.
408 1689 505 1719 Salva
520 1689 623 1728 igitur
637 1698 688 1718 res
705 1694 767 1719 est.

41 1733 164 1764 Indicis
194 1734 331 1764 verbum
363 1732 532 1763 Ciceronis
561 1732 768 1772 temporibus

39 1777 227 1808 convicium
259 1782 294 1807 et
322 1786 444 1807 nomen
474 1776 618 1806 hominis
649 1775 767 1815 perditi

39 1819 117 1858 fuit,
133 1824 168 1851 et
191 1821 356 1858 nocentis,
372 1825 422 1856 ut,
440 1819 593 1859 inprimis
616 1819 676 1848 sub
700 1817 768 1848 Im-

702 909 722 939 i.
740 919 768 938 e.

39 1865 262 1904 peratoribus,
279 1872 402 1894 nomen
426 1862 580 1893 delatoris
604 1868 638 1892 et
655 1863 767 1901 cogni-

37 1908 132 1939 toris.
147 1907 213 1938 vid.
228 1908 330 1938 Gron.
354 1908 438 1936 Sest.
455 1906 496 1936 iv.
509 1909 540 1936 3.
565 1905 634 1935 scil.
651 1915 766 1944 queni-

40 1950 221 1981 admodum
239 1950 373 1990 quidam
390 1949 592 1981 delatoribus
609 1956 642 1978 et
655 1950 767 1987 cogni-

38 1994 180 2031 toribus,
191 1993 503 2034 quadruplatoribus
521 1993 716 2029 utebantur,
729 1996 765 2031 ut

39 2037 112 2068 aliis
136 2037 247 2068 litium
271 2037 447 2068 calumniis
471 2036 658 2066 molestiam
677 2045 767 2065 crea-

39 2084 128 2118 rent,
144 2082 192 2111 sic
207 2080 359 2111 homines
372 2079 519 2110 seditiosi
535 2079 767 2110 conducebant

37 2129 176 2164 egentes
199 2130 233 2155 et
256 2124 466 2164 impudentes
486 2122 710 2162 perditasque,
728 2127 767 2152 ut

37 2177 99 2208 per
119 2178 175 2199 eos
200 2169 302 2198 bonos
324 2168 410 2197 cives
432 2173 601 2202 vexarunt,
617 2175 694 2196 cum
710 2175 765 2195 eos

37 2211 73 2245 in
99 2212 314 2242 concionibus
341 2211 576 2251 producerent,
600 2213 638 2238 ut
667 2209 707 2239 ab
730 2219 764 2238 se

38 2254 238 2295 interrogati
251 2255 394 2285 conficta
405 2253 546 2284 crimina
556 2258 591 2282 et
606 2251 766 2282 invidiosa

38 2297 237 2338 proferrent,
254 2298 372 2338 quibus
389 2297 547 2337 populum
564 2295 598 2325 in
615 2304 670 2325 eos
686 2305 764 2326 con-

39 2341 196 2380 citarent,
219 2347 278 2372 aut
303 2343 336 2371 in
359 2344 490 2378 svnatu,
514 2343 552 2369 ut
575 2338 763 2378 hujusmodi

37 2394 91 2415 res
113 2384 264 2422 ederent,
280 2385 345 2415 vid.
371 2385 483 2415 Vatin.
504 2387 550 2412 10.
580 2385 627 2412 11.
656 2382 762 2413 Flacc.

36 2431 92 2462 38.
118 2428 209 2460 Sext.
233 2430 286 2460 63.
310 2428 350 2458 ad
371 2430 412 2468 ρ.
437 2427 486 2456 Fr.
510 2427 543 2456 ii.
567 2429 598 2455 3.
627 2426 764 2456 Suetou.

39 2470 122 2502 Caes.
144 2475 191 2507 17.
215 2474 268 2503 20.
290 2471 398 2502 simile
411 2469 489 2510 quid
505 2468 627 2499 accidit
642 2469 674 2498 in
693 2479 763 2499 ver-

38 2515 81 2546 bo
95 2515 229 2553 divisor,
242 2515 282 2545 (le
299 2526 364 2554 quo
376 2524 485 2554 snpra.
510 2511 668 2542 Uitulus.
692 2513 762 2543 Att.

36 2559 80 2589 iv.
97 2561 146 2590 15.·
169 2564 331 2599 parantin·
345 2557 549 2590 orationibus
561 2556 677 2585 iudices
693 2554 763 2594 glo-

35 2611 125 2634 nom.

81 2645 259 2684 Indicium,
295 2645 382 2685 quod
418 2644 538 2674 imliees
574 2641 761 2672 ediderunt.

26 2687 119 2720 ‘SulL
139 2692 188 2720 15.
214 2689 286 2729 lege
302 2690 470 2719 indicium.
494 2692 510 2707 ⁸*
524 2686 697 2726 primulum
714 2687 762 2715 in-

35 2731 122 2762 dieii.
144 2732 257 2762 Vatin.
280 2735 327 2762 ll.
359 2732 454 2762 Rosc.
478 2731 552 2760 Ani.
571 2732 622 2762 37.
652 2729 762 2758 indicii

38 2778 167 2815 partem
191 2785 320 2815 capere.
343 2774 498 2805 *delatio
515 2772 671 2809 nominis,
689 2782 762 2812 par-

33 2821 86 2851 tes
115 2820 328 2849 ac‹·usatoris.
360 2819 394 2849 in
427 2817 538 2848 Coecil.
569 2819 616 2846 11.
650 2816 676 2845 si
701 2815 760 2853 tibi

35 2861 194 2895 indicium
216 2862 362 2901 postulas
380 2861 460 2894 dari.

79 2904 244 2945 mure,
261 2906 408 2946 pretium
425 2903 627 2942 dicere,'0ff.
644 2902 690 2934 iii.
714 2904 762 2934 15.

1460 123 1542 162 ³2⁵

815 220 854 246 ut
870 217 931 247 sibi
947 217 1085 256 fundus,
1101 218 1207 270 eujus·
1210 222 1319 251 emtor
1334 223 1418 256 ent,
1433 217 1536 251 sem-1

810 260 1019 291 indicaretur.

855 303 1050 343 Indignitas.
1086 306 1217 344 propria
1244 305 1442 343 significatio
1469 312 1532 343 ent,

810 356 876 385 qua
890 347 1070 387 opponitur
1082 347 1249 386 dignitati,
1266 355 1303 378 ut
1317 350 1411 379 Orat.
1428 348 1461 378 ii.
1477 350 1532 378 ³2.

811 390 844 420 in
863 390 974 424 Caecil.
994 393 1042 425 19.
1066 400 1206 429 quorum
1222 400 1318 421 nemo
1334 398 1467 432 propter
1481 392 1536 422 in·

810 434 1003 472 dignitatem
1035 433 1228 474 repudiatus
1251 439 1320 463 est:
1345 433 1378 464 h.
1401 444 1429 464 e.
1454 434 1532 474 quin

810 477 965 516 indignus
986 482 1074 509 esset
1097 477 1295 507 accusatoris
1318 486 1467 514 munere,
1483 477 1531 508 id·

811 530 874 559 que
903 520 1066 554 sustinere
1104 529 1170 554 non
1210 523 1329 560 posset.
1365 520 1384 538 ³
1399 521 1532 552 Dicitur

811 563 929 594 deinde
951 564 1056 594 active
1072 563 1112 594 de
1128 573 1180 601 eo,
1196 563 1252 602 qui
1266 563 1359 599 facit,
1375 573 1447 602 que
1464 573 1529 594 non

810 605 951 637 debebat
975 607 1009 638 in
1034 606 1203 639 hominem
1226 615 1261 637 oe
1287 605 1395 637 multo
1417 606 1531 638 melio-

812 659 899 680 rem:
930 650 1017 680 unde
1039 651 1218 690 inde'gnitas
1238 649 1380 682 hominis
1400 649 1533 687 dlcltur,

811 693 850 723 de
874 693 1076 730 humilitate,
1092 693 1256 729 sordibus,
1271 697 1305 724 ut
1324 693 1533 734 turpitudine

811 737 953 775 generis,
968 737 1076 773 sortis,
1090 737 1178 767 vitm.
1196 736 1307 768 Vatin.
1330 740 1357 768 1.
1381 737 1459 776 quid
1475 744 1535 768 tua

810 780 989 818 indignitas
1012 779 1211 820 postularet:
1237 785 1271 810 et
1293 780 1340 810 sic
1359 786 1410 810 est
1427 781 1460 810 in
1478 779 1535 811 illa

810 825 959 853 oratione
975 823 1157 861 aliquoties.
1179 823 1290 854 Deiot.
1310 826 1337 854 1.
1364 829 1533 854 accusato-

812 867 854 896 ris
872 867 1067 905 indignitas.-
1090 872 1161 896 erat
1173 867 1260 896 enini
1279 876 1400 897 servus.
1415 867 1455 897 ‹le
1467 877 1533 906 quo

811 916 862 940 cst
876 910 977 940 etiam
1001 909 1093 941 verr.
1109 910 1150 940 iv.
1168 913 1219 940 50.
1243 909 1351 940 Pison.
1366 913 1419 941 41.
1442 910 1534 940 fruar

810 959 870 983 tua
881 954 1084 991 indignitate.
1121 952 1209 983 Hinc
1225 959 1319 992 porro
1333 953 1535 985 transfertur

811 995 852 1026 ad
876 1006 939 1033 res,
962 1005 1141 1035 earumque
1164 996 1420 1036 turpitudinem,
1440 997 1534 1028 suedi-

811 1046 914 1069 tatem
928 1040 1094 1080 exprimit.
1119 1039 1206 1070 Mur.
1223 1041 1275 1071 25.
1299 1050 1404 1079 neque
1416 1046 1531 1072 tamen

810 1083 890 1112 satis
907 1093 1031 1118 severe,
1048 1093 1106 1123 pro
1129 1083 1321 1119 indignitate
1345 1084 1404 1120 rei,
1420 1083 1532 1114 decre-

810 1126 867 1156 vit.
892 1127 909 1143 ¹*
922 1125 985 1155 Sed
1008 1125 1129 1156 dicitur
1147 1126 1247 1157 eliam
1263 1128 1400 1165 passive,
1417 1127 1442 1156 si
1459 1127 1531 1166 qui·

811 1171 953 1208 indignis
977 1169 1081 1198 modis
1104 1174 1281 1206 tractatur,
1303 1169 1435 1208 injuria,
1453 1180 1532 1200 con-

810 1212 950 1242 tumelia
973 1213 1126 1248 afficitur,
1141 1222 1207 1251 qua
1229 1213 1347 1251 dignus
1366 1222 1431 1243 non
1447 1218 1530 1244 erat.

810 1255 851 1286 ad
886 1256 961 1287 Div.
997 1256 1037 1285 vi.
1072 1259 1120 1286 14.
1175 1265 1250 1285 cum
1282 1266 1413 1285 crimen!
1445 1257 1533 1287 illius

810 1299 1028 1329 conveniendi
1058 1300 1286 1337 indignitatem
1325 1299 1532 1339 pei-tuli<5«·m

810 1343 863 1372 Sic
890 1353 975 1382 saepe
1000 1346 1035 1372 et
1062 1343 1176 1372 Cicero
1199 1349 1233 1372 et
1260 1342 1382 1373 Livius.
1415 1344 1532 1382 ‘Quia

811 1395 876 1416 non
913 1392 1022 1426 potest
1058 1395 1123 1415 non
1160 1386 1341 1423 indignatio
1372 1387 1459 1416 nasci
1491 1398 1531 1417 ex

810 1435 950 1468 utraque
981 1430 1197 1467 indignitate.-
1229 1429 1304 1459 inde
1335 1429 1384 1466 fit.
1412 1435 1449 1460 ut
1481 1430 1531 1462 vel

810 1483 868 1512 pro
900 1474 1119 1512 indignatione
1153 1472 1293 1509 dicatur,
1323 1472 1373 1504 vel
1410 1474 1529 1505 saltem

810 1518 881 1554 ejus
905 1517 1181 1556 significationem
1205 1520 1352 1545 assumat
1374 1515 1531 1555 aliquam.

810 1560 863 1589 Sic
886 1560 990 1600 accipi
1015 1562 1124 1599 potest
1145 1558 1227 1588 illud
1249 1559 1290 1588 ad
1319 1560 1419 1589 Attic.
1444 1570 1474 1589 x.
1500 1566 1531 1591 14.

809 1603 912 1633 tacita
940 1612 1010 1632 esse
1037 1603 1159 1642 poterit
1188 1603 1366 1640 indignitas
1393 1604 1528 1633 nostra?

810 1645 973 1686 Exempla
991 1656 1008 1675 e
1025 1645 1117 1676 Livio
1140 1645 1247 1676 multa
1270 1645 1369 1676 habet
1391 1645 1530 1676 Menke-

810 1689 885 1719 nius
901 1689 1036 1720 Observ.
1055 1689 1091 1720 L.
1106 1689 1144 1720 L.
1162 1699 1194 1729 p.
1210 1691 1284 1720 485.

857 1732 1043 1769 lndividua,
1075 1733 1138 1762 int.
1177 1731 1381 1772 corpuscula.
1412 1733 1526 1764 atomi.

813 1775 879 1806 fat.
903 1779 951 1806 11.
975 1776 1056 1806 Nat.
1071 1776 1114 1806 D.
1131 1775 1151 1805 i.
1168 1777 1221 1806 23.
1247 1775 1316 1805 Fin.
1335 1775 1367 1805 ii.
1385 1777 1437 1806 23.

857 1819 1012 1850 Indoctus.
1046 1818 1115 1849 Fin.
1139 1819 1161 1848 i.
1185 1821 1215 1849 8.
1243 1818 1406 1848 indoctum
1430 1818 1529 1850 fuisse

809 1863 989 1902 Epicurum
1002 1874 1009 1891 :
1033 1872 1079 1892 se.
1091 1863 1169 1901 quia
1181 1860 1321 1900 reliquas
1334 1866 1441 1901 partes
1453 1872 1527 1893 cru-

808 1907 943 1936 ditionis
961 1905 1127 1945 politiores
1145 1914 1210 1935 non
1222 1905 1391 1941 attigerat.
1405 1905 1454 1934 Ad
1466 1906 1527 1935 Di-

808 1960 891 1981 vers.
914 1949 980 1979 xiii.
1010 1952 1035 1979 1.
1067 1948 1198 1982 Atticus
1222 1946 1315 1981 valde
1337 1947 1445 1986 diligit
1467 1949 1527 1978 Pa-

807 1999 952 2030 tronem,
977 1991 1069 2022 valde
1108 1991 1282 2028 Phaedrum
1319 1991 1525 2030 (Epicureos)

807 2037 948 2066 amavit:
974 2045 1039 2066 non
1056 2045 1121 2074 quo
1136 2035 1179 2066 sit
1199 2044 1236 2064 ex
1255 2034 1346 2064 istis:
1370 2040 1420 2066 est
1435 2035 1525 2068 enim

808 2079 897 2110 omni
915 2078 1041 2109 liberali
1056 2078 1207 2114 doctrina
1223 2077 1355 2117 politus.

855 2123 1027 2158 ludar-mio,
1040 2121 1208 2160 negligenq
1225 2130 1297 2150 sum
1315 2121 1347 2150 in
1361 2129 1394 2149 re
1407 2120 1526 2159 aliqua.

805 2166 846 2206 Ω.
875 2166 923 2196 Fr.
949 2165 982 2195 ii.
1010 2168 1058 2196 15.
1086 2166 1120 2194 in
1143 2165 1207 2194 isto
1230 2163 1363 2195 homine
1387 2163 1525 2194 colendo

806 2216 874 2240 tam
888 2209 1057 2240 indormivi
1069 2208 1136 2242 diu.
1151 2207 1234 2237 Phil.
1250 2207 1295 2236 iii.
1317 2209 1363 2237 14.
1381 2207 1408 2238 si
1420 2207 1528 2238 indm.

806 2254 974 2283 mierimus
993 2252 1069 2282 huic
1084 2251 1238 2290 tempori.

849 2296 1018 2333 Iuducere,
1030 2294 1156 2325 afferre.
1175 2293 1246 2323 lnv.
1263 2293 1284 2323 i.
1300 2293 1353 2324 36.
1375 2292 1526 2324 induet-re

805 2339 1089 2380 approbationem.
1111 2336 1153 2367 ad
1170 2336 1244 2367 Div.
1257 2337 1299 2367 xi.
1314 2338 1367 2367 22.
1391 2346 1524 2366 causam

803 2384 966 2413 inducere.
999 2384 1305 2411 *commemorare
1339 2380 1439 2410 Doni.
1469 2382 1522 2410 3-1.

803 2427 875 2456 Att.
899 2426 968 2456 xiii.
990 2428 1037 2458 19.
1068 2432 1254 2454 sermonem
1277 2423 1412 2453 alterius
1429 2423 1524 2453 indu-

802 2480 884 2499 cere.
909 2469 950 2503 cf.
967 2468 1046 2498 Coel.
1063 2469 1115 2498 23.
1134 2467 1152 2485 ‘
1164 2466 1284 2497 referre
1300 2466 1334 2496 in
1350 2466 1524 2496 rationem.

803 2512 845 2543 ad
877 2512 951 2544 Div.
984 2511 1028 2542 iii.
1064 2514 1112 2542 10.
1143 2511 1300 2547 rationes,
1327 2509 1361 2539 in
1392 2509 1524 2548 quibus,

803 2563 967 2595 quantum
999 2554 1115 2593 legatis
1143 2553 1274 2590 datum,
1304 2552 1444 2583 induxit.
1481 2553 1525 2582 cl'.

803 2599 894 2629 Verr.
918 2599 939 2629 i.
963 2601 1015 2628 41.
1047 2597 1125 2636 Agr.
1149 2597 1182 2627 ii.
1198 2597 1251 2627 36.
1282 2595 1404 2636 populo
1427 2596 1524 2626 Rom.

803 2642 918 2680 quanti
936 2640 1076 2677 velletis,
1089 2640 1295 2671 induceretis.-
1319 2639 1522 2676 anrechnen,

802 2695 838 2714 so
862 2684 946 2714 boch
971 2683 1022 2714 ihr
1044 2683 1166 2714 woltet.
1197 2682 1348 2713 ‘'delere.
1373 2683 1470 2713 Doni.
1494 2684 1525 2713 4.

802 2729 873 2758 Att.
890 2728 944 2757 vii.
960 2729 1012 2758 ⁶23.
1039 2727 1190 2761 inducere
1205 2726 1342 2756 sctum.
1369 2725 1439 2757 Att.
1456 2725 1524 2755 xiii.

808 2774 854 2802 14.
882 2771 1035 2801 inducere
1050 2770 1196 2805 nomina.
1219 2769 1238 2787 ⁴
1253 2768 1415 2810 decipere.
1440 2767 1523 2798 Phil.

804 2815 836 2844 ii.
853 2816 905 2845 32.
930 2812 1104 2845 Dolabella
1119 2813 1176 2853 qui
1191 2817 1265 2845 tum
1283 2817 1334 2844 est
1349 2811 1524 2851 impulsus,

802 2858 967 2894 inductus,
984 2856 1107 2887 elusus,
1137 2856 1180 2894 cf.
1202 2856 1271 2886 Att.
1293 2856 1338 2886 iii.
1358 2858 1407 2886 15.
1436 2855 1477 2885 iv.
1494 2857 1524 2886 5.

804 2905 838 2931 et
854 2900 1001 2931 Broukh.
1023 2900 1064 2930 ad
1083 2899 1159 2931 Tib.
1177 2900 1197 2930 i.
1215 2896 1246 2934 7.
1275 2901 1301 2930 l.

850 2951 870 2974 Υ
891 2948 909 2975 3
