1790 3219
144 69 231 107 462

138 166 201 197 -nis
230 163 542 195 commodaturum:
576 163 611 195 h.
640 175 670 196 e.
699 166 889 206 passurum,

148 213 189 239 ut
203 209 330 239 crimen
347 218 446 239 suum
466 208 585 239 Verres
603 209 637 239 in
654 209 764 250 ipsum
779 214 889 240 trans-

147 252 235 284 ferre
252 253 366 292 possit.

195 295 432 326 Trmzslasims.
456 295 586 327 Invent.
599 297 620 326 i.
637 299 667 328 8.
692 297 888 328 translativa

149 340 346 370 constitutio
361 339 442 379 quid
457 340 524 370 sit?

195 383 441 421 Transmittere,
455 384 679 420 committere,
693 383 888 414 attribuere.

147 426 268 457 Manil.
289 430 336 458 14.
366 428 439 467 quis
460 427 605 465 dubitat,
623 427 703 466 quin
727 427 789 456 hoc
812 431 888 455 tan-

145 474 222 500 tuin
252 470 374 502 bellum
409 471 566 511 Pompeio
597 470 887 501 transmiftendum

147 515 202 545 sit.
233 514 418 545 *tribuci-e.
449 515 528 544 ibid.
552 518 577 544 l.
607 518 739 553 tempus
763 514 887 542 amico·

147 568 222 589 rum
252 559 457 598 temporibus
489 559 722 588 transmittere.
763 557 886 585 *mare

149 603 304 632 transire.
337 601 563 632 Att.viii.11.
598 599 779 630 Lentulum
809 606 887 629 ante

145 647 429 676 transmissurum.
456 644 566 674 Fin.v.
582 646 635 677 23.
661 643 768 673 maria
779 647 888 674 tram·-

147 691 246 720 mm't.

193 732 445 763 'l'ransscribm-e.
477 731 556 761 Nat.
573 731 617 761 D.
633 729 679 760 iii.
697 732 751 761 30.
777 734 888 760 tram-

144 777 282 807 scribere
317 775 448 805 tabulas
485 774 654 815 publicas:
701 773 886 804 describere

145 819 380 859 corrumpendi
396 828 505 848 causa.
531 823 570 848 ut
586 817 720 848 Cluent.
737 819 790 848 24.

192 863 454 903 Trapezopkoros.
493 862 534 892 ad
558 862 634 892 Div.
667 862 721 892 vii.
752 862 805 892 523.
842 861 886 892 si-

146 917 264 947 gnum,
281 906 369 944 quod
387 915 536 936 mensam
553 905 629 936 fert.

190 950 328 981 Treviri.
352 960 382 980 v.
396 949 575 980 triumviri.

190 993 396 1031 Tribuarz'ns‚
408 993 448 1023 ad
456 993 563 1023 tribus
572 992 755 1032 pertinens.
770 990 884 1022 Plane.

148 1040 197 1069 15.
236 1037 324 1077 quod
346 1037 551 1074 judiciorum
578 1046 684 1075 genus
710 1036 737 1066 si
768 1038 819 1065 est
841 1045 906 1075 aeg

144 1091 249 1120 quum
277 1081 371 1111 nulla
397 1081 432 1110 in
456 1091 503 1117 re,
533 1080 595 1110 nisi
621 1079 682 1110 hac
710 1079 886 1109 tribuaria.

144 1124 224 1156 ibid.
253 1128 300 1159 19.
330 1124 541 1155 haesitantem
564 1129 598 1152 te
622 1123 742 1153 in.hoc
766 1122 885 1152 sodali-

143 1169 271 1198 tiorum
294 1170 454 1199 tribuario
476 1168 627 1197 crimine.
673 1167 737 1197 Res
761 1167 885 1197 tribua-

143 1213 198 1242 ria
226 1216 261 1242 et
283 1212 411 1242 crimen
435 1212 637 1242 {ribuarium
660 1210 795 1246 dicitur,
819 1219 884 1249 quo

142 1256 276 1295 objecta
291 1261 341 1286 est
357 1255 492 1285 Plancio
507 1255 654 1285 tribuum
674 1255 861 1293 corruptio..

190 1299 357 1336 Tribzcere,
384 1299 592 1329 distribuere.
623 1299 679 1328 Or.
704 1300 756 1328 33.
788 1302 825 1327 ut
849 1298 884 1327 in

143 1352 199 1374 eas
215 1341 514 1383 partes'cribnatur
528 1343 646 1372 oratio.
670 1341 712 1371 ad
729 1341 804 1371 Div.
816 1341 885 1371 xiii.

144 1391 198 1422 70.
227 1388 370 1417 tribu-ere
384 1387 417 1418 in
442 1385 573 1424 vulgus.
607 1385 693 1415 conf.
710 1384 842 1414 invent.
862 1384 883 1414 i.

144 1433 175 1461 5.
192 1433 244 1462 55.
269 1428 406 1460 Tuscul.
424 1430 458 1459 ii.
475 1431 527 1460 ⁶21.
560 1430 772 1468 *imponerffi
789 1437 884 1457 man-

143 1474 232 1504 dare.
263 1474 320 1504 Or.
343 1474 390 1503 iii.
415 1473 466 1504 36.
497 1472 571 1513 plus
599 1472 756 1509 attulisti,
781 1482 882 1510 quam

141 1518 204 1548 tibi
231 1521 283 1548 est
307 1518 468 1547 tributum
493 1526 513 1546 a
539 1517 644 1547 nobis.
683 1516 809 1546 *tribui
835 1515 884 1545 di—

142 1565 268 1591 cuntur
283 1570 357 1600 quae
380 1560 552 1596 habemus,
569 1561 672 1590 etiam
697 1569 763 1589 non
790 1569 884 1589 acce-

142 1609 212 1645 pta.
247 1605 328 1643 Leg.
347 1604 368 1634 i.
383 1607 414 1635 3.
446 1605 472 1634 si
491 1603 572 1633 mihi
597 1603 703 1633 ullum
727 1603 884 1633 tribuere-

142 1653 200 1680 tur
213 1654 349 1688 tempus
364 1657 519 1677 vacuum.
543 1647 604 1677 *in
621 1647 730 1677 Pison.
747 1649 800 1677 531.
824 1648 884 1677 ιη’-

143 1693 214 1722 bm't
242 1702 276 1721 se
305 1691 477 1728 comitem,
501 1701 560 1731 pro
591 1690 747 1730 praebuit,
771 1690 882 1720 dedit:

142 1735 208 1765 Sed
235 1735 418 1766 Lambinus
449 1739 485 1764 et
514 1735 662 1765 Graevius
693 1735 880 1773 corrigunt,

143 1779 298 1820 praebuit.

188 1821 361 1858 Tribuncd,
376 1824 428 1851 cst
450 1824 660 1861 suggestum,
678 1822 711 1851 in
737 1830 802 1860 quo
825 1830 883 1861 po-

142 1866 235 1896 nitur
246 1865 328 1895 sella
344 1865 574 1905 magistratus,
584 1866 640 1903 jus
654 1865 810 1902 dicentis,
823 1869 883 1894 aut

135 1910 316 1949 judicium,
332 1909 399 1939 sive
422 1909 457 1938 in
481 1909 576 1945 urbe,
601 1910 667 1939 sive
691 1909 726 1938 in
749 1908 882 1948 provin-

141 1954 205 1991 cia,
223 1953 421 1990 exercentis,
438 1953 473 1982 in
498 1953 612 1982 castris
637 1956 751 1982 autem
777 1952 882 1991 impe-

141 1996 467 2035 ratorisjudieantis,
484 1996 726 2026 concionantis.
769 1995 881 2025 Primo

140 2047 337 2079 suggestum
360 2039 475 2077 fuisse,
492 2049 559 2069 non
583 2040 713 2077 sellam,
731 2040 780 2069 uti
798 2048 882 2069 non-

140 2083 226 2114 nulli
246 2085 526 2123 interpretantur,
544 2087 639 2123 patet
662 2093 702 2113 ex
726 2093 777 2121 eo,
793 2083 882 2121 quod

140 2127 398 2167 distinguuntur
423 2128 573 2157 tribunal
598 2131 632 2157 et
658 2126 749 2157 sella.
787 2126 881 2156 Verr.

140 2172 175 2202 ii.
191 2174 244 2202 33.
276 2177 398 2211 praetor
413 2170 452 2200 de
469 2170 551 2200 sella
570 2180 607 2200 ac
632 2171 791 2201 tribunale*
807 2179 882 2209 pro-

141 2215 292 2244 nunciat.
323 2220 357 2244 et
371 2215 418 2244 sic
433 2218 483 2244 est
497 2215 689 2253 saepissime.
737 2214 776 2243 lu
799 2214 880 2243 urbe

140 2258 291 2297 ligneum
315 2264 350 2288 et
374 2258 495 2288 mobile
510 2258 625 2295 fuisse,
642 2261 738 2298 patet
760 2267 800 2287 ex
817 2257 882 2288 va-

139 2302 202 2331 tin.
215 2306 246 2336 9.
263 2301 380 2332 feceris
396 2305 472 2331 ante
485 2307 592 2332 rostra
607 2306 760 2342 pontem,
774 2301 882 2330 conti-

140 2346 252 2374 nuatis
269 2346 498 2383 tribunalibus,
516 2355 574 2384 per
597 2355 697 2384 quem
721 2345 882 2375 consul-

141 2397 208 2418 non
221 2389 255 2418 in
269 2399 448 2425 carcerem,
459 2389 515 2418 sed
529 2389 570 2418 ad
581 2389 783 2428 supplicium
796 2394 829 2418 ct
840 2388 882 2418 ad

139 2440 256 2462 necem
288 2432 483 2463 duceretur:
525 2432 643 2462 deinde
675 2442 715 2462 ex
743 2433 881 2462 Sueton.

141 2475 226 2505 Caes.
254 2478 304 2505 84.
342 2476 398 2506 ubi
430 2476 568 2506 Caesaris
599 2485 719 2515 corpus
750 2476 784 2505 in
809 2475 881 2505 foro

139 2518 353 2548 combustum
392 2518 516 2549 dicitur
548 2519 714 2558 congestis
756 2519 882 2549 subsel-

137 2561 193 2591 liis
209 2571 247 2591 ac
267 2563 495 2600 tribunalibus,
513 2563 601 2602 quod
624 2563 728 2592 etiam
751 2563 787 2592 in
811 2573 882 2592 cor-

137 2615 219 2646 pore
243 2604 349 2634 Clodii
373 2606 500 2636 factum
522 2611 583 2636 est.
631 2606 792 2636 Praetores
816 2607 881 2636 Ro-

139 2657 203 2678 mae
220 2653 255 2677 et
271 2648 305 2677 in
329 2650 500 2688 provincia
523 2650 555 2679 in
581 2650 741 2680 tribunali
757 2649 880 2680 sedisse

130 2692 188 2732 jus
213 2691 361 2721 dicentes
385 2697 444 2722 aut
461 2693 591 2730 judicia
614 2698 822 2730 exercentes,
840 2704 880 2723 ex

137 2734 289 2776 pluribus
323 2734 491 2766 Ciceronis
522 2736 614 2773 locis,
643 2746 725 2775 quos
755 2737 879 2777 partim

136 2778 351 2818 protulimuS,
373 2780 495 2818 partim
519 2780 738 2820 proferemus,
764 2786 880 2820 patet3

137 2822 178 2852 de
194 2822 451 2862 imperatoribus
468 2823 501 2853 in
519 2824 635 2853 castris
653 2824 753 2862 juvat
772 2833 880 2855 unum

135 2865 249 2901 locum
275 2865 392 2898 afferre
422 2875 463 2898 ex
493 2865 565 2900 Liv.
594 2867 707 2899 xxviii.
733 2869 787 2902 27.
825 2867 882 2899 ubi

656 75 804 105 INDEX
833 74 1131 105 LATINITATIS.
1156 82 1160 86 “

932 165 1114 205 imperator
1137 162 1246 204 Scipio
1269 161 1372 193 dicit:
1402 161 1536 194 Albium
1565 166 1602 194 et
1625 163 1673 195 A·

930 209 1036 239 trium
1059 208 1182 239 sedisse
1205 208 1240 236 in
1264 207 1422 237 tribunali
1445 207 1480 237 P.
1497 207 1672 247 Scipionis.

931 252 995 282 Sed
1013 252 1074 282 hoc
1097 255 1169 282 erat
1191 250 1387 290 plerumque
1409 260 1427 280 e
1444 251 1569 291 cespite
1592 260 1672 281 con-

930 300 1037 334 gesto,
1061 302 1100 325 ut
1123 294 1364 324 demonstravit
1385 293 1518 334 Lipsius
1541 293 1584 324 ad
1603 294 1673 325 Ta-

928 340 985 368 cit.
1011 339 1130 369 Annal.
1156 339 1177 369 i.
1207 338 1254 368 lsi.
1287 337 1350 367 vid.
1376 341 1491 367 tamen
1517 337 1671 377 inprimis

928 381 1108 421 Spanbem.
1126 382 1165 412 de
1190 382 1247 412 Us.
1265 385 1299 412 et
1319 381 1371 411 Pr.
1388 381 1429 411 N.
1444 381 1533 411 Diss.
1549 381 1618 411 xiii.
1634 390 1680 420 p.v

928 426 1003 456 6²28.
1034 424 1073 454 In
1090 427 1247 456 tribunali
1271 431 1398 462 autem.
1411 425 1569 463 quoniam
1586 424 1668 455 satis

929 468 1079 508 amplum
1097 474 1182 506 erat,
1199 479 1268 499 una
1290 479 1366 499 cum
1385 476 1526 509 pra-tore
1543 468 1671 498 urbano

928 512 1103 549 sedebant,
1120 522 1203 549 quos
1226 513 1287 543 sibi
1311 514 1345 543 in
1370 512 1547 542 consilium
1571 511 1672 541 advo-

929 561 1072 585 caverat.
1102 555 1196 585 Orat.
1215 557 1235 585 i.
1253 559 1304 589 37.
1337 557 1428 586 nobis
1452 556 1486 586 in
1511 555 1671 585 tribunati

927 599 967 638 Ω.
986 598 1134 638 Pompcii
1158 598 1310 628 Pra‘toris
1335 600 1452 630 urbani
1476 598 1669 628 sedentibus

929 643 988 672 ἀρ.
1020 641 1108 672 conf.
1125 643 1264 672 Sueton.
1280 641 1355 672 Tib.
1372 645 1424 673 33.
1455 643 1490 672 in
1508 643 1672 673 tribemali

927 692 1041 716 autem
1057 685 1267 725 Quaesitoris,
1284 695 1359 715 cuni
1382 695 1482 716 causa
1498 694 1668 725 ageretur,

927 729 1025 759 amici
1051 730 1134 767 ejus,
1159 729 1214 768 qui
1239 733 1400 768 cuperent
1422 729 1537 759 audire
1560 732 1671 760 orato-

928 783 978 803 res
995 783 1129 803 causam
1147 777 1293 812 agentes
1324 772 1420 803 Brut.
1436 775 1488 804 84.
1515 772 1589 802 volo
1606 772 1681 803 hoe·

926 818 1050 847 oratori
1074 817 1263 856 contingat,
1282 823 1332 853 ut,
1348 826 1425 846 cum
1441 815 1593 846 auditum
1610 816 1669 854 sit,

926 870 1004 890 eum
1028 870 1098 890 esse
1121 861 1305 897 dicturum,
1329 860 1420 890 loeus
1444 860 1480 890 in
1505 859 1669 890 subsellii·

927 908 1122 944 occupetur,
1139 905 1347 944 compleatur
1370 905 1529 941 tribunal,
1546 903 1671 943 gratio-

926 948 953 978 si
983 949 1099 978 scribae
1129 948 1210 985 sint,
1241 949 1275 978 in
1307 947 1417 978 dando
1455 953 1490 977 et
1520 946 1670 977 cedendo

927 991 1009 1022 loco.
1047 991 1252 1029 *Ceterum‚
1276 991 1365 1031 quod
1388 991 1430 1021 ad
1453 991 1595 1030 figuram
1619 994 1672 1022 at-

923 1035 1014 1066 tinet
1039 1036 1224 1071 tre'hwzalts,
1241 1045 1281 1065 ex
1309 1035 1420 1065 numis
1446 1040 1542 1075 patet
1564 1034 1668 1066 fuisse

926 1079 1134 1118 quadratam.
1177 1079 1272 1109 Hanc
1290 1079 1431 1118 figuram
1447 1088 1526 1119 ergo
1542 1079 1670 1109 tribue-

928 1133 1002 1152 mus
1035 1123 1251 1160 militaribus,
1280 1123 1478 1154 forensibus,
1523 1122 1587 1152 Sed
1611 1122 1674 1152 vi-

925 1167 1055 1197 truvius
1087 1177 1117 1197 v.
1154 1169 1181 1196 1.
1211 1167 1353 1196 formam
1385 1165 1669 1197 semicircularem

926 1210 1019 1247 facit,
1046 1219 1167 1250 nempe
1193 1209 1401 1250 lapideorum
1428 1214 1464 1239 et
1488 1214 1669 1250 perpetuo-

927 1264 1015 1291 rum,
1047 1264 1120 1292 quae
1159 1254 1193 1283 in
1234 1254 1375 1284 basilicis
1403 1258 1511 1283 erant.
1556 1253 1597 1283 «le
1627 1253 1670 1284 iis

927 1298 1017 1327 enim
1034 1298 1077 1328 ibi
1095 1307 1217 1334 sermo,
1236 1307 1303 1328 non
1320 1297 1360 1327 de
1376 1298 1549 1327 omnibus:
1567 1300 1669 1336 atque

927 1341 959 1371 id
975 1341 1125 1381 subjecta
1142 1351 1162 1371 a
1176 1341 1329 1371 Vitruvio
1346 1342 1430 1371 ratio
1449 1340 1557 1371 docet.
1602 1339 1671 1371 Sed

926 1385 1015 1423 quod
1038 1385 1076 1413 do
1102 1385 1153 1415 bis
1176 1385 1347 1415 Vitruvius
1372 1384 1467 1422 dicit,
1484 1384 1571 1415 male
1594 1383 1681 1424 qui-0,

925 1429 1001 1458 dam
1019 1429 1061 1458 ad
1076 1430 1232 1459 universa
1245 1428 1459 1458 transtulere.

973 1472 1188 1502 Tribunftius.
1213 1472 1288 1502 Act.
1301 1473 1322 1502 i.
1336 1472 1430 1503 Verr.
1446 1472 1495 1503 16.
1521 1471 1590 1502 Lex
1607 1471 1670 1502 tri-

925 1516 1062 1546 bunitia.
1086 1527 1114 1546 v.
1132 1516 1205 1546 Ind.
1222 1515 1326 1556 Legg.

970 1559 1144 1590 Tribunus.
1188 1560 1255 1589 tria
1291 1568 1415 1599 genera
1453 1559 1669 1591 tribunorum

924 1609 1004 1634 sunt
1019 1604 1109 1643 apud
1126 1604 1334 1634 Ciceronem.
1361 1606 1388 1633 Ι.
1412 1603 1534 1633 tribum*
1549 1601 1669 1643 plebis,

925 1646 965 1677 de
981 1657 1122 1686 quorum
1144 1647 1373 1683 institutione,
1389 1646 1669 1685 causis‚juribus‚

924 1691 1050 1720 tirones
1075 1696 1278 1730 cognoscant
1302 1700 1342 1720 ex
1358 1690 1429 1720 Liv.
1446 1690 1480 1720 ii.
1495 1693 1549 1721 33.
1579 1689 1670 1721 conf.

928 1734 998 1764 lnd.
1022 1734 1126 1774 Legg.
1143 1735 1177 1764 in
1202 1734 1308 1774 Leges
1329 1735 1486 1765 Sacratae.
1531 1733 1670 1764 Sublata.

924 1782 976 1808 est
990 1778 1168 1808 tribunitia
1183 1782 1329 1818 potestas
1346 1782 1474 1818 postea,
1491 1787 1526 1808 re
1549 1783 1584 1808 et
1608 1786 1670 1808 no-

924 1823 1026 1858 mine,
1051 1821 1248 1862 ad'tempus
1276 1831 1354 1852 cum
1379 1821 1557 1851 decemviri
1581 1820 1668 1860 legi·

924 1866 985 1895 bus
1002 1865 1151 1896 ferundis
1175 1866 1353 1896 constituti
1377 1870 1500 1895 essent.
1529 1864 1601 1895 Liv.
1618 1864 1667 1894 iii.

924 1911 977 1940 32.
1010 1910 1175 1940 restituta.
1199 1909 1278 1939 ibid.
1305 1912 1357 1940 54.
1390 1909 1523 1939 sublata
1542 1908 1667 1940 iterum

924 1963 972 1990 re,
999 1953 1136 1983 nomine
1165 1953 1293 1990 relicto,
1318 1963 1338 1982 a
1359 1952 1453 1983 Sulla
1480 1952 1667 1983 Dictatore.

925 1997 994 2027 Cic.
1011 1997 1092 2036 Leg.
1110 1997 1155 2027 iii.
1172 2001 1204 2032 9.
1229 1997 1313 2027 Caes.
1334 1995 1417 2026 Bell.
1435 1996 1504 2026 Civ.
1522 1996 1544 2026 i.
1561 1999 1592 2027 5.
1625 1994 1668 2028 ln

922 2050 988 2079 quo
1004 2045 1119 2070 tamen
1144 2040 1340 2081 scrupulum
1364 2040 1472 2080 injicit
1495 2040 1589 2070 locus
1613 2039 1670 2070 Ci-

925 2085 1052 2114 ceronis
1076 2085 1208 2115 Veri-in.
1230 2085 1252 2113 i.
1270 2085 1323 2115 60.
1355 2083 1394 2113 ‹le
1419 2093 1485 2123 quo
1508 2083 1574 2113 vid.
1590 2081 1666 2114 lnd.

923 2128 1027 2166 Legg.
1046 2129 1081 2157 in
1104 2128 1194 2167 Lege
1218 2127 1373 2158 Cornelia
1395 2127 1589 2157 tribunitia:
1614 2136 1666 2156 re-

923 2173 1045 2202 stituta
1061 2172 1183 2202 iterum
1203 2182 1222 2201 a
1243 2171 1303 2201 Cn.
1322 2171 1492 2211 Pompeio.
1538 2169 1665 2202 Eorum

923 2219 1071 2255 potestas
1088 2215 1322 2254 antiquissima
1337 2219 1371 2244 et
1393 2215 1503 2254 prima
1525 2214 1592 2244 fuit
1614 2214 1670 2244 in-

925 2259 1081 2288 tercessio
1098 2266 1216 2289 contra
1239 2259 1375 2288 decreta
1389 2263 1527 2289 senatus
1543 2263 1579 2288 et
1595 2267 1668 2288 ma-

924 2303 1125 2340 gistratuum
1138 2314 1148 2340 ·‚
1172 2302 1229 2332 sed
1244 2312 1284 2332 ea
1300 2307 1418 2342 postea
1431 2305 1541 2332 aucta.
1586 2301 1668 2332 Post

923 2351 1076 2386 tempora
1092 2346 1192 2376 Sullae
1209 2352 1243 2376 et
1268 2345 1437 2376 Ciceronis
1460 2347 1574 2382 aetate,
1589 2354 1665 2384 quae

924 2389 989 2419 huc
1010 2390 1163 2429 inprimis
1188 2391 1349 2430 pertinet,
1365 2394 1536 2419 senatores
1558 2388 1668 2419 tribu-

923 2434 957 2463 ni
975 2434 1080 2471 fuere,
1098 2434 1132 2463 in
1156 2439 1276 2464 senatu
1298 2433 1426 2469 sedere,
1444 2432 1486 2462 ad
1505 2436 1665 2463 senatum

923 2477 1046 2506 referre
1062 2482 1202 2517 potuere
1223 2478 1266 2518 (v.
1280 2476 1322 2506 ad
1333 2477 1408 2508 Div.
1421 2476 1443 2506 i.
1461 2474 1501 2514 l.)
1520 2476 1666 2514 edicere,

923 2523 964 2550 ut
985 2525 1121 2554 senatus
1145 2520 1352 2550 conveniret.
1376 2519 1455 2550 ibid.
1481 2520 1523 2550 xi.
1547 2520 1578 2550 6.
1603 2519 1666 2550 &c-

923 2563 1011 2593 conf.
1038 2564 1129 2604 Lips.
1155 2564 1264 2595 Elect.
1290 2564 1324 2594 ii.
1355 2566 1405 2594 13.
1437 2563 1594 2593 Torrent.
1621 2561 1666 2594 ad

923 2607 1060 2637 Sueton.
1084 2608 1171 2647 Aug.
1199 2611 1248 2639 10.
1285 2609 1317 2639 2.
1341 2607 1466 2637 tribum*
1492 2606 1666 2638 militares.

923 2651 964 2680 ad
986 2651 1051 2691 Qu.
1076 2651 1128 2681 Fr.
1154 2651 1187 2681 ii.
1215 2653 1265 2681 14.
1300 2655 1382 2681 sunt
1404 2653 1517 2680 autem
1542 2651 1668 2681 tribuni

922 2694 1078 2724 militum'
1100 2696 1135 2724 in
1164 2694 1363 2734 leg-ionibus,
1391 2701 1430 2724 ut
1453 2692 1604 2734 praefecti
1628 2694 1665 2724 in

921 2738 1058 2776 turmis,
1073 2738 1214 2777 subjecti
1238 2737 1363 2777 legam,
1383 2742 1424 2768 ut
1445 2737 1525 2777 ipsis
1548 2740 1668 2769 centu-

922 2782 1045 2820 riones,
1068 2792 1099 2813 v.
1122 2781 1165 2813 ad
1189 2781 1266 2812 Div.
1291 2791 1343 2811 xv.
1369 2783 1402 2811 4.
1442 2781 1553 2811 Creati
1584 2784 1667 2812 suut

921 2824 1022 2855 modo
1048 2835 1068 2855 a
1094 2824 1231 2866 populo,
1260 2824 1360 2854 modo
1387 2824 1428 2855 ab
1454 2824 1668 2863 imperatori-

920 2868 993 2900 bus.
1041 2868 1092 2901 Ab
1115 2868 1166 2901 his
1189 2873 1319 2900 creatos
1342 2867 1443 2900 docet
1456 2867 1551 2899 loeus
1564 2867 1608 2900 ad
1621 2866 1666 2910 Ω.
