1800 3131
147 118 232 156 354

154 214 262 254 Epist.
281 212 322 244 ad
337 212 417 243 Ant.
438 211 665 244 clementium
677 214 818 253 subject.
836 213 874 243 1i-

150 257 218 288 bris
234 257 274 288 de
291 258 429 288 Sestert.
447 266 480 296 p.
496 257 570 291 698.
587 266 635 296 sq.

191 301 343 338 fisiscere,
361 299 470 330 moliri
487 310 536 330 res
550 300 774 331 turbulentas.
799 300 872 331 Mil.

145 349 176 380 9.
201 350 327 384 quanto
351 344 405 374 ille
432 343 529 384 plura
550 345 708 375 miscebat.
733 345 815 375 Har.
832 345 873 374 R.

148 391 201 421 22.
226 390 334 418 miscet
350 398 387 417 ac
407 388 533 418 turbat.
556 388 655 418 Catil.
677 388 718 417 iv.
734 390 764 418 3.
789 397 874 417 nova

147 432 301 471 quaedam
314 433 439 461 misceri
454 436 488 461 et
503 431 674 462 concitari.
698 430 738 460 ad
755 431 829 460 Div.
843 441 873 461 v.

153 476 203 506 16.
228 485 267 505 ea
282 476 418 512 misceri,
444 475 564 515 parari,
582 474 774 514 impendere
791 475 872 513 reip.

149 518 169 537 ³*
186 519 226 550 de
252 523 395 556 oratore,
423 526 474 549 est
497 528 702 549 commovere
731 517 870 546 animos.

147 563 204 593 Or.
234 563 256 593 i.
288 565 338 594 51.
371 563 502 592 miscere
529 562 718 591 animorum
750 564 872 590 motus.

147 607 201 636 Sic
222 606 279 636 Or.
297 611 329 640 9.
355 605 497 636 Pericles
520 605 872 644 dicitu1·‚permz·scu2·s—

146 661 179 681 se
194 650 368 680 Graeciam.

144 717 147 719 —
189 693 431 724 Mserabz‘licer.
466 691 534 721 Att.
564 691 628 721 xiv.
664 694 712 721 10.
744 690 873 720 laudari

145 738 392 768 miserabiliter.-
437 734 469 764 h.
508 744 537 764 e.
575 738 614 764 ut
653 734 873 764 misericordia

146 786 395 811 commoveatur
410 779 444 807 in
461 788 552 815 eum,
569 778 624 816 qui
637 777 804 807 laudatur.

186 824 316 860 filis-ere,
341 822 568 859 vehementer,
596 821 706 851 nimis.
731 821 773 851 ad
790 821 868 851 Div.

145 868 202 898 xii.
223 869 271 897 1¹2.
295 867 410 896 misere
427 865 544 895 noluit.

190 910 354 946 flswereri,
379 910 514 948 passive.
546 908 616 938 Inv.
634 908 654 938 i.
678 910 708 937 3.
739 912 778 938 ut
801 918 871 937 ma-

136 955 265 994 joribus
289 956 370 983 natu
398 957 605 991 assurgatur,
622 957 660 981 ut
680 951 871 991 supplicum

146 1000 349 1028 misereatur.
375 996 428 1025 Sic
453 1000 488 1025 et
512 996 618 1035 accipi
645 997 755 1035 potest
777 995 871 1025 Verr.

146 1042 168 1072 i.
186 1045 239 1072 30.
256 1051 286 1070 v.
303 1044 372 1070 not.

185 1085 334 1121 Anisena,
351 1081 538 1123 periculum
552 1091 694 1112 reorum.
719 1083 823 1113 Flacc.
843 1085 871 1113 1.

145 1130 357 1159 miseriarum
373 1126 577 1166 deprecator.
615 1127 635 1144 ³*
649 1126 742 1157 labor
756 1126 872 1157 taedio-

141 1182 197 1202 sus
214 1179 247 1202 et
264 1170 434 1201 molestus.
449 1170 545 1200 Rosc.
559 1170 596 1199 C.
613 1172 661 1200 11.
685 1181 762 1201 cum
779 1180 870 1201 sun]-

142 1225 197 1246 ma
223 1216 351 1245 miseria
374 1214 516 1244 erudire.
550 1213 569 1231 ²¹·
585 1213 660 1243 Div.
691 1215 724 1244 ii.
750 1217 803 1245 41.
828 1224 869 1243 ne

145 1259 260 1289 omnia
274 1257 504 1298 superstitiosa
530 1258 660 1287 miseria
675 1258 848 1288 crederent
862 1270 867 1287 :

147 1302 181 1333 h.
197 1313 226 1332 e.
243 1303 348 1332 nimia
361 1301 608 1341 superstitione.

185 1346 306 1383 Mz‘ssz‘o,
324 1346 410 1375 finis.
427 1345 468 1374 ad
485 1344 561 1374 Div.
578 1355 606 1373 v.
628 1346 676 1374 12.
694 1355 771 1375 cum
787 1355 871 1385 prae-

142 1398 241 1420 eones
258 1394 336 1419 ante
363 1389 540 1419 missionem
564 1387 720 1418 ludorum
747 1399 870 1419 corona

140 1433 320 1463 donentur.

181 1477 321 1507 Mitella..
356 1475 467 1506 Rabir.
495 1475 584 1505 Post.
611 1478 659 1506 10.
688 1479 739 1505 est
768 1476 870 1506 mitra

140 1530 252 1560 parva,
268 1520 335 1550 sive
359 1518 489 1549 corollae
504 1528 521 1547 e
538 1523 628 1548 veste
641 1519 746 1549 serica
762 1519 868 1549 ‹liver-

136 1563 280 1601 sicolori,
318 1563 502 1602 unguentis
550 1562 704 1599 madidae,
744 1569 784 1593 ut
826 1573 865 1593 ex

137 1607 222 1637 Plin.
239 1608 304 1637 xxi.
321 1610 351 1638 3.
376 1606 584 1636 demonstrat
596 1605 733 1636 Salmas.
750 1606 792 1636 ad
808 1608 866 1636 So-

136 1649 196 1681 lin.
214 1661 244 1690 p.
262 1653 336 1684 392.

177 1694 382 1734 lilitg'sicatzcs.
406 1693 481 1723 Div.
494 1692 528 1722 ii.
541 1693 593 1722 26.
617 1692 807 1732 mirificatus
818 1694 864 1723 ci-

133 1738 209 1774 bus,
227 1743 278 1767 est
294 1744 473 1767 concoctus
487 1742 520 1765 et
532 1736 567 1766 in
583 1746 701 1775 corpus
712 1737 862 1767 diffusus.

134 1781 201 1818 Sic,
219 1782 377 1820 mitigare
393 1780 504 1810 cibum
527 1779 607 1810 Nat.
622 1779 665 1810 D.
679 1781 712 1810 ii.
726 1780 779 1811 60.
802 1791 862 1820 pro

133 1835 286 1863 coquere.

172 1867 346 1907 Illite'gare,
364 1866 537 1897 consolari.
555 1866 598 1896 ad
614 1867 689 1897 Div.
702 1867 785 1898 vi.4.
802 1877 855 1897 me

131 1922 200 1942 non
215 1915 348 1942 tantum
362 1911 478 1947 literae,
491 1915 657 1949 quantum
667 1910 858 1950 longinqui-

125 1958 179 1985 tas
195 1956 354 1995 temporis
370 1955 545 1993 mitigavit.

169 2000 287 2029 Mitra.
318 1999 463 2038 Harusp.
494 1997 533 2027 R.
562 1999 614 2028 21.
640 2001 692 2028 est
735 1997 852 2035 fascia,

125 2051 190 2081 qua
217 2046 319 2082 caput
345 2042 532 2072 redimitur.
559 2041 617 2071 sed
640 2041 787 2071 barbaris
816 2042 856 2071 il-

124 2085 189 2116 lius
207 2096 285 2116 usus
303 2085 523 2124 frequentior,
540 2094 641 2124 quam
662 2085 799 2122 Graecis,
817 2088 856 2115 ut

130 2139 148 2159 e
163 2129 301 2169 Virgilio
318 2134 463 2165 constat,
480 2128 545 2158 vicl.
557 2138 586 2158 v.
602 2138 630 2158 c.
645 2128 722 2158 AEn.
735 2139 764 2158 v.
780 2131 855 2160 215.

127 2173 170 2203 cf.
195 2173 302 2203 GraeV.
331 2173 422 2203 Lect.
443 2171 579 2202 Hesiod.
597 2182 625 2202 c.
645 2174 698 2203 25.
722 2176 756 2201 et
769 2172 858 2202 inter

127 2216 259 2246 Graecos
274 2217 510 2254 Romanosque
521 2216 668 2253 feminis,
681 2225 749 2245 non
766 2216 854 2245 viris.

125 2260 191 2290 vid.
208 2260 347 2290 Salmas.
361 2259 403 2289 ad
418 2258 562 2299 Solin.p.
579 2261 653 2293 392.
671 2265 705 2289 et
719 2259 854 2290 Abram.

127 2303 169 2333 ad
180 2304 237 2334 Or.
251 2314 300 2344 pr.
319 2304 401 2334 Rab.
418 2304 505 2333 Post.
522 2306 570 2333 10.

163 2347 309 2384 stIz'ttere,
328 2347 502 2384 nunciare,
519 2356 578 2386 per
594 2346 735 2376 nuncios
751 2346 854 2386 signi—

123 2387 235 2421 ficare.
261 2391 332 2420 Att.
355 2391 389 2420 ii.
417 2392 447 2420 2.
475 2399 551 2419 nam
570 2390 618 2419 ita
633 2389 673 2419 ad
698 2399 750 2419 me
778 2391 855 2420 mic-

128 2438 215 2470 tum,
227 2434 403 2473 Nigidium
416 2434 536 2463 minari
554 2433 588 2462 in
604 2433 775 2462 concione.
800 2434 853 2463 Sic

130 2477 243 2508 Livius
271 2487 357 2516 saepe
385 2477 446 2507 hoc
471 2477 571 2506 verbo
597 2486 675 2506 usus
699 2481 771 2506 est:
797 2487 853 2507 ex-

119 2520 232 2560 empla
248 2521 412 2559 congessit
438 2520 581 2550 Gronov,
607 2519 648 2549 ad
674 2520 782 2549 xxxiv.
800 2522 852 2555 29.

116 2563 137 2583 ὖ
153 2564 224 2593 Fin.
237 2564 258 2593 i.
280 2568 306 2594 l.
332 2564 420 2602 quod
436 2563 537 2593 semel
556 2565 690 2593 missum
707 2565 852 2593 coerceri

119 2608 321 2646 reprimique
339 2617 405 2637 non
422 2607 684 2646 potest.pr0prie
701 2607 740 2636 de
758 2608 852 2646 equis

117 2660 135 2681 e
153 2652 338 2680 carceribus
359 2651 496 2680 emissis.
530 2650 549 2668 ᾗ
567 2660 625 2689 pro
656 2651 852 2682 immittere.

113 2693 190 2725 Mil.
208 2696 260 2724 128.
285 2695 370 2723 utin
386 2704 440 2723 eos
458 2694 566 2732 potins
582 2704 616 2723 se
636 2695 786 2724 mitleret.

157 2737 299 2774 Mobilis,
326 2738 506 2776 periturns,
533 2737 708 2767 instabilis.
745 2738 845 2768 Dum.

117 2784 168 2812 53.
193 2780 320 2810 caduca
335 2790 466 2819 semper
480 2786 514 2810 ct
531 2782 659 2810 mobilia
676 2781 747 2811 haec
776 2791 846 2812 esse

114 2824 206 2859 cluxi-
231 2823 274 2854 N.
291 2824 333 2854 D.
352 2824 384 2853 ii.
406 2827 454 2853 11.
473 2825 706 2854 mobilissimos.

157 2867 330 2898 Mobiliter.
356 2867 430 2897 Div.
447 2867 480 2896 ii.
498 2868 549 2898 63.

154 2910 490 2951 Moderarifflarcere.
509 2910 615 2943 Flacc.
625 2913 678 2942 35.
695 2910 843 2945 modera-

667 124 812 153 lNDEx
845 125 1139 155 LATINITATIS.

916 219 970 245 tus
991 218 1042 245 est
1056 214 1208 254 religioni
1223 224 1291 245 suae
1314 214 1349 244 in
1371 215 1569 248 testimonio

917 258 1033 289 cendo.

961 302 1153 339 Moderatio,
1171 303 1334 342 regimen,
1349 306 1507 342 potestas.
1531 303 1606 334 Act.
1622 303 1645 334 i.

916 344 950 374 in
978 345 1069 376 Verr.
1097 349 1127 379 7.
1151 352 1235 375 extr.
1259 346 1373 375 omnia
1399 346 1433 375 in
1459 346 1559 376 unius
1586 356 1646 386 po-

915 391 1037 418 testate
1049 399 1086 418 ac
1105 390 1315 419 moderatione
1331 394 1514 419 vertentur.

959 432 1152 462 Madet-ator.
1178 433 1295 463 Partit.
1313 436 1343 463 3.
1377 433 1424 462 rei
1448 432 1642 463 sententiae·

917 484 979 512 que
993 476 1185 513 moderator,
1204 476 1243 506 de
1260 476 1493 516 disceptatore.

959 518 1158 549 Moderatus.
1181 521 1239 550 Or.
1256 520 1289 549 ii.
1308 523 1338 550 8.
1373 521 1429 558 qui
1444 522 1563 549 cantus
1578 528 1644 549 mo-

915 562 1037 592 ‹lerata›
1066 562 1225 593 orationis
1262 563 1540 603 pronunciatione
1570 561 1646 592 dul-

916 605 1007 634 cior?

958 647 1111 685 flIocIeste,
1142 648 1282 678 modice.
1316 650 1386 679 Att.
1428 649 1472 679 ix.
1507 652 1556 683 19.
1589 659 1641 687 ea,

918 701 994 721 cum
1013 692 1149 722 modeste
1177 692 1275 729 fiunt,
1291 697 1406 722 tamen
1429 693 1502 733 ipsa
1526 703 1586 732 per
1608 702 1643 722 se

916 735 1058 765 molesta
1073 739 1161 765 sunt.
1186 745 1216 765 v.
1244 735 1404 766 modicus.
1426 736 1445 753 ²*
1461 737 1643 776 opponitur

917 779 958 818 τῷ
984 778 1163 809 hostiliter.
1189 778 1230 808 ad
1255 778 1334 808 Div.
1358 780 1423 809 xiv.
1453 782 1502 810 14.
1526 780 1553 810 si
1585 779 1640 810 ille

915 823 1049 852 modeste
1074 823 1217 852 Romam
1233 827 1393 852 venturus
1409 826 1474 859 est,
1489 826 1578 853 recte
1605 824 1641 853 in

913 866 1092 905 praesentia
1103 866 1192 895 domi
1210 875 1279 895 esse
1297 866 1446 905 potestis.

957 909 1126 940 flIodestia.
1151 909 1216 939 Off.
1246 909 1267 938 i.
1299 911 1352 939 40.
1376 908 1457 948 quid
1483 909 1552 940 sit?
1578 909 1639 940 Est

914 952 1050 992 duplex,
1081 958 1115 983 et
1141 962 1180 982 ea
1207 962 1281 991 quae
1305 952 1428 982 Graecis
1454 951 1586 991 ιῦτιξίω,
1602 960 1638 983 et

915 1005 988 1034 quae
1007 995 1137 1038 εὐκαιρία
1153 995 1287 1026 dicitur.
1310 1006 1340 1026 ν.
1366 996 1472 1026 Graev.
1495 996 1538 1026 ad
1555 996 1588 1027 h.
1619 996 1641 1027 1.

914 1039 1178 1078 *temperantia
1199 1039 1299 1070 Tusc.
1317 1039 1363 1069 iii.
1383 1043 1412 1070 8.

958 1082 1129 1113 Modestus.
1154 1084 1230 1113 Sen.
1247 1093 1280 1123 p.
1295 1083 1334 1113 R.
1358 1085 1389 1115 2.
1413 1083 1544 1114 modesti
1559 1093 1639 1114 con-

913 1126 1015 1164 sules,
1032 1126 1203 1164 dicuntur,
1221 1127 1278 1165 qui
1292 1130 1450 1157 verentur
1464 1131 1582 1157 contra
1591 1126 1638 1157 le-

913 1180 970 1209 ges
985 1170 1105 1200 facere.
1129 1170 1147 1188 *
1163 1171 1220 1200 irae
1231 1173 1360 1210 potens.
1384 1170 1476 1200 Verr.
1492 1171 1514 1201 i.
1528 1173 1583 1205 47.
1605 1170 1637 1200 Ο

913 1214 1090 1244 modestum
1101 1213 1249 1244 ordinem
1262 1214 1270 1243 l
1291 1213 1348 1252 qui
1361 1219 1396 1244 te
1413 1214 1522 1244 vivum
1536 1214 1636 1244 istinc

913 1257 1002 1288 abire
1026 1267 1140 1298 passus
1156 1261 1216 1287 est.
1241 1256 1260 1275 ⁷*
1275 1258 1456 1297 opponitur
1470 1257 1639 1288 seditioso.

912 1300 990 1340 Agr.
1008 1301 1042 1331 ii.
1059 1304 1111 1332 31.
1133 1301 1226 1341 plebs
1252 1301 1494 1332 modestissima.
1518 1301 1538 1319 ²*
1552 1301 1636 1331 Lael.

916 1347 965 1375 13.
988 1345 1170 1384 opponitur
1185 1344 1365 1383 flagitioso:
1391 1345 1425 1375 h.
1441 1354 1470 1375 e.
1484 1344 1638 1375 libidino-

911 1397 959 1418 so·
998 1388 1017 1406 ²*
1033 1388 1127 1418 lenis.
1154 1388 1225 1418 Att.
1256 1399 1288 1418 x.
1321 1390 1351 1418 5.
1377 1388 1544 1418 modestior
1566 1397 1637 1419 non

913 1441 980 1461 ero.

955 1475 1092 1512 Modice,
1117 1474 1247 1505 leniter.
1280 1474 1362 1505 Cato
1388 1478 1414 1505 1.
1448 1475 1511 1505 etsi
1534 1478 1570 1504 te
1601 1475 1635 1505 id

911 1518 1029 1548 modice
1044 1523 1079 1548 et
1094 1519 1261 1558 sapienter
1274 1523 1309 1548 et
1331 1518 1416 1548 ferre
1433 1523 1469 1549 et
1483 1518 1633 1549 laturum

909 1571 981 1592 esse
1008 1568 1098 1592 certo
1125 1563 1204 1592 scio.
1237 1562 1257 1580 ¹*
1273 1562 1447 1597 moderate,
1469 1562 1502 1592 h.
1528 1572 1557 1592 c.
1573 1572 1635 1592 suo

909 1606 1051 1643 ae'msto
1067 1605 1177 1635 modo.
1200 1607 1257 1636 Or.
1284 1606 1305 1635 i.
1329 1608 1381 1640 529.
1406 1606 1458 1643 iis,
1475 1615 1550 1644 quae
1575 1605 1634 1636 ha·-

907 1649 1001 1685 bent,
1019 1650 1137 1679 modice
1151 1659 1188 1679 ac
1204 1649 1348 1679 scienter
1363 1654 1514 1679 utantur.

948 1692 1104 1723 Modicus.
1129 1692 1209 1732 Leg.
1225 1693 1271 1722 iii.
1291 1695 1337 1723 18.
1361 1692 1499 1729 modica,
1516 1692 1549 1722 id
1565 1696 1630 1730 est,

907 1736 1058 1766 modesta
1072 1742 1172 1775 atque
1185 1735 1313 1766 sedata.
1337 1736 1407 1766 Fin.
1419 1736 1454 1766 ii.
1474 1739 1523 1770 19.
1540 1735 1635 1766 Grae-

908 1780 954 1810 cis
970 1779 1032 1810 hoc
1048 1780 1208 1810 modicum
1220 1783 1281 1809 est.
1295 1779 1328 1809 h.
1346 1789 1376 1810 e.
1399 1778 1506 1809 Graeci
1522 1779 1557 1809 in
1572 1779 1636 1810 hoc

906 1833 1027 1862 genere
1038 1833 1155 1863 parum
1165 1822 1395 1863 exemplorum
1406 1822 1552 1863 proferre
1561 1832 1637 1863 pos-

904 1870 995 1897 sunt.

946 1910 1163 1950 llIoclg'ficatus.
1187 1910 1276 1940 Part.
1304 1913 1334 1941 5.
1369 1910 1469 1940 verba
1494 1909 1535 1939 ab
1561 1918 1635 1939 ora-

903 1958 976 1984 tore
998 1954 1184 1994 modficata
1211 1958 1246 1984 et
1271 1954 1394 1984 inflexa
1416 1953 1634 1993 quedammo-

902 1997 944 2027 do
959 2010 968 2036 3
995 1997 1107 2036 qualia
1122 2000 1203 2028 sunt
1216 2007 1267 2035 ea,
1286 2007 1360 2036 quae
1380 1997 1633 2027 transferuntur

903 2041 963 2072 διο.
985 2041 1042 2071 Or.
1058 2041 1105 2072 iii.
1121 2044 1175 2071 48.
1198 2041 1348 2071 membra
1366 2042 1441 2082 (int.
1455 2039 1630 2076 orationis)

901 2084 1095 2114 modificata
1106 2094 1175 2114 esse
1188 2084 1375 2115 debebunt:
1390 2084 1422 2114 h.
1433 2094 1462 2114 e.
1476 2093 1633 2113 numero-

904 2137 953 2165 sa,
970 2133 1047 2168 apte
1064 2128 1227 2159 cadentia.

943 2171 1082 2202 Modius.
1106 2172 1178 2202 Att.
1203 2172 1245 2202 vi.
1279 2175 1309 2201 1.
1331 2171 1378 2201 sic
1405 2170 1462 2201 illa
1484 2170 1558 2208 jam
1572 2169 1633 2200 ha·-

900 2215 993 2253 bent,
1011 2215 1110 2255 pleno
1126 2216 1239 2252 modio,
1262 2215 1438 2244 verborum
1454 2214 1631 2252 honorem,

899 2259 1136 2289 invitationem
1153 2259 1314 2289 crebram.

942 2301 1046 2333 Modo.
1083 2312 1143 2342 pro
1171 2311 1234 2332 non
1265 2301 1355 2331 modo
1382 2311 1444 2332 nou
1473 2301 1538 2331 dici
1567 2309 1631 2332 mm

900 2346 1002 2384 modo,
1019 2356 1097 2376 cum
1114 2347 1266 2384 sequitur
1281 2355 1322 2375 ne
1345 2345 1493 2384 quidem,
1509 2349 1629 2374 notum

899 2396 961 2419 est.
990 2399 1019 2419 v.
1045 2389 1087 2419 ad
1116 2389 1192 2419 Div.
1222 2390 1265 2419 ix.
1302 2392 1351 2423 17.
1375 2393 1410 2419 et
1426 2389 1560 2418 Manut.
1587 2387 1631 2418 ad

899 2433 976 2462 Div.
992 2433 1013 2462 i.
1031 2437 1062 2467 9.
1085 2432 1143 2462 sed
1158 2436 1208 2462 est
1222 2433 1325 2462 etiam
1342 2437 1420 2463 ante
1435 2441 1552 2461 verum
1574 2435 1624 2461 et-

899 2476 977 2506 iam.
1001 2476 1070 2507 Att.
1103 2476 1138 2506 ii.
1165 2480 1191 2506 1.
1223 2485 1285 2506 non
1312 2476 1401 2506 modo
1427 2476 1628 2512 excitatum,

899 2519 957 2549 sed
972 2520 1074 2550 etiam
1091 2519 1190 2560 plane
1214 2519 1444 2560 perterritum.
1472 2519 1546 2549 Duo
1563 2518 1630 2548 alia

900 2563 1054 2603 exempla
1069 2573 1108 2593 ex
1133 2562 1155 2592 l.
1179 2563 1212 2593 ii.
1238 2563 1284 2593 iii.
1309 2562 1405 2593 offic.
1433 2562 1527 2592 dedit
1551 2561 1629 2592 Mu-

898 2611 960 2636 ret.
977 2606 1017 2636 V.
1034 2607 1073 2637 L.
1097 2617 1128 2636 x.
1145 2610 1175 2641 7.
1192 2615 1221 2637 v.
1240 2616 1318 2636 non.
1336 2605 1448 2635 Etiam
1457 2605 1628 2635 omittitur

899 2655 978 2680 ante
995 2650 1051 2680 sed
1062 2651 1176 2681 etiam.
1200 2653 1236 2679 ut
1245 2649 1276 2679 T
1278 2659 1346 2680 use.
1359 2659 1388 2678 v.
1407 2649 1437 2679 6.
1461 2649 1518 2678 ubi
1536 2647 1630 2678 addi-

897 2693 947 2723 dit
962 2694 1076 2724 Davis.
1092 2693 1147 2723 ed.
1169 2703 1235 2723 sec.
1268 2692 1433 2723 Notabilis
1458 2698 1510 2722 est
1524 2692 1629 2721 etiam

895 2737 1114 2777 transpositio
1130 2736 1230 2775 hujus
1255 2735 1383 2766 formae.
1406 2735 1477 2765 Att.
1494 2735 1558 2766 xiv.
1580 2738 1630 2769 19.

896 2781 951 2810 cui
967 2780 1063 2810 facile
1080 2780 1239 2820 persuasi,
1257 2779 1291 2808 id
1307 2779 1395 2818 quod
1416 2783 1563 2818 rogaret,
1585 2786 1628 2808 ne

894 2823 994 2853 licere
1018 2824 1168 2863 quidem,
1195 2832 1258 2853 non
1289 2822 1378 2853 modo
1407 2831 1472 2852 non
1503 2821 1628 2852 lubere.

893 2876 962 2897 non
977 2868 1078 2905 modo,
1096 2870 1257 2905 sequente
1270 2875 1400 2903 verum,
1415 2875 1475 2906 pro
1492 2873 1559 2895 non
1576 2863 1629 2893 di-

892 2910 1070 2942 eam—sed
1091 2915 1132 2941 ut
1154 2909 1229 2943 Act.
1247 2910 1270 2941 i.
1286 2910 1321 2940 in
1337 2909 1432 2949 Verr.
1449 2911 1480 2940 3.
1511 2908 1539 2938 si
1561 2915 1625 2937 mn
