1800 3131
123 135 203 173 189

127 234 272 275 pecunia
301 234 527 275 consequitur,
551 237 592 266 ut
614 236 644 266 ei
660 236 784 267 solvere
808 247 849 267 ne

127 283 278 318 cogatur.
312 279 420 309 Pison.
445 282 498 310 35.
528 278 606 310 hinc
635 279 771 319 Quinct.
796 284 849 312 30.

126 322 305 362 cupiditati
333 323 481 353 addicere
506 322 663 362 aliquem,
693 329 744 354 est
773 334 851 354 con-

125 365 297 404 demnare,
314 376 373 406 pro
389 366 537 397 lubidine
552 368 705 406 petitoris
722 372 780 398 aut
796 378 849 397 ac-

124 410 298 440 cusatoris.
326 410 402 439 Seu.
421 421 452 450 p.
468 410 549 441 Red.
567 414 596 444 7.
622 411 770 441 addicere
785 411 851 440 for-

122 456 224 483 tunas
248 454 326 484 civis
350 455 476 493 optime
500 454 623 491 meriti,
648 464 692 484 sc.
719 454 847 484 libidini

125 496 246 535 Clodii,
263 498 420 538 potestati
444 499 514 537 ejus
532 498 738 537 permittere,
756 502 794 527 ut
810 507 850 527 ea

123 546 204 570 sunt
228 541 261 570 in
286 545 452 580 potestate
476 549 601 578 nostra,
616 551 689 580 quae
713 551 732 570 a
756 541 849 570 nobis

123 591 217 614 emta
239 592 330 620 suut,
355 588 413 614 aut
437 585 561 623 potius,
585 591 623 614 ut
646 588 697 614 est
720 584 850 613 debitor

116 627 245 667 judicio
269 628 361 658 nobis
385 627 548 657 addictus.
576 627 615 657 de
640 637 703 666 quo
728 636 848 665 genere

122 670 335 702 addictorum
359 681 389 701 V.
414 670 551 701 Salmas.
575 671 664 700 mod.
695 671 794 700 Usur.
819 681 847 701 e.

123 717 173 746 18.

164 759 335 789 Addictus.
367 758 463 788 Rosc.
495 757 588 788 Com.
623 760 672 787 14.
700 757 849 788 addictus

121 806 195 832 erat
223 802 285 831 tibi
315 801 348 831 h.
380 812 409 830 e.
440 801 695 838 condemnatus,
720 806 758 831 ut
786 802 847 832 tibi

120 845 260 876 solveret
270 845 446 884 pecuniam
458 854 557 883 quam
571 845 725 884 petieras.
742 844 847 875 Flacc.

121 891 173 920 20.
208 899 285 919 cum
313 888 505 926 judicatum
531 897 596 917 non
628 888 766 926 faceret,
789 889 847 919 ad-

119 933 226 963 dictus
249 931 434 971 Hermippo
458 936 491 961 ct
508 932 548 961 ab
565 932 627 961 hoc
650 932 770 962 ductus
786 936 848 963 est.

120 976 162 1006 ad
186 976 260 1006 Div.
286 975 340 1005 vii.
363 978 415 1005 24.
440 976 590 1005 addictus
612 975 847 1015 Hipponacteo

119 1019 300 1060 praeconio,
317 1019 349 1049 h.
367 1029 396 1048 e.
413 1019 561 1048 infamiae
577 1018 728 1048 addictus
744 1019 847 1049 tradi-

118 1068 240 1102 tusque
255 1067 318 1100 est,
333 1062 434 1092 Calvo
450 1062 543 1101 quasi
559 1072 723 1102 praecone,
741 1072 846 1101 eoque

118 1106 294 1145 ejusmodi,
308 1105 413 1145 qualis
427 1105 604 1146 Hipponax
620 1106 698 1143 suit,
711 1106 765 1145 qui
779 1106 847 1136 An-

118 1150 291 1180 thcrmum
314 1154 349 1180 et
364 1149 531 1190 Bupalum
548 1150 693 1179 versibus
711 1150 777 1179 suis
795 1150 847 1180 in-

117 1194 231 1224 famia:
252 1193 403 1223 tradidit.
428 1194 521 1224 Verr.
539 1193 573 1224 ii.
586 1195 638 1224 32.
665 1194 772 1232 pretio
787 1195 847 1224 ad-

118 1238 240 1268 dictam
264 1237 384 1267 habere
411 1237 526 1274 fidem,
551 1237 572 1266 i.
597 1248 625 1266 c.
650 1242 845 1277 corruptum

117 1291 200 1312 csse.
226 1280 310 1311 Phil.
328 1281 360 1311 ii.
376 1283 428 1312 21.
452 1281 588 1310 vendita
600 1288 699 1320 atque
713 1281 846 1311 addicta

117 1325 300 1355 sententia.

161 1369 319 1399 Addictio.
350 1368 424 1399 Aet.
442 1369 463 1399 i.
481 1369 515 1399 in
537 1368 629 1399 Verr.
646 1370 676 1398 4.
707 1369 847 1399 addictio

115 1413 278 1443 bonorum
292 1424 301 1450 3
323 1423 398 1442 cum
409 1413 510 1452 judex
524 1412 658 1452 petitori
671 1412 741 1451 ejus
757 1413 845 1443 bona

116 1456 315 1497 possidenda
335 1456 452 1493 tradit,
470 1456 558 1486 unde
573 1456 712 1495 petitur.

160 1501 341 1531 Addume.
370 1501 416 1530 rei
437 1500 597 1530 dicuntur
613 1499 730 1529 adduci
747 1509 791 1530 sc.
808 1500 843 1530 in

109 1543 289 1583 judicium.
313 1554 342 1573 V.
366 1543 440 1574 Aet.
458 1545 479 1574 i.
495 1545 530 1573 in
549 1543 642 1574 Verr.
659 1545 689 1574 ⁶2..
720 1544 730 1561 ³
751 1544 842 1574 Verr.

115 1588 163 1618 iii.
181 1588 233 1618 61.
263 1588 382 1618 adduci.
406 1588 440 1617 in
456 1596 642 1617 sermonem
664 1591 697 1616 et
714 1588 843 1626 vitupe-

115 1632 293 1661 rationem.
323 1631 398 1661 *de
430 1640 508 1660 arcu
541 1640 616 1660 cum
641 1631 842 1668 intenditur,

115 1675 228 1706 Divin.
248 1675 268 1705 i.
287 1677 338 1705 54.
362 1675 443 1704 item
468 1674 583 1704 eodem
605 1673 703 1703 modo
720 1674 759 1704 de
776 1678 845 1705 tor—

115 1719 239 1749 mentis
256 1724 289 1748 et
304 1718 457 1748 ballistis,
472 1718 572 1748 Tusc.
589 1718 622 1747 ii.
639 1720 691 1749 24.

159 1763 390 1793 Addahitatus.
424 1762 488 1792 Off.
520 1762 540 1791 i.
573 1763 624 1792 24.
655 1770 706 1791 res
737 1762 844 1791 addu—

115 1805 219 1836 bitata
229 1818 238 1835 .·
263 1815 321 1846 pro
336 1807 465 1836 incerta
481 1805 607 1843 habita,
621 1808 655 1834 et
667 1811 845 1845 propterea

115 1850 248 1880 omissa.

158 1894 255 1924 Adeo.
287 1894 363 1923 Sen.
380 1903 412 1933 p.
428 1892 510 1923 Red.
528 1896 558 1927 9.
586 1892 688 1931 injus
706 1893 808 1923 adire.

157 1938 254 1968 Adeo.
286 1937 358 1966 πᾶν.
382 1946 441 1976 pro
464 1935 603 1966 scilicet.
621 1936 661 1965 ad
677 1936 752 1966 Div.
775 1937 842 1967 viii.

119 1983 170 2012 15.
196 1981 285 2018 adeo,
302 1980 389 2018 quod
402 1979 571 2011 Intemelii
584 1980 618 2009 in
635 1980 735 2010 armis
752 1986 843 2010 sunt.

157 2025 274 2064 Adeps.
305 2024 407 2053 Cassii
441 2024 539 2064 adeps
569 2023 643 2053 Cat.
669 2023 716 2053 iii.
741 2027 772 2058 7.
803 2024 844 2054 de

115 2067 251 2098 homine
269 2067 362 2097 molli
378 2072 412 2098 et
427 2068 557 2107 ignavo.

158 2112 293 2142 Adesus.
332 2111 450 2150 Quint.
480 2113 528 2141 1⁶2.
560 2110 658 2140 adesa
687 2111 842 2150 pecunia,

115 2160 309 2186 consumta:
335 2155 517 2195 opponitur
533 2154 728 2185 abundanti.

159 2200 337 2229 Adlioere0.·
364 2198 405 2228 ad
431 2199 507 2229 Div.
533 2198 600 2227 viii.
630 2200 660 2228 5.
692 2198 726 2227 in
752 2198 845 2228 incili

115 2243 231 2272 omnia
246 2243 463 2272 czdlzaeserzmt.
477 2241 541 2271 vid.
559 2240 675 2270 Incile.
701 2241 845 2272 *Vatia

116 2288 146 2316 5.
172 2290 341 2316 extremus
353 2286 508 2316 adlioesz't:
524 2285 577 2314 vix
593 2284 734 2315 ultimus
754 2295 844 2325 quae-

115 2334 186 2360 stor
200 2329 309 2359 factus
326 2333 388 2359 est.

159 2373 394 2403 Adhoerescere.
426 2373 482 2402 Or.
506 2373 528 2402 i.
545 2374 597 2403 25.
626 2372 844 2402 adhoerescere

108 2416 265 2456 justitiae.
296 2415 315 2434 *Ε
332 2416 554 2446 adhaerescere
578 2415 751 2453 dicuntur,
769 2425 842 2454 quae

116 2457 183 2490 vim
219 2469 292 2489 eam
330 2459 468 2496 babent,
498 2469 598 2498 quam
628 2458 841 2490 volebamus:

115 2507 267 2534 sumtum
282 2513 386 2542 genus
399 2513 417 2532 a
431 2502 556 2533 facibus
566 2503 668 2541 jactis
681 2503 716 2532 in
732 2504 843 2540 urbes,

115 2547 343 2583 munimenta,
368 2548 462 2582 item,
487 2556 506 2576 a
528 2546 615 2577 telis.
639 2548 696 2576 Or.
731 2546 764 2576 ii.
789 2549 842 2578 53.

116 2591 304 2621 adhaerescit
327 2594 577 2629 argumentum.
603 2589 644 2620 cf.
668 2591 768 2620 Dom.
792 2593 844 2621 24.

118 2637 149 2665 5.
187 2634 324 2663 *oratio
354 2634 477 2663 (licitur
510 2634 746 2670 atlliae1·esce1·c‚
779 2634 843 2673 (uti

117 2687 216 2716 aqua,
235 2687 312 2706 cum
336 2677 370 2706 in
401 2677 538 2706 flumine
570 2677 611 2706 ad
639 2687 754 2707 saxum
785 2681 845 2707 aut

117 2721 218 2751 aliam
239 2720 396 2759 injectam
422 2730 490 2749 reni
515 2720 682 2758 offendit,)
701 2730 778 2750 cum
795 2730 846 2750 as-

117 2774 199 2804 pera
229 2769 291 2800 est,
322 2763 445 2800 hiulca,
476 2773 543 2793 uon
574 2763 696 2793 leuiter
727 2764 844 2794 fluens.

115 2808 211 2839 Brut.
225 2810 276 2841 79.
290 2809 342 2840 93.
366 2807 384 2825 *²
394 2812 504 2836 orator
517 2812 629 2836 autem
642 2808 843 2846 ‹tellum-esen,

116 2861 193 2881 cum
218 2850 334 2889 lingua
357 2860 423 2879 non
448 2856 499 2880 est
522 2851 601 2880 sutis
618 2851 728 2881 soluta
743 2856 777 2881 et
793 2852 844 2881 in—

117 2895 232 2925 citata.
255 2894 350 2924 Brut.
364 2898 415 2927 93.
440 2894 458 2912 ²*
471 2894 504 2923 in
521 2895 682 2924 memoria
694 2904 841 2925 manere.

116 2938 174 2970 Or.
196 2939 220 2969 i.
244 2938 296 2970 61.
329 2937 470 2968 fastidiis
501 2938 736 2969 adhaerescunt.
769 2938 841 2969 ¹*de

638 140 785 175 m'msx
815 141 1110 176 LAT1N1TA'rts.

894 238 946 275 iis,
959 238 1015 277 qui
1027 237 1069 268 atl
1081 236 1225 277 aliquem
1242 236 1416 268 doctorem·
1429 246 1462 268 se
1479 235 1528 270 ita
1540 242 1620 270 coxis·

893 282 1018 319 serunt,
1036 286 1076 312 ut
1099 282 1132 311 in
1156 282 1310 311 omnibus
1328 286 1511 320 sequantur
1526 292 1616 313 eum.

893 325 994 355 Acad.
1013 327 1053 355 iv.
1067 328 1097 355 3.
1120 325 1139 344 ²*
1151 326 1340 362 convenire,
1354 329 1620 356 consentaneum*

893 378 974 398 esse.
1006 370 1062 399 Or.
1087 369 1132 398 iii.
1153 372 1201 399 10.
1227 378 1293 398 non
1317 368 1358 398 ad
1381 368 1414 399 id
1437 378 1542 407 genus
1556 370 1616 399 ud-

893 413 1047 442 }zcerescic.
1086 411 1105 430 ²*
1127 412 1216 441 Sext.
1259 416 1288 443 8.
1331 413 1545 442 adhoerescere
1574 411 1617 442 ad

894 454 1104 485 Columnam.
1123 465 1153 485 v.
1172 455 1346 485 Columna.

936 499 1154 530 Adlnesteatio.
1180 498 1250 528 Fin.
1266 499 1288 529 i.
1304 500 1335 530 6.
1359 499 1617 530 adhoesitationec

893 545 1094 572 atomorum.

936 585 1086 615 Adhibeo.
1111 584 1269 624 elliptice,
1285 589 1321 615 ut
1337 585 1444 616 intell.
1461 586 1495 616 in
1510 586 1617 616 consi-

891 627 990 665 lium,
1002 628 1085 658 Phil.
1102 639 1132 658 v.
1148 634 1179 662 9.
1203 629 1244 658 ad
1258 629 1333 659 Div.
1352 630 1394 660 xi.
1410 633 1442 663 7.
1465 630 1484 648 '⁶
1497 629 1538 659 ad
1549 630 1615 670 Qu.

892 671 943 701 Fr.
969 672 990 701 i.
1012 675 1041 701 l.-
1062 675 1092 705 7.
1117 672 1164 701 sic
1179 681 1212 701 se
1229 673 1381 703 adhibere
1396 673 1430 703 in
1445 678 1543 704 tanta
1558 683 1618 713 po-

891 719 1028 752 testate,
1045 715 1065 744 i.
1083 725 1112 745 e.
1136 725 1259 754 gerere.
1291 716 1309 734 '¹‘
1323 716 1456 747 Cluent.
1473 719 1525 747 5⁶2.
1557 717 1616 747 ad-

892 759 994 788 hiberi
1006 759 1047 788 ad
1070 758 1158 797 leges
1183 759 1341 789 dicuntur
1357 761 1487 799 patroni
1503 770 1617 790 causa-

890 812 978 840 rum,
992 812 1012 832 a
1027 803 1145 841 quibus
1163 802 1364 842 postulatur,
1380 808 1418 832 ut
1433 813 1472 833 ex
1489 803 1616 843 legibus

892 856 1026 876 causam
1039 846 1230 876 defendant.
1253 846 1272 864 *²
1283 845 1382 876 Areh.
1396 849 1426 877 3.
1452 847 1509 885 qui
1521 856 1617 877 aures

891 890 1042 920 adhibere
1064 895 1188 931 posset,
1207 890 1238 919 h.
1255 900 1284 920 e.
1309 889 1423 919 audire
1446 899 1558 920 versus
1582 894 1618 920 et

893 933 932 962 de
964 933 1003 962 iis
1027 933 1190 971 judicare.
1228 933 1247 951 *⁴
1270 933 1350 963 Nat.
1366 934 1408 964 D.
1435 933 1456 963 i.
1481 936 1512 965 2.
1542 934 1617 964 Diis

892 976 1036 1013 cultum,
1054 987 1167 1017 preces
1191 977 1350 1007 adhibere.
1382 977 1423 1007 ad
1445 977 1522 1008 Div.
1547 977 1617 1007 xiii.

892 1021 923 1051 6.
953 1020 1112 1058 officium,
1130 1020 1217 1059 quod
1232 1021 1360 1051 adhibet
1375 1030 1454 1059 erga
1470 1020 1554 1051 illos.

920 1063 1108 1093 ''Adleimzim
1135 1064 1198 1093 Pis.
1228 1066 1279 1095 23.
1309 1064 1382 1094 Piso
1413 1065 1536 1094 dicitur
1558 1064 1617 1095 ad-

893 1108 1045 1137 Itinniz‘sse
1073 1107 1114 1137 ad
1143 1108 1327 1137 orationem
1360 1108 1529 1148 Epicurei,
1558 1108 1617 1148 qui

890 1150 1097 1191 voluptatem
1115 1161 1286 1181 summum
1299 1152 1461 1181 bonorum
1477 1152 1616 1182 dixerat.

934 1195 1048 1233 Adigo.
1071 1194 1155 1234 Top.
1180 1198 1228 1225 10.
1251 1195 1383 1233 adigere
1399 1195 1560 1225 arbitrum
1578 1196 1617 1225 fi-

892 1239 988 1268 nibus
1013 1248 1081 1278 reg.
1112 1248 1141 1269 ν.
1159 1238 1302 1268 Arbiter.
1324 1239 1343 1257 ³*
1359 1238 1541 1278 postulare,
1562 1249 1616 1269 co-

890 1291 981 1321 gere.
1004 1282 1074 1312 Att.
1091 1293 1122 1312 x.
1139 1287 1169 1316 9.
1193 1283 1300 1321 adigit
1314 1282 1362 1313 ita
1377 1282 1558 1313 Postumia.

934 1325 1070 1368 Affeio.
1093 1326 1186 1356 Verr.
1201 1327 1235 1356 ii.
1254 1329 1302 1357 15.
1325 1323 1468 1366 adjicere
1481 1326 1616 1356 oculum

890 1369 989 1400 alicui
1014 1370 1078 1400 rei:
1104 1370 1264 1409 cupidum
1281 1370 1352 1407 ejus
1371 1370 1452 1400 fieri.
1475 1369 1554 1400 Nat.
1571 1370 1616 1400 D.

890 1414 924 1443 ii.
943 1416 994 1448 57.
1023 1411 1157 1453 adjectae
1173 1424 1268 1443 voees
1288 1414 1444 1444 auribus:
1470 1413 1615 1452 auditae;

890 1467 963 1496 quae
980 1457 1176 1487 aeciderunt
1193 1457 1233 1487 ad
1249 1467 1356 1488 aures.

930 1501 1100 1541 Adipatus.
1124 1501 1164 1531 de
1182 1501 1341 1538 dictione,
1357 1500 1539 1541 opponitur
1553 1499 1619 1531 ele·

886 1545 978 1584 ganti
996 1553 1030 1575 et
1046 1544 1170 1585 politae.
1193 1546 1287 1575 Orat.
1306 1548 1335 1576 8.

929 1589 1057 1619 Aditus.
1088 1588 1206 1618 Manil.
1236 1591 1260 1619 l.
1292 1589 1402 1619 aditus
1425 1587 1545 1625 laudis,
1568 1587 1618 1618 di-

888 1638 1013 1662 cuntur
1036 1638 1155 1669 rostra,
1181 1642 1220 1662 ex
1248 1632 1366 1671 quibus
1389 1632 1429 1662 ad
1454 1631 1625 1671 populum-

888 1676 1019 1715 agitnr;
1060 1676 1138 1715 quia
1166 1676 1210 1705 ibi
1249 1675 1383 1705 laudem
1420 1675 1625 1715 popularem>

889 1720 1047 1759 consequi
1064 1719 1154 1749 licet.
1183 1720 1282 1749 Dom.
1305 1723 1330 1749 l.
1355 1719 1482 1750 aditum
1503 1718 1545 1748 ad
1559 1729 1618 1748 au-

889 1773 939 1793 res
956 1763 1087 1793 habere.
1119 1763 1176 1793 Or.
1201 1766 1250 1794 15.
1273 1764 1384 1793 aditus
1406 1762 1448 1792 ad
1470 1772 1619 1793 causam.

889 1806 930 1837 cf.
959 1807 1040 1837 Suu.
1069 1809 1099 1838 2.
1135 1811 1185 1836 est
1216 1807 1249 1837 in
1277 1807 1442 1844 oratione,
1468 1816 1545 1836 cum
1578 1805 1618 1836 de

888 1850 961 1890 ipsa
983 1861 1084 1881 causa
1105 1850 1214 1880 dicere
1233 1851 1422 1890 incipimus.
1446 1850 1546 1880 Dom.
1563 1852 1618 1884 47.

891 1894 968 1924 dare
993 1894 1146 1934 religioni
1163 1895 1304 1931 aditum,
1320 1895 1341 1924 i.
1359 1904 1388 1924 e.
1411 1893 1618 1933 superstitio-

891 1940 941 1968 nis
966 1948 1071 1977 genus
1088 1938 1258 1978 probando
1273 1938 1394 1975 facere,
1411 1942 1450 1967 ut
1465 1937 1618 1976 usurpari

890 1982 930 2011 ab
954 1982 1026 2011 aliis
1050 1982 1155 2021 possit
1177 1986 1212 2011 et
1235 1982 1268 2011 in
1287 1991 1385 2011 usum
1403 1981 1618 2011 consuetudi-

891 2035 1035 2064 nemque
1062 2026 1185 2055 venire.
1217 2025 1289 2054 Att.
1317 2026 1358 2055 vi.
1383 2027 1414 2056 2.
1445 2024 1554 2055 aditus
1576 2024 1620 2054 ad

895 2079 947 2098 ine
973 2069 1111 2098 minime
1139 2068 1377 2109 provinciale53
1410 2077 1477 2098 non
1503 2067 1618 2107 quales

889 2122 961 2142 esse
977 2113 1010 2142 in
1026 2113 1201 2152 provinciis
1218 2112 1307 2152 apud
1322 2115 1480 2152 praetores
1494 2111 1618 2150 solent,

892 2165 1012 2195 nempe
1030 2166 1088 2196 per
1104 2156 1358 2186 cubicularium.

935 2199 1136 2241 Acljutlirare
1151 2209 1284 2230 causam
1303 2199 1413 2230 alicui.
1429 2198 1486 2228 Or.
1504 2198 1538 2228 ii.
1555 2199 1608 2232 ⁶29.

934 2242 1136 2285 Adjungere.
1161 2242 1384 2273 Dialecticum
1401 2242 1539 2272 verbum
1556 2246 1620 2272 est.

889 2287 990 2317 Tusc.
1013 2297 1042 2317 v.
1060 2290 1111 2318 25.
1136 2287 1309 2325 sequentia
1333 2283 1525 2326 afinngere.
1549 2285 1572 2315 i.
1589 2295 1619 2316 e.

894 2330 973 2369 quid
985 2340 1024 2360 ex
1041 2340 1171 2369 quoque
1184 2334 1418 2369 consequatur,
1432 2329 1555 2367 videre,
1567 2327 1627 2359 vel·

894 2374 1022 2404 docere.
1040 2375 1119 2404 item
1138 2374 1368 2403 definitionem
1385 2371 1567 2413 adjungere
1579 2371 1622 2402 ad

891 2417 1038 2448 factum:
1072 2417 1183 2457 vulgo,
1207 2417 1382 2457 applicare.
1411 2416 1483 2446 Inv.
1507 2416 1540 2446 ii.
1569 2418 1618 2450 17.

891 2461 910 2479 *⁶
922 2461 1024 2491 Acad.
1041 2463 1063 2491 i.
1083 2464 1132 2492 ll.
1162 2458 1362 2501 acijngebat
1378 2469 1446 2490 non
1463 2460 1619 2489 omnibus

892 2505 969 2534 visis
988 2505 1100 2535 fidem.
1122 2504 1248 2535 >*Rosa
1262 2504 1300 2534 A.
1314 2507 1370 2535 ·31.
1394 2503 1620 2543 suspicionem

892 2548 933 2578 ad
956 2548 1101 2588 praedam
1123 2545 1322 2588 adjungere:
1347 2547 1386 2577 de
1404 2547 1442 2577 iis
1459 2546 1627 2586 suspicari·

892 2592 947 2630 qui
964 2593 1109 2631 praedam
1123 2592 1259 2622 habent.
1279 2591 1297 2610 ²*
1309 2591 1343 2621 in
1357 2590 1467 2621 Caecil.
1479 2593 1511 2620 4.
1530 2590 1620 2620 Mar-

893 2635 1052 2665 cellorum
1070 2635 1198 2665 nomini
1220 2639 1294 2664 tota
1313 2633 1483 2674 provincia
1498 2631 1620 2675 affun-

890 2683 944 2708 σία.
967 2685 1034 2709 est:
1061 2679 1095 2708 in
1111 2688 1226 2708 eorum
1243 2678 1427 2718 patrocinio
1444 2681 1505 2707 est.

935 2721 1121 2763 Adjzmctio.
1138 2722 1298 2759 conditio,
1311 2721 1474 2760 exceptio.
1498 2720 1569 2750 Inv.
1584 2720 1625 2750 ii..

892 2768 944 2800 57.
969 2765 1128 2805 quasdam
1152 2775 1221 2795 esse
1243 2773 1320 2795 cum
1337 2763 1545 2806 adjunctione
1560 2773 1618 2794 ne-

891 2809 1124 2846 cessitudines,
1140 2808 1299 2847 quasdam
1322 2807 1492 2848 simplices
1510 2811 1545 2837 et
1562 2807 1619 2837 ab·

890 2852 1026 2882 solutas.
1040 2854 1098 2882 ἃς.
1124 2851 1142 2870 ²*
1155 2852 1300 2882 oratoria
1312 2851 1464 2891 quaedam
1478 2860 1626 2882 exorna«

889 2896 949 2926 tio.
967 2897 1090 2926 Hei-en.
1109 2896 1150 2925 iv.
1168 2897 1219 2929 27.

933 2937 1116 2980 Adjunccor
1131 2938 1261 2978 Galliae,
1278 2939 1318 2970 ad
1335 2938 1407 2970 Att.
1425 2938 1494 2969 viii.
1508 2941 1548 2970 3.
