1800 3131
218 72 273 118 70

222 175 372 213 temporis
401 173 497 205 JCto.
530 175 656 206 Aterios
685 180 796 207 autem
825 178 946 216 equites

225 216 320 247 Rom..
336 227 370 246 eo
385 221 523 258 tempore
533 218 657 258 juisse,
671 229 713 249 ex
735 222 797 251 loeo
822 220 947 252 Valerii

220 261 330 299 colligi
337 265 451 301 potest.

269 305 412 343 Atidius,
428 305 522 336 Verr.
538 306 585 337 iii.
603 308 653 338 32.
682 306 719 337 C.
734 305 846 337 Verris
862 317 947 348 prae-

221 347 343 379 fectus.

274 392 306 423 C.
330 393 462 423 Atinius
485 392 607 431 Labeo,
631 403 690 433 pro
713 394 813 424 Dom.
837 397 890 428 47.
929 404 948 423 a

223 434 264 473 Ω.
290 435 428 467 Metello
453 437 595 467 Censore
619 447 636 466 e
653 438 777 468 Senatu
800 437 947 476 ejicitur,

223 484 260 508 et
289 484 405 519 postea
441 480 525 519 ejus,
556 480 687 511 Metelli
725 481 947 518 Macedonici,

223 523 312 553 bona
341 530 513 555 consecrat
542 525 577 555 in
602 525 790 554 tribunatu.
838 525 947 564 (Ptin.

223 566 315 597 Hist.
342 569 428 598 Nat.
447 568 502 599 vii.
517 567 584 607 47.)
618 568 706 598 idem
724 567 785 597 Cn.
802 567 948 598 Lentulo

222 609 359 641 Censori
375 611 468 642 facit.

270 654 311 684 L.
328 655 516 690 Atratinus,
534 654 613 685 Coel.
634 658 661 684 1.
693 654 780 685 filius
796 655 834 686 L.
850 655 947 685 Atra-

222 697 288 727 tini
305 699 387 737 ejus,
405 699 461 737 qui
478 710 496 728 a
514 698 560 727 M.
578 698 680 728 Coelio
696 699 735 728 de
753 699 881 729 ambitu
894 709 948 729 ac-

222 746 358 772 cusatus
382 747 475 780 erat;
506 747 642 772 accusat
664 742 804 772 Coelium
821 742 861 772 de
877 753 947 773 am-

224 785 308 815 bitu.
355 785 488 815 Patrem
506 786 702 816 defenderat
718 786 845 817 Cicero.

265 829 363 866 Attae,
380 829 470 860 Sext.
495 832 547 860 51.
578 830 711 869 quidam
722 839 786 869 per
802 830 947 860 Enaua-

220 882 288 911 geu
317 873 381 903 diei
403 878 528 912 putant
553 883 616 912 pro
642 873 735 910 Atta,
760 875 816 914 qui
833 873 948 913 fuerit

214 920 312 961 poem
329 917 484 948 Latinus.
519 917 586 947 Sed
598 917 837 949 eumAbramz'o
857 918 947 947 Groe-

221 962 295 991 vius
324 962 563 1001 iuterpretatur
575 972 584 990 .·
624 959 724 991 Senes
746 962 948 1004 philosophos

228 1005 403 1035 Graeculos.
419 1015 495 1045 quos
512 1005 592 1034 virle.

264 1049 412 1084 Attalus,
430 1048 506 1079 Rex
523 1048 768 1087 Pergamenus,
786 1049 876 1078 Sext.
892 1050 945 1083 27.

221 1092 251 1122 ei
268 1092 346 1122 Asia
361 1091 527 1122 Antiocho
550 1092 598 1122 M.
622 1092 758 1121 ademta
780 1092 947 1122 condona-

218 1140 287 1166 tur.
306 1136 418 1166 Deiot.
436 1139 466 1170 7.
485 1136 520 1166 in
537 1135 572 1166 P.
589 1136 785 1165 Africanum
802 1135 946 1167 liberalis

219 1180 303 1210 fuit:
336 1181 391 1210 ubi
414 1184 525 1210 tamen
547 1184 609 1210 aut
636 1180 745 1210 Cicero
761 1181 871 1219 lapsus
886 1186 944 1218 est,

220 1223 375 1254 Attalum
387 1233 449 1263 pro
464 1223 631 1253 Antiocho
649 1232 785 1263 ponens,
803 1228 862 1253 aut
878 1223 946 1253 An-

216 1267 350 1297 tiochus
371 1265 446 1307 (M.)
466 1267 677 1306 reponendus.
692 1276 722 1297 v.
745 1267 887 1297 Ursinus
901 1268 948 1297 ad

217 1314 239 1341 l.
256 1322 281 1341 e.
299 1315 330 1341 et
346 1311 515 1342 Drakenh.
533 1311 579 1341 ud
594 1311 669 1341 Liv.
694 1312 767 1350 epit.
792 1313 843 1345 57.
891 1311 945 1341 De

217 1355 408 1385 Attaioi-um
426 1355 606 1386 Stemmate
622 1364 652 1384 v.
669 1354 808 1394 Rupert.
823 1355 869 1384 acl
879 1356 945 1386 Be-

215 1399 294 1429 sold.
318 1409 345 1428 c.
374 1400 420 1429 12.
460 1398 637 1437 Spanhem.
665 1399 704 1428 de
732 1398 801 1429 Usu
823 1402 855 1428 et
878 1399 942 1429 Pr.

219 1443 268 1474 AV.
285 1442 376 1473 Diss.
392 1442 459 1472 viii.
471 1452 506 1484 p.
525 1445 598 1472 511.

261 1486 421 1523 Attalica,
437 1487 471 1515 in
494 1485 588 1515 Verr.
611 1486 654 1516 iv.
681 1487 731 1516 12.
761 1486 796 1515 in
814 1486 944 1525 peripe-

217 1533 363 1560 tasmata
379 1540 462 1560 auro
477 1530 670 1567 intertexta,
682 1530 723 1559 ab
739 1529 851 1560 Attalo
866 1540 944 1569 rege

216 1574 350 1603 inventa
368 1577 399 1603 et
413 1578 586 1613 usurpata.

260 1618 396 1648 Attalus
424 1618 646 1656 Iphemeneus,
663 1616 704 1647 ad
727 1616 767 1656 Q.
792 1616 844 1647 Fr.
868 1617 890 1647 i.
910 1619 941 1648 2.

215 1663 248 1692 4.
278 1661 379 1690 homo
396 1660 530 1690 Graecus
548 1660 587 1691 de
604 1660 723 1700 Quinti
739 1661 920 1700 provincia.

261 1705 398 1735 Attalus
415 1705 572 1741 Netinus,
589 1704 683 1734 Verr.
700 1704 743 1734 iv.
760 1705 813 1736 26.

260 1749 428 1785 Adultus,
446 1748 487 1778 ad
509 1749 581 1778 Att.
605 1758 636 1778 v.
657 1751 705 1782 19.
738 1748 869 1778 debitor
887 1747 941 1779 Ci-

217 1792 360 1829 coronis,
376 1793 403 1822 si
420 1791 520 1821 lectio
536 1802 617 1822 sana
632 1796 694 1822 est.
710 1802 740 1821 v.
758 1795 829 1822 not.

259 1836 402 1873 Atticus,
417 1834 521 1865 Attic.
538 1836 595 1865 xii.
611 1837 664 1867 23.
695 1835 824 1865 annalis
848 1835 918 1874 ejus
932 1847 938 1865 :

212 1889 256 1911 sc.
267 1880 360 1916 liber,
369 1880 426 1918 qui
434 1879 603 1909 laudatur.
612 1879 708 1909 Brut.
720 1882 750 1910 3.
761 1879 802 1909 ad
811 1878 882 1908 Att.
893 1879 940 1909 iii.

215 1925 268 1955 20.
285 1923 466 1962 adoptatur
474 1923 514 1952 ab
524 1922 700 1953 avunculo.
712 1923 746 1953 ii.
763 1926 790 1953 1.
809 1923 942 1962 scripsit

214 1966 255 1996 de
274 1966 459 1996 Consulatu
477 1966 656 1996 Ciceronis.
673 1966 770 1997 Brut.
785 1969 840 1997 45.
870 1966 940 2005 ejus

213 2009 322 2041 stilus.
356 2010 395 2040 de
416 2010 487 2040 Fin.
504 2010 539 2040 ii.
558 2012 610 2041 21.
643 2009 771 2049 colligit
793 2009 941 2040 historiae

213 2054 400 2084 thesauros,
421 2054 580 2084 Historiae
589 2055 826 2094 peritissimum
830 2053 942 2093 fuisse

214 2099 316 2128 etiam
339 2108 380 2128 ex
402 2108 436 2127 eo
458 2099 638 2136 colligitur,
655 2098 739 2139 quod
753 2099 788 2128 in
805 2098 942 2138 epistolis

213 2151 297 2181 soepe
311 2151 333 2171 a
354 2141 500 2172 Cicerone
515 2142 554 2171 cle
569 2142 665 2171 rebus
688 2142 845 2172 historicis
867 2151 939 2171 con.-

215 2186 348 2215 sulitur.
376 2184 708 2225 Epicmeumsuisse,
721 2186 824 2225 opinio
835 2189 891 2215 est.
909 2195 939 2215 v.

217 2229 259 2258 ad
282 2228 358 2258 Div.
382 2230 451 2258 xiii.
480 2232 507 2259 1.
543 2233 657 2259 contra
680 2230 825 2269 disputat
850 2229 942 2259 Tun-

212 2274 333 2302 stallus
365 2272 429 2313 Ep.
460 2273 506 2303 ad
534 2272 771 2303 Illiddletouum
803 2283 834 2313 p.
870 2275 941 2306 171.

214 2326 261 2346 ss.

233 2327 419 2396 lAttieula,
436 2359 478 2389 ad
493 2358 595 2389 Attio.
612 2359 653 2389 vi.
672 2363 702 2391 5.
728 2358 798 2389 filia
813 2357 940 2398 Attici;

217 2414 289 2445 quoe
304 2408 335 2433 et
352 2403 486 2433 Caecilia
500 2404 630 2433 (licitur.

261 2448 301 2479 A.
319 2447 468 2485 Albitius,
485 2457 543 2486 pro
567 2447 691 2477 Caecin.
712 2449 762 2476 10.
793 2447 890 2476 testis
907 2447 942 2476 in

221 2491 402 2521 Caecinam.

268 2535 301 2565 C.
324 2535 473 2572 Attilius,
488 2534 585 2564 Rosc.
607 2533 683 2564 Am.
710 2536 760 2567 18.
790 2543 851 2564 sua
873 2543 943 2564 ma-

219 2588 265 2608 nu
288 2588 402 2607 semen
432 2582 644 2616 spargentem
669 2578 873 2607 conveniunt
896 2577 942 2607 le-

218 2622 300 2661 gati.
319 2622 357 2651 de
373 2632 405 2651 eo
422 2621 532 2651 Valer.
554 2622 595 2651 iv.
620 2624 651 2651 4.
689 2622 728 2651 de
744 2625 944 2661 paupertate

218 2663 400 2697 Columella.
415 2665 453 2694 de
470 2665 512 2695 R.
530 2665 571 2695 R.
588 2667 609 2695 l.
625 2665 647 2693 i.
662 2665 733 2694 init.
747 2664 841 2695 Ptin.
853 2665 943 2695 xviii.

214 2712 244 2745 5.
270 2709 338 2739 Hic
353 2713 411 2745 est,
423 2710 479 2747 qui
486 2709 617 2748 primus
628 2708 759 2738 Serrani
770 2718 944 2747 cognomen

216 2754 338 2792 accepit
353 2752 402 2782 M.
423 2751 455 2782 F.
468 2753 516 2782 JlI.
535 2752 582 2782 AV.
634 2751 832 2790 Consulfuit
847 2763 880 2782 a.
902 2752 942 2783 U.

746 86 893 115 INDEX
922 86 1202 116 HISTORICUS.

983 178 1036 216 git
1062 181 1094 208 et
1119 179 1237 208 multos
1263 179 1418 218 vulgares
1441 189 1566 211 errores
1586 178 1710 221 refellit

988 221 1142 251 Pen'zon.
1158 222 1335 253 Animadv.
1354 223 1444 254 Hise.
1460 233 1489 253 c.
1511 227 1537 254 1.

1033 264 1074 295 L.
1096 265 1245 303 Attilius,
1269 276 1328 306 pro
1353 266 1438 297 Caec.
1466 270 1514 297 10.
1545 265 1585 297 Α.
1609 267 1713 307 filiusj

986 308 1084 338 testis
1102 308 1135 337 in
1148 308 1235 339 Caee.

1033 351 1074 381 L.
1097 352 1246 390 Attilius,
1264 352 1306 384 ad
1326 352 1398 384 Att.
1417 354 1450 384 ii.
1469 356 1498 383 3.
1527 353 1584 384 ubi
1599 356 1713 384 tamen

991 391 1183 426 Tunstallus
1206 397 1271 435 legi
1293 398 1365 427 vult
1386 397 1425 428 A.
1451 397 1556 428 filius:
1587 399 1644 437 qui
1664 401 1712 428 est

990 438 1032 468 L.
1047 436 1219 478 Afranius.
1236 449 1267 480 p.
1283 443 1335 470 40.

1031 481 1080 511 M.
1092 482 1227 513 Attilius
1239 483 1402 522 Regulus,
1416 484 1487 514 Fin.
1499 495 1530 514 v.
1544 486 1597 516 28.
1617 483 1710 514 Sext.

990 527 1043 558 59.
1075 525 1135 555 διε.
1167 525 1208 556 de
1238 527 1333 557 Offic.
1359 528 1406 558 iii.
1431 529 1484 559 26.
1522 528 1571 558 bis
1595 526 1712 557 consul

988 567 1065 598 fuit.
1087 568 1127 598 de
1144 569 1276 600 Senect.
1291 572 1344 602 20.
1370 570 1609 611 Carthaginem
1625 570 1714 601 redit

990 611 1031 641 ad
1045 611 1258 652 supplicium.

1033 655 1081 686 M.
1097 656 1232 686 Attitius
1254 656 1436 695 Calatinus,
1450 658 1530 689 Nat.
1547 659 1589 689 D.
1606 658 1640 688 ii.
1657 660 1710 690 23.

990 698 1103 729 Fidem
1133 700 1276 730 dedicat.
1327 701 1445 732 Consul
1473 713 1502 732 a.
1534 705 1608 736 495.
1636 705 1712 737 493.

989 742 1144 773 Dictator
1170 754 1200 773 a.
1231 746 1304 774 504.
1331 744 1372 774 A.
1399 745 1436 775 F.
1468 746 1501 776 C.
1528 746 1576 776 N.
1622 743 1714 785 Ejus

988 787 1089 817 etiam
1105 789 1223 818 mentio
1237 791 1284 818 est
1301 797 1363 827 pro
1386 788 1507 820 Plano.
1523 791 1576 820 25.
1599 789 1638 819 de
1655 789 1714 820 Se-

989 835 1070 860 neet.
1089 834 1138 864 17.

1032 874 1082 904 M.
1097 875 1246 913 Attinas,
1261 874 1336 905 Act.
1355 875 1377 905 i.
1393 872 1488 906 Verr.
1509 877 1557 906 13.
1586 874 1626 906 de
1642 885 1714 907 ma-

983 917 1109 956 jestate
1125 918 1314 948 damnatus.

1033 960 1106 990 Sex.
1123 962 1271 999 AttiliuS,
1288 962 1383 992 offic.
1400 963 1446 992 iii.
1465 965 1518 994 30.
1535 961 1639 992 Attio.
1655 962 1714 993 xii.

991 1007 1021 1035 5.
1053 1004 1127 1035 Cos.
1144 1015 1221 1035 cum
1242 1005 1352 1044 Furio,
1369 1006 1478 1046 legem
1501 1006 1567 1036 fert
1589 1006 1629 1036 de
1652 1006 1712 1036 foe-

990 1048 1066 1078 dere
1082 1048 1305 1079 Numantino.

1032 1092 1181 1130 Attilius,
1193 1092 1235 1122 ad
1246 1092 1323 1124 Div.
1338 1092 1408 1123 xiii.
1424 1093 1477 1124 62.
1501 1103 1601 1132 eques
1612 1093 1711 1126 Rom.

1031 1136 1180 1174 Attilius,
1198 1135 1238 1165 de
1255 1136 1325 1166 Fin.
1342 1137 1364 1166 i.
1379 1139 1411 1168 2.
1443 1136 1614 1176 Sophoclis
1638 1137 1714 1167 Ele-

989 1182 1096 1209 otram
1119 1180 1277 1210 Latinam
1300 1179 1395 1217 facit,
1412 1179 1518 1220 qualis
1541 1181 1709 1222 scriptor?

988 1223 1103 1252 confer
1117 1223 1188 1253 Att.
1205 1223 1269 1253 xiV.
1287 1225 1340 1254 20.

1028 1261 1067 1297 ¹3.
1084 1267 1223 1297 Attilius
1253 1268 1436 1304 Gauianus,
1453 1267 1543 1297 Sext.
1567 1271 1620 1299 34.
1652 1268 1713 1298 tri-

986 1310 1095 1340 bunus
1123 1310 1241 1350 plebis,
1268 1311 1325 1350 qui
1352 1311 1520 1341 Ciceronis
1547 1312 1714 1341 restituti-

987 1363 1086 1384 onem
1113 1354 1327 1394 impedierat:
1365 1356 1545 1385 Serranum
1573 1364 1608 1385 se
1628 1354 1713 1385 fere-

985 1397 1061 1428 bat:
1087 1397 1266 1438 adoptatus
1283 1398 1318 1428 in
1329 1397 1492 1428 familiam
1504 1397 1654 1429 Atiliam.
1673 1399 1714 1430 de

984 1451 1019 1471 eo
1033 1445 1065 1471 et
1080 1442 1118 1472 de
1133 1443 1190 1472 hoe
1203 1443 1266 1471 loco
1280 1451 1310 1472 v.
1329 1442 1482 1472 Perizon.
1497 1444 1519 1472 l.
1535 1452 1563 1472 c.

1029 1485 1142 1515 Attius
1157 1486 1305 1522 Navius,
1318 1485 1357 1515 de
1374 1485 1450 1516 Div.
1469 1485 1491 1515 i.
1512 1489 1562 1519 17.
1592 1495 1714 1525 augur,

983 1531 1138 1559 tentatur
1153 1539 1174 1559 a.
1185 1528 1368 1568 Tarquinio
1384 1529 1508 1560 Prisco.
1542 1529 1715 1560 Novacula

987 1576 1097 1603 cotem
1113 1573 1278 1613 praecidit.

1034 1616 1067 1647 C.
1083 1617 1197 1646 Attius
1211 1615 1390 1654 Pelignus,
1405 1615 1477 1647 Att.
1492 1616 1561 1646 viii.
1576 1619 1608 1647 4.
1640 1615 1714 1646 Sul-

985 1669 1085 1690 mone
1109 1664 1225 1700 portas
1248 1660 1381 1700 aperuit
1402 1659 1551 1690 Antonio
1576 1660 1610 1690 in
1626 1659 1714 1691 bello

985 1703 1085 1734 civili.

1028 1748 1070 1778 L.
1086 1748 1199 1777 Attius
1214 1746 1328 1777 Ροέέα.
1343 1746 1410 1777 vid.
1426 1747 1553 1778 Accius.

1027 1790 1076 1821 M.
1093 1792 1204 1821 Attius
1227 1791 1369 1829 Balbus,
1386 1790 1470 1821 Phil.
1495 1792 1542 1822 iii.
1560 1791 1591 1822 6.
1623 1791 1711 1822 Prae·

983 1835 1101 1865 torius.

1027 1877 1072 1908 P.
1095 1879 1218 1915 Attius,
1234 1877 1306 1908 Att.
1329 1878 1383 1909 vii.
1411 1881 1462 1910 13.
1491 1888 1522 1909 v.
1535 1879 1572 1909 in
1595 1878 1631 1909 P.
1647 1878 1713 1909 Va-

983 1931 1039 1952 rus
1055 1926 1086 1951 et
1100 1923 1136 1951 in
1150 1921 1283 1952 Accius.

1029 1965 1066 1995 Τ.
1103 1966 1225 2003 Attius,
1264 1965 1399 1996 Cluent.
1437 1967 1490 1997 23.
1536 1968 1713 1997 accusator

984 2008 1143 2039 Cluentii.

1026 2053 1148 2090 Attius,
1176 2052 1217 2082 ad
1248 2052 1325 2083 Div.
1352 2063 1404 2084 xv.
1435 2055 1484 2087 17.
1522 2053 1714 2093 pigmenta-

984 2106 1063 2126 rius.

1030 2140 1165 2177 duetus,
1190 2139 1232 2169 ad
1259 2140 1335 2170 Div.
1359 2139 1428 2170 xiii.
1456 2142 1509 2170 50.
1554 2137 1709 2181 (Acilius)

985 2183 1177 2219 Proconsul,
1195 2183 1330 2223 Sulpitii
1345 2192 1526 2213 successor.

1033 2228 1089 2258 Cn.
1105 2227 1271 2266 Aufidius,
1287 2226 1386 2257 Tusc.
1402 2226 1466 2266 Qu.
1483 2237 1512 2257 v.
1530 2229 1582 2261 39.
1621 2227 1711 2257 Prae-

982 2271 1102 2308 torius,
1121 2271 1279 2300 Cicerone
1295 2280 1411 2310 puero,
1423 2280 1545 2308 caecus,
1560 2270 1595 2300 in
1607 2271 1711 2301 Sena-

982 2319 1058 2345 tum
1084 2320 1201 2344 tamen
1226 2314 1331 2351 venit,
1355 2314 1531 2344 historiam
1557 2314 1711 2345 Graecam

983 2359 1128 2398 scripsit.
1156 2357 1197 2387 cf.
1224 2357 1263 2387 de
1288 2357 1358 2388 Fin.
1383 2367 1414 2388 v.
1442 2361 1491 2392 19.
1530 2358 1631 2388 Dom.
1660 2361 1710 2388 13.

984 2402 1123 2441 adoptat
1139 2401 1291 2431 Oresten.

1028 2445 1120 2475 Sext.
1134 2445 1300 2484 Aufidius,
1317 2444 1359 2474 ad
1374 2445 1450 2475 Div.
1468 2445 1525 2475 xii.
1544 2445 1596 2476 26.
1613 2446 1666 2479 27.

1030 2488 1067 2519 Τ.
1090 2488 1255 2528 Aufidius,
1279 2488 1334 2518 ΒΓ.
1358 2491 1411 2519 48.
1441 2488 1563 2526 Jctus,
1586 2487 1626 2519 T.
1648 2488 1711 2518 ‹Ju-

984 2533 1089 2563 ventii
1116 2537 1150 2563 et
1173 2532 1209 2562 P.
1233 2532 1326 2562 Orbii
1351 2531 1506 2569 aemulus,
1530 2532 1634 2562 frater
1659 2531 1708 2562 M.

984 2576 1128 2616 Virgilii.
1176 2576 1266 2606 Idem
1287 2585 1352 2606 esse
1373 2575 1515 2613 videtur,
1532 2576 1588 2615 qui
1602 2574 1709 2605 Flacc.

989 2624 1039 2655 19.
1078 2621 1204 2650 Praetor
1232 2618 1319 2648 Asiae
1351 2623 1504 2649 vocat-ur.-
1537 2623 1576 2649 ut
1597 2620 1710 2659 placet

985 2666 1086 2695 etiam
1106 2663 1246 2694 Coro-ado
1262 2663 1308 2692 ad
1322 2662 1483 2693 Brutum.

1028 2707 1193 2747 Aufidius,
1205 2706 1276 2736 Att.
1294 2707 1315 2736 i.
1338 2709 1363 2735 l.
1394 2706 1482 2736 inter
1497 2715 1546 2734 eos
1556 2705 1708 2744 ponitur,

985 2761 1061 2792 quos
1075 2751 1290 2789 competitores
1311 2749 1453 2780 Ciceroni
1475 2750 1509 2779 in
1532 2748 1709 2779 Consulatu

215 2799 290 2830 495.
311 2800 343 2825 et
357 2798 430 2826 503.
457 2797 535 2826 Non
547 2800 659 2825 autem
663 2794 740 2833 fuit
743 2796 842 2834 filius
855 2797 944 2826 illius
973 2796 1053 2836 fore
1066 2796 1169 2835 opinio
1182 2797 1265 2823 erat.
1309 2793 1472 2824 Diversus
1494 2796 1540 2822 est
1561 2792 1603 2822 ab
1625 2791 1710 2822 Lur-

218 2840 354 2878 Reguti,
370 2841 425 2880 qui
440 2849 461 2869 α
478 2839 590 2869 Poeuis
606 2843 720 2878 eaptus
734 2843 793 2876 est,
805 2841 856 2869 uti
870 2841 943 2869 vul·
986 2848 1082 2876 eone,
1098 2838 1155 2877 qui
1169 2847 1202 2867 eo
1205 2835 1286 2876 fere
1297 2841 1436 2876 tempore
1447 2837 1598 2870 tribunus
1606 2836 1710 2875 plebis

213 2894 256 2921 go
264 2888 399 2924 putant.
429 2883 483 2915 De
486 2882 630 2927 ‚sentina
642 2883 762 2914 Attum
776 2884 893 2922 optime
908 2893 940 2914 e-
972 2882 1061 2923 fuit.
1082 2880 1177 2912 Forte
1191 2885 1238 2911 est
1252 2880 1293 2911 T.
1309 2879 1476 2919 Aufidius,
1493 2880 1531 2911 de
1543 2889 1605 2920 quo
1617 2882 1707 2917 aute.
