1804 3178
623 127 772 158 mnu!
804 128 936 157 :Arm
942 130 1096 160 nans.

118 221 216 250 atur:
250 218 276 253 ,1.
300 226 329 248 e.
352 218 526 248 immensa.
555 214 635 246 Nat.
660 216 704 246 D.
728 216 762 246 ii.
788 219 839 247 24.

112 262 149 292 in
166 262 281 292 celum
296 261 411 291 tollere
426 272 433 289 :
461 269 518 300 pro
531 268 733 289 consecrare.
757 259 775 276 ‘
785 269 843 299 pro

112 308 198 336 aere.
222 305 323 335 Acad.
348 306 388 335 iv.
412 304 465 334 26.
489 302 605 332 codem
628 303 712 332 coelo.
740 302 843 333 Nem-

111 357 153 388 pe
168 349 252 379 aseris
268 348 313 378 vis
331 349 365 378 in
383 345 553 377 fundendo
574 355 651 381 ωτι»,
674 351 712 375 ut
736 355 842 385 aquae.

113 391 201 422 Ptin.
226 393 333 422 xxxiv.
356 395 387 425 9.
411 399 455 418 :es
478 399 577 419 omne
601 389 722 428 frigore
752 399 842 428 inag-

114 444 158 465 no
190 434 308 465 melius
336 433 499 463 funditur.
523 434 541 450 *
557 433 632 462 Div.
658 433 679 462 i.
706 435 758 463 43.
783 443 841 462 ca·-

113 479 184 508 lum
200 477 396 509 discessisse.
414 476 492 506 ibid.
516 475 550 505 ii.
568 478 620 506 23.
636 478 703 505 (ιι-(ἱ
720 476 841 506 disces-

115 530 184 552 ·us.
215 520 329 551 Genus
345 521 479 549 ostenti.
510 519 617 549 Etiam
634 520 666 549 in
684 521 784 549 sacris
803 520 840 549 li-

109 564 176 595 bris
201 569 252 595 est
277 563 384 606 οὗςικῗ
419 561 613 602 αἰιᾷχθησαν
640 563 762 594 Matth.
794 564 840 593 ili.

109 608 163 639 26.
186 606 352 647 σχιζῖμενοι
380 606 485 648 theani
512 607 615 636 Mars.
648 607 668 636 i.
698 610 747 636 l().
781 608 839 637 liic.

111 649 176 682 Pro
192 661 232 681 eo
244 650 316 680 Liv.
333 651 411 680 xxii.
431 653 454 679 1.
472 652 583 679 calum
603 650 692 679 lindi.
711 660 739 680 v.
754 650 837 680 Plin.

109 694 145 725 ii.
157 695 211 725 26.
226 698 262 724 et
274 693 319 723 ibi
336 693 439 723 Hard.
454 693 569 723 licius.
580 693 621 723 ad
638 693 732 724 Ovid.
753 694 837 724 Fast.

111 737 160 769 iii.
172 740 247 772 371.

157 779 304 812 Castricio.
336 779 443 810 Flacc.
469 782 521 810 34.
545 780 602 810 Or.
621 780 642 809 i.
669 779 720 811 56.
748 779 838 810 Mur.

113 825 163 856 12.
197 833 302 864 genus
335 823 539 854 matrimonii
568 823 718 859 incundi,
746 833 772 853 s.
797 824 839 853 ri-

107 871 165 898 tus
188 877 254 907 quo
276 868 310 898 in
335 868 394 898 viri
419 876 538 897 manus
562 867 696 896 feminee
720 876 838 896 conve·

112 911 263 942 niebant.
291 910 331 940 de
353 920 419 950 quo
447 909 554 940 multa
589 909 767 949 scriptores
797 910 837 940 de

110 955 250 995 nuptiis,
263 954 448 985 Brissonius
461 959 495 982 et
511 953 579 982 alii.
610 952 698 983 lllud
707 960 836 984 certum

107 1003 172 1035 est,
201 999 386 1028 emtionem
410 995 578 1036 quandam
604 997 836 1035 imaginariam

107 1042 144 1072 in
158 1041 221 1071 hac
235 1042 406 1070 memnone
418 1040 648 1077 intervenisse,
661 1040 765 1078 qualis
779 1051 837 1071 au-

106 1089 177 1115 tem
200 1083 315 1121 fuerit,
329 1089 365 1114 et
390 1084 509 1123 quibus
535 1083 642 1113 verbis
657 1089 691 1113 et
719 1084 835 1114 ritibus

110 1132 249 1168 peracta
277 1128 332 1163 sit,
362 1136 428 1156 non
469 1127 550 1156 satis
574 1132 665 1156 certo
693 1134 835 1157 constat.

110 1170 282 1202 formulas
298 1171 472 1200 verborum
492 1171 524 1200 in
535 1180 573 1199 ea
587 1180 620 1200 re
636 1171 778 1200 usitatas
795 1181 835 1201 ex

107 1213 243 1255 Ulpiani
269 1213 437 1244 Institutis
469 1213 526 1244 dat
551 1213 721 1244 Boethius.
750 1214 834 1254 Top.

110 1267 141 1289 e.
163 1261 196 1290 3.
233 1258 253 1277 ‘
268 1257 318 1288 Ab
336 1257 397 1287 hac
413 1262 526 1287 autem
552 1259 720 1287 coi-medone
737 1256 834 1297 plane

107 1301 238 1332 diversa
252 1306 304 1331 est
315 1311 366 1337 ea,
382 1300 422 1330 de
439 1310 505 1340 qua
521 1300 653 1331 Muren.
674 1303 721 1330 12.
739 1310 834 1331 senes

107 1345 152 1376 ad
165 1345 348 1376 coemtiones
361 1344 540 1374 faciendas.
587 1344 660 1374 Hoc
673 1344 763 1373 enim
778 1353 834 1382 ge-

107 1397 171 1419 nus
188 1392 422 1428 comparatum
447 1392 521 1417 erat
543 1385 585 1417 ad
609 1396 703 1417 sacra
718 1387 834 1417 interi-

107 1432 244 1469 menda,
272 1436 313 1461 ut
347 1431 466 1462 Cicero
503 1431 562 1460 ait.
618 1430 760 1470 Nempe,
796 1436 835 1461 ut

106 1476 236 1516 primus
247 1484 321 1505 vere
337 1474 579 1505 demonstravit
593 1473 626 1504 J.
643 1473 694 1504 Fr.
707 1475 834 1504 Grono-

104 1519 190 1554 vius.
206 1518 314 1554 heres,
334 1518 391 1557 qui
408 1516 631 1547 hereditatem
645 1517 716 1547 sine
732 1518 833 1548 sacris

104 1561 228 1593 habere
246 1561 416 1602 cupiebat,
428 1570 502 1590 eam
517 1560 679 1590 vendebat
689 1561 760 1590 seni
775 1571 835 1601 per

105 1611 151 1636 ὡς
178 1609 215 1636 et
244 1605 378 1642 libram,
407 1604 599 1634 venditione
625 1604 833 1643 imaginaria.

108 1648 191 1680 Haec
215 1658 266 1679 res
290 1648 376 1679 hanc
407 1648 474 1678 vim
504 1647 659 1685 habebat,
682 1651 722 1678 ut
752 1657 833 1687 quo-

105 1692 196 1722 niam
211 1701 315 1722 senex
331 1692 417 1721 bona
438 1691 587 1727 haberet,
602 1700 667 1721 non
685 1695 722 1721 ut
738 1691 833 1722 here-

104 1735 262 1773 ditatem,
278 1735 337 1766 sed
351 1741 389 1764 ut
403 1741 507 1772 emta,
518 1735 606 1764 bona
616 1744 656 1764 ea
666 1733 770 1764 libera
781 1745 832 1765 sa-

104 1779 168 1810 eris
196 1782 318 1810 essent.
365 1778 414 1809 Ut
430 1784 544 1808 autem
561 1777 716 1808 redderet
731 1788 832 1808 senex

107 1822 244 1853 domino
260 1821 482 1852 hereditatem
499 1822 589 1852 facta
602 1822 761 1859 emtione,
774 1823 832 1852 sti-

105 1865 280 1908 pulatione
297 1866 486 1896 cavebatur.
502 1875 531 1895 v.
550 1865 620 1895 haec
637 1864 737 1895 latius
767 1865 832 1895 dis-

101 1914 282 1950 putantem
299 1908 442 1939 Gronov.
465 1908 506 1938 de
529 1909 614 1939 sest.
630 1909 673 1938 iv.
690 1911 720 1943 7.
745 1908 831 1939 Cave

102 1950 217 1983 au'tem
246 1952 305 1982 hos
328 1961 423 1982 senes
444 1951 629 1982 confundas
645 1962 722 1982 cum
737 1952 825 1983 seni-

102 1995 163 2026 bus
178 1997 450 2034 coemtionacz'bus,
476 2000 515 2026 ut
534 2005 623 2036 saepe
641 1995 824 2026 doctissimi

105 2039 166 2069 viri
181 2039 304 2070 fecere.

152 2082 382 2114 Co'e’meionalis.
407 2081 449 2113 ad
470 2081 548 2113 Div.
564 2081 619 2111 vii.
646 2083 698 2116 29.
735 2089 831 2112 senes

103 2127 338 2163 coemtionales,
370 2129 450 2156 sunt
479 2125 577 2161 servi,
609 2125 667 2164 qui
707 2125 831 2164 singuli

105 2174 242 2210 propter
278 2174 490 2200 senectutem
520 2169 666 2208 pretium
697 2168 830 2200 nullum

105 2212 422 2251 inveniunt‚,iuncti
438 2218 552 2242 autem
563 2211 704 2251 aliquot,
720 2216 758 2243 ut
773 2212 833 2243 do-

104 2256 178 2287 cuit
193 2256 339 2288 Gronov.
354 2255 395 2286 dc
412 2256 549 2287 Sestert.
567 2255 608 2285 iv.
620 2260 651 2289 9.

150 2300 370 2331 Coenaeulum.
395 2307 446 2330 est
474 2307 547 2339 pars
574 2298 673 2328 altior
701 2297 830 2330 domus.

101 2341 159 2373 Gr.
185 2342 319 2386 ὑπερῷοι.
356 2343 435 2383 Agr.
460 2343 493 2373 ii.
512 2345 564 2374 35.
595 2342 702 2372 Roma
726 2351 831 2373 eoena-

100 2387 185 2419 culis
198 2396 360 2427 suspensa
387 2394 487 2426 atque
514 2384 664 2416 sublata:
689 2384 732 2416 Es
756 2385 831 2416 sind

100 2428 188 2461 hohe
206 2429 348 2460 Haeuser
368 2440 432 2460 von
449 2429 557 2460 vielen
574 2428 704 2468 Etagen
719 2428 831 2459 darin-

101 2481 180 2504 nen.
204 2473 270 2504 vid.
284 2473 433 2505 Turneb.
457 2472 499 2503 ad
523 2473 554 2503 h.
571 2471 592 2502 l.
609 2472 643 2502 in
660 2471 710 2502 his
737 2472 832 2503 habi-

100 2516 220 2547 tabant
244 2517 313 2548 fere
341 2526 529 2557 pauperes;
560 2515 650 2546 unde
667 2516 765 2555 jocus
797 2525 832 2546 a·

100 2559 171 2599 pud
197 2559 305 2591 Plaut.
329 2560 496 2600 Amphitr.
520 2559 567 2589 iii.
589 2561 616 2589 1.
642 2561 674 2590 3.
700 2559 756 2589 ubi
780 2558 830 2589 hi-

101 2603 185 2634 strio
207 2602 299 2634 Jovis
317 2613 493 2644 personam
509 2602 680 2633 sustinens
695 2614 701 2632 :
728 2603 761 2633 in
777 2612 832 2632 su-

123 2646 223 2677 eriori
261 2648 317 2687 qui
357 2647 471 2678 habito
511 2647 683 2677 caenaculo.
713 2646 769 2676 ubi
801 2656 830 2676 v.

119 2694 186 2720 ntt.
214 2693 250 2720 et
281 2690 374 2721 Fabr.
406 2690 486 2721 Lex.
532 2689 730 2720 ‘Gruterus
761 2698 827 2719 non

100 2729 312 2773 improbabat
327 2734 506 2765 lectionem
518 2735 679 2763 c-oenaeuto
691 2743 748 2773 pro
761 2742 832 2762 sce-

99 2784 157 2813 na,
169 2775 216 2806 ad
228 2776 378 2808 Herenn.
391 2779 413 2808 i.
429 2780 478 2809 14.
500 2786 573 2816 quae
587 2777 620 2807 in
633 2775 735 2807 Codd.
748 2785 830 2806 non-

99 2817 204 2850 nullis
230 2819 439 2852 Gruterianis
462 2820 541 2858 fuit,
565 2826 600 2850 et
623 2820 656 2850 in
680 2819 831 2859 Lipsien-

101 2862 131 2893 ιί
161 2872 293 2902 quoque
322 2869 359 2896 et
384 2863 624 2895 Winkleriano
654 2863 830 2903 reperitur.

98 2903 210 2937 Verba
231 2905 303 2938 lane
323 2911 422 2939 aunt:
454 2907 581 2940 Minius
607 2905 743 2945 quidam
764 2906 829 2937 Ac-

1517 131 1598 168 228

886 217 974 247 cium
1005 222 1137 258 pot-tam
1163 222 1360 252 nominatim
1388 226 1597 265 compellavit

889 259 937 300 (h.
965 271 994 290 e.
1027 265 1233 300 perstrinxit:
1268 276 1295 295 v.
1323 268 1529 305 compellare>
1563 274 1597 301 in

884 312 997 339 scena,
1021 313 1079 343 pro
1102 315 1166 344 quo
1189 311 1250 344 est,
1274 313 1311 338 ut
1333 309 1412 346 uui,
1436 312 1468 340 in
1495 314 1597 344 Codd.

886 345 1051 385 plerisque
1069 351 1237 379 etrum-ulo.

932 390 975 420 Cu
983 400 1071 420 num.
1081 393 1218 421 convicii
1227 402 1340 431 genus.
1350 394 1438 424 Sext.
1451 399 1460 426 1
1472 399 1480 426 1
1491 398 1599 429 Dum.

890 435 938 463 18.
963 434 1033 463 Att.
1051 434 1084 464 ii.
1101 437 1153 464 21.
1180 435 1353 475 Pompeius
1370 437 1491 468 oblitus
1507 451 1599 473 mmm

931 476 1014 506 Coeo.
1032 477 1071 507 ad
1089 478 1162 508 [ἣν.
1180 488 1209 508 v.
1230 481 1277 513 19.
1305 479 1384 509 Phil.
1409 482 1441 510 ii.
1471 486 1515 514 10.
1539 487 1599 514 mi.

882 530 917 550 re
933 520 1139 551 societatem.
1162 522 1237 551 Seu.
1263 532 1293 561 p.
1318 522 1356 552 R.
1374 527 1403 556 7.
1432 535 1506 555 cum
1537 527 1598 558 hoe

881 568 919 593 tu
942 574 1035 601 con-v,
1052 575 1097 595 sc.
1113 565 1307 595 societatem
1333 566 1372 595 de
1398 575 1430 596 rc
1447 569 1543 599 mala.
1559 571 1600 601 cf.

883 606 1019 637 (luent.
1037 611 1088 639 5⁴.
1133 609 1166 639 Si
1183 609 1254 649 quis
1275 610 1395 647 coisset,
1412 620 1458 642 sc.
1473 612 1514 641 ob
1531 623 1600 643 rein

883 649 1017 681 malam.

930 695 1025 733 (ιι-μὶ,
1072 694 1228 731 instituo,
1261 695 1413 727 decerno.
1451 696 1542 728 Verr.
1567 699 1601 731 ii.

882 739 933 767 38.
952 740 1042 777 capit
1060 739 1215 775 vendere,
1232 744 1266 769 et
1282 739 1481 770 vendidisset
1498 743 1556 772 ἃς.

930 782 1086 812 (La-ator.
1113 781 1191 818 [κε.
1206 783 1249 812 iii.
1262 785 1293 812 4.
1319 793 1378 822 pro
1394 791 1527 814 curator
1542 795 1600 816 an-

880 823 982 862 tique.
1022 825 1109 855 Male
1124 825 1234 855 laudat
1251 826 1400 856 Nizolius
1416 830 1597 862 εοὶῑνανίηω

880 877 952 905 quae
977 877 1036 897 vox
1073 868 1167 898 nihili
1198 874 1259 899 est.
1304 869 1432 900 ibidem
1462 876 1513 902 est
1534 875 1600 904 co?-

880 920 957 940 ναι-ε
973 921 1032 950 pro
1048 921 1174 942 curare.

927 955 1066 992 (belo-ceo,
1081 955 1296 995 complector,
1313 957 1479 987 contineo.
1515 957 1599 990 Nat.

879 996 920 1027 D.
939 998 972 1027 ii.
989 1000 1041 1028 ²22.
1065 999 1178 1028 omnia
1205 999 1380 1039 complexu
1405 1010 1465 1030 suo
1481 1005 1604 1042 coho-et

878 1046 911 1070 et
927 1042 1090 1071 continet.

926 1084 1041 1122 (atus,
1066 1084 1106 1114 de
1123 1090 1288 1115 conventu
1305 1085 1472 1125 judicum,
1497 1088 1597 1128 vulgo

877 1129 1056 1158 sessionem
1078 1128 1204 1159 dicunt.
1249 1129 1396 1160 Herenn.
1427 1131 1467 1161 iv.
1493 1132 1546 1163 36.
1569 1133 1597 1162 si

882 1172 989 1210 primo
1003 1176 1084 1202 calu
1099 1171 1390 1204 condvumassetis.

925 1215 1048 1253 (ogere.
1077 1224 1144 1253 seq.
1174 1220 1213 1245 ut
1248 1215 1341 1246 Verr.
1368 1217 1414 1247 iii.
1444 1217 1490 1247 16.
1514 1220 1598 1256 cogi-

876 1261 944 1295 tur,
962 1266 1000 1288 ut
1023 1258 1190 1288 decernat.
1213 1258 1232 1276 *⁸
1249 1260 1389 1297 exigere.
1418 1260 1488 1290 Att.
1506 1262 1526 1291 i.
1549 1265 1596 1293 19.

876 1311 986 1340 cogere
1022 1302 1190 1341 pecunias.
1214 1302 1232 1320 *
1248 1301 1287 1331 de
1311 1302 1378 1333 fin.
1401 1303 1446 1333 iii.
1467 1305 1497 1334 2.
1514 1302 1595 1335 dum

876 1348 1010 1374 senatus
1025 1349 1202 1383 cogeretur.
1226 1345 1309 1376 Phil.
1326 1346 1346 1376 i.
1367 1350 1396 1377 5.
1421 1348 1535 1378 acerbe
1561 1349 1596 1379 in

875 1392 1027 1418 senatum
1053 1389 1187 1428 cogebar
1209 1398 1254 1418 sc.
1272 1389 1382 1426 minis,
1407 1386 1596 1430 pighoribus

876 1432 980 1471 captis
997 1434 1058 1463 ὄις.
1102 1432 1192 1462 ‘On
1221 1433 1256 1462 ii.
1281 1434 1332 1466 29.
1377 1434 1451 1472 (ogi
1481 1434 1598 1464 dicun-

875 1480 943 1511 tur,
960 1485 1042 1514 qnos
1058 1475 1304 1505 commovendis
1333 1477 1457 1507 πάθεσιν
1485 1483 1597 1508 orator

875 1518 1025 1555 adducit,
1040 1528 1104 1557 quo
1120 1518 1202 1548 vult.
1225 1519 1244 1537 ⁸*
1260 1518 1339 1549 Nat.
1357 1520 1399 1549 l).
1415 1521 1460 1550 iii.
1481 1524 1531 1551 13.
1546 1531 1595 1551 co-

872 1563 909 1600 gi
925 1566 1047 1601 potest,
1062 1561 1094 1592 h.
1106 1572 1134 1592 e.
1151 1563 1248 1599 effici,
1264 1562 1428 1593 concludi.
1452 1564 1470 1581 ¹*
1486 1564 1543 1594 Or.
1559 1565 1596 1594 ii.

876 1608 928 1636 33.
974 1606 1014 1634 Se
1039 1606 1096 1645 jus
1112 1605 1206 1635 civile
1233 1605 1320 1644 quod
1337 1615 1424 1636 nunc
1437 1607 1595 1638 diffusum

876 1654 910 1678 et
924 1648 1123 1688 dissipatum
1138 1654 1236 1685 esset,
1254 1649 1288 1678 in
1304 1657 1394 1679 certa
1410 1659 1532 1688 genera
1546 1661 1596 1681 co-

875 1697 1042 1722 acturum.
1060 1692 1120 1722 *de
1137 1692 1270 1732 periodo
1281 1691 1453 1731 eleg-anter
1468 1695 1525 1724 Or.
1541 1695 1595 1725 68.

874 1744 916 1765 ne
933 1735 1065 1765 infinite
1079 1735 1218 1773 feratur,
1230 1735 1472 1767 sed-numero
1487 1743 1596 1769 macta

875 1778 974 1809 debet
990 1779 1143 1810 insistere
1162 1778 1308 1819 (oratio.)

922 1821 1078 1861 cogitare.
1102 1822 1173 1853 Att.
1189 1833 1220 1852 x.
1243 1825 1289 1853 10.
1314 1826 1432 1852 contra
1455 1821 1594 1862 alienius

874 1866 1019 1896 rationes
1034 1867 1185 1905 cogitare.
1201 1865 1279 1896 ibid.
1299 1866 1362 1895 xiv.
1383 1869 1430 1895 13.
1455 1867 1486 1896 Si
1503 1877 1595 1897 ama-

873 1909 985 1939 biliter
1001 1909 1035 1939 in
1053 1919 1106 1939 me
1122 1910 1264 1949 cogitare
1280 1909 1338 1939 vis.
1394 1909 1472 1948 Agr.
1489 1910 1523 1940 ii.
1539 1912 1593 1941 24.

873 1954 1015 1992 cogitare
1031 1963 1108 1983 cum
1125 1953 1245 1983 animis
1262 1952 1410 1992 potestis.

920 1996 1086 2035 Cogitatio,
1114 2005 1198 2036 spes.
1222 1996 1334 2026 Deiot.
1363 1997 1395 2026 2.
1428 2001 1593 2026 venerunt

874 2048 941 2069 non
978 2040 1049 2069 sine
1088 2039 1199 2079 aliqua
1232 2049 1289 2079 spe
1322 2044 1356 2068 et
1392 2039 1592 2077 cogitatione.

873 2082 892 2102 ⁸
906 2082 1007 2113 Tusc.
1033 2083 1074 2114 iv.
1098 2086 1146 2113 11.
1170 2083 1359 2121 cogitatione
1377 2081 1465 2112 inter
1479 2091 1514 2111 se
1530 2082 1595 2113 dif-

875 2125 1001 2164 ferunt,
1019 2136 1053 2156 re
1081 2125 1216 2165 quidem
1243 2124 1400 2165 copulata
1424 2129 1517 2162 sunt,
1532 2135 1593 2166 pro

873 2179 938 2209 quo
962 2169 1091 2200 barbari
1120 2168 1320 2209 philosophi,
1349 2168 1435 2206 idea,
1466 2168 1591 2199 abstra-

874 2213 1000 2250 ctione,
1024 2213 1228 2253 praecisione,
1261 2221 1326 2241 non
1354 2217 1468 2242 autem
1499 2217 1594 2242 extro

874 2261 1035 2287 mentem.
1057 2256 1182 2287 *Rosa
1205 2255 1280 2285 Am.
1309 2257 1360 2286 24.
1386 2254 1482 2284 malae
1509 2257 1594 2295 cogi-

873 2301 1018 2337 tationes,
1042 2299 1146 2330 boeses
1163 2298 1345 2328 Gewissen.
1377 2298 1397 2316 ὖ
1414 2297 1593 2329 Commen-

872 2344 956 2374 tatio
972 2343 1120 2374 oratoris.
1166 2343 1223 2372 Or.
1251 2341 1274 2372 i.
1296 2344 1348 2372 33.
1364 2344 1417 2372 34.
1434 2341 1469 2371 in
1485 2343 1593 2381 quoti-

873 2386 979 2416 dianis
1007 2386 1260 2425 cogitationibus.
1305 2385 1399 2415 MSS.
1443 2390 1478 2414 et
1508 2385 1592 2416 Edd.

872 2429 963 2461 Vett.
979 2428 1277 2459 concitationibus:
1302 2428 1391 2458 unde
1419 2428 1593 2459 Manutius

872 2473 953 2504 fecit
980 2471 1331 2508 commentationibus,
1355 2471 1509 2502 Pearcius
1536 2481 1594 2502 ex-

873 2515 1149 2547 ercitationibus:
1173 2515 1230 2544 sed
1254 2521 1375 2554 proeter
1395 2524 1475 2545 rem.
1503 2515 1594 2555 Cogi-

873 2561 1007 2590 tationes
1034 2563 1068 2589 et
1095 2558 1333 2589 concitationes
1349 2567 1436 2597 saepe
1453 2558 1594 2589 consun-

873 2603 999 2634 duntur
1014 2612 1034 2632 a
1057 2601 1208 2632 librariis.
1240 2601 1305 2631 vid.
1321 2611 1349 2630 v.
1366 2611 1395 2631 c.
1411 2600 1543 2632 Gruter.
1558 2607 1594 2632 et

873 2647 894 2677 i.
925 2646 1066 2676 Gronov.
1089 2645 1131 2675 ad
1153 2646 1250 2675 Auct.
1283 2643 1324 2675 ad
1355 2643 1435 2674 Her.
1467 2645 1514 2675 iii.
1543 2645 1594 2675 16.

877 2690 1090 2728 Cogitationes
1126 2693 1239 2718 autem
1279 2697 1380 2726 quare
1430 2696 1497 2718 non
1534 2698 1596 2728 pro.

872 2731 1209 2763 commentationibus
1223 2730 1286 2761 dici
1303 2731 1444 2771 possint,
1466 2740 1534 2762 non
1547 2731 1597 2762 vi·

872 2775 945 2813 deo,
969 2785 1046 2806 cum
1069 2776 1212 2813 cogitare
1228 2781 1262 2805 et
1279 2774 1432 2804 meditari
1453 2784 1513 2814 pro
1536 2784 1595 2805 ex·

872 2819 1069 2850 ercitatione
1088 2818 1136 2849 uti
1152 2817 1294 2848 dicatur.
1315 2828 1345 2848 c.
1361 2818 1414 2849 61.
1431 2817 1596 2849 meditan-

872 2862 914 2894 do
930 2861 1338 2902 perfecit-Demosthenes,
1355 2861 1415 2892 διε.
1432 2860 1465 2892 h.
1482 2870 1511 2891 e.
1538 2871 1596 2897 exe

871 2906 1082 2936 ercitationo.
1137 2905 1191 2936 Sic
1225 2904 1399 2936 meditatio
1434 2904 1512 2936 belli
1543 2911 1596 2937 est
