1790 3219
127 80 215 122 410

172 176 365 215 Remigare.
395 173 497 206 'ru-e.
513 173 556 206 iv.
569 176 602 206 4.
634 177 751 206 utrum
767 174 872 206 mavis

127 221 243 253 statim
259 229 320 251 nos
334 219 408 250 vela
421 219 544 256 facere,
559 227 602 249 an
618 219 712 258 quasi
727 228 746 249 e
769 224 870 260 portu

127 264 338 305 egredientes
355 262 542 303 paullulum
567 264 734 301 remigare
749 263 766 293 7
789 262 871 292 Seu—

127 318 184 340 sus
195 312 268 338 est:
294 311 409 338 utrum
428 307 524 338 malit
546 307 662 337 statim
686 307 817 346 copiose
833 310 868 336 et

126 353 195 385 late
215 351 391 392 disputari,
409 360 452 382 an
475 360 552 381 vero
575 355 654 381 ante
676 350 784 380 adhuc
808 349 867 379 ali-

127 395 289 436 quamdiu
320 395 490 425 subtiliter
520 403 590 424 rem
619 404 654 424 se
692 394 864 433 persequi:

127 439 411 480 quemadmodum
444 438 500 477 qui
529 442 663 478 portum
690 437 868 475 egrediun-

126 488 195 521 tur,
218 492 286 514 non
308 482 424 513 statim
448 481 522 512 vela
545 481 640 518 dant,
663 480 722 511 sed
744 480 868 509 lentius

125 526 399 569 progrediuntur.
447 525 485 555 Id
509 530 622 555 autem
647 525 686 553 fit
702 524 869 562 remigan-

127 572 176 602 do.
223 577 373 601 ceterum
406 570 522 609 probat
555 568 721 599 Buherius
751 567 867 596 lectio-

126 624 205 647 nem
229 613 323 645 Leid.
340 612 476 648 codicis,
500 612 616 642 statim
641 620 699 641 nos
723 610 796 640 vela
819 610 867 640 fa-

125 669 214 696 cere,
229 661 401 696 tamquam
420 655 628 694 egredientes
652 664 670 684 e
695 660 806 694 portu,
823 663 866 684 an

124 702 313 743 paullulum
329 702 503 739 remigare.
542 698 715 729 Subituros
731 704 864 738 portum

125 747 197 777 sine
224 745 305 776 velis
332 744 487 782 navigare
513 742 595 781 scio,
623 751 771 782 egressos
797 751 865 771 nou

126 790 220 822 item.
245 788 319 818 add.
337 787 370 817 in
387 795 510 817 remus.

170 833 378 870 Remigrare.
409 830 509 861 Tusc.
540 839 570 859 v.
595 830 647 860 21.
679 829 867 867 remigrare

124 875 359 916 adjustitiam.

169 920 322 952 Remisse.
354 917 419 948 Off.
438 917 484 947 iii.
501 918 552 951 99.
586 916 642 955 qui
667 916 732 945 ista
754 916 865 945 remis—

124 966 191 995 sius
213 963 407 1003 disputant:
437 961 468 991 h.
485 971 513 990 e.
539 960 650 990 minus
674 968 796 989 severe.
829 960 863 989 in

125 1008 306 1049 Epicureos
321 1005 449 1035 dictum
470 1008 532 1041 est,
549 1003 606 1043 qui
629 1012 696 1033 non
719 1002 790 1033 sola
806 1002 864 1033 ho-

125 1055 223 1084 nesta
238 1049 355 1080 dicunt
372 1058 442 1078 esse
460 1048 556 1078 bona.

168 1094 336 1130 Remissio,
352 1091 485 1123 lenitas.
516 1091 591 1121 Cat.
608 1091 649 1121 iv.
666 1090 697 1121 6.
722 1091 866 1121 remissio

123 1148 243 1181 poenae.

168 1182 345 1217 Remissus‚
360 1179 488 1210 finitus.
515 1177 615 1209 Tusc.
632 1178 654 1207 i.
671 1179 725 1208 44.
752 1178 865 1208 remis-

121 1236 161 1257 sa
176 1227 245 1256 vita
257 1224 417 1255 humana.
449 1233 467 1252 e
485 1223 598 1253 Poeta.
628 1221 747 1251 *levis
771 1221 865 1251 Verr.

124 1271 171 1302 iii.
188 1272 240 1304 29.
270 1268 432 1298 remissior
453 1265 643 1297 aestimatio.
672 1264 691 1283 *⁴
704 1265 801 1303 lenis,
816 1265 866 1294 fa-

124 1313 208 1345 cilis.
238 1312 310 1343 Att.
326 1312 391 1342 xvi.
412 1313 461 1341 15.
492 1316 610 1340 utrum
629 1310 793 1339 remissior
816 1318 867 1339 es-

123 1367 208 1396 sem,
220 1366 262 1387 an
280 1355 499 1393 summojure
515 1352 764 1383 contenderem.
783 1352 865 1382 *co-

123 1402 202 1438 mis,
218 1400 342 1430 hilaris.
372 1398 452 1429 Coel.
469 1399 500 1428 6.
525 1398 866 1427 molismis-severus.

122 1445 210 1476 *On
228 1444 262 1475 ii.
275 1446 328 1475 23.
342 1442 508 1473 remissius
523 1440 653 1471 dicendi
671 1450 791 1480 genus,
806 1450 863 1480 op·

121 1489 261 1531 ponitur
280 1486 417 1524 forensi,
435 1485 658 1516 contentioso.
704 1484 865 1514 Versatur

121 1532 213 1563 enim
231 1531 266 1562 in
281 1540 321 1561 eo
335 1530 443 1561 oratio
459 1529 657 1569 plerumque
674 1528 709 1558 in
725 1537 865 1558 narran-

122 1576 164 1607 do
187 1578 247 1606 aut
269 1573 431 1611 docendo,
446 1571 635 1613 philosophi
660 1580 765 1609 more,
781 1581 862 1611 quo-

120 1629 197 1651 rum
217 1618 352 1650 mollior
373 1623 437 1655 est,
452 1617 525 1647 sine
549 1615 728 1657 asperitate
752 1620 787 1646 et
810 1625 864 1646 ve-

119 1663 307 1700 hementia,
321 1661 440 1692 oratio.

166 1707 359 1743 Remittere,
382 1705 563 1735 dimittere.
592 1701 726 1734 Cluent.
749 1704 781 1733 2.
812 1713 864 1734 re-

123 1752 252 1783 mittere
265 1749 470 1790 opinionem.
501 1746 725 1784 ²“concedere,
742 1747 864 1778 condo·

122 1804 215 1826 nare.
245 1793 287 1824 ad
304 1793 379 1824 Div.
396 1793 439 1823 xi.
455 1794 508 1824 20.
541 1790 586 1821 de‘
603 1792 755 1821 exercitu
778 1790 864 1821 Pan-

120 1849 167 1870 ⁸ae
196 1837 365 1878 legionem
396 1836 479 1867 mihi
514 1834 625 1865 Caesar
656 1844 724 1865 non
752 1836 864 1865 remit-

121 1883 174 1914 tit.

166 1925 332 1957 Remotus.
371 1923 443 1954 Fin.
469 1923 515 1953 iii.
544 1923 592 1954 16.
621 1926 759 1961 remota,
784 1926 864 1953 sunt

120 1966 353 2012 a’sae'oaegowypioe‘m
368 1967 568 1997 Stoicorum.

164 2013 340 2044 Remea-ere
356 2011 427 2041 sine
443 2011 495 2041 ab.
524 2011 582 2041 Or.
598 2012 629 2041 2.
655 2019 718 2041 nec
733 2020 768 2040 se
783 2010 863 2040 arti-

118 2057 180 2088 bus
195 2057 264 2088 suis
277 2058 494 2086 removerunt.

163 2101 400 2132 Remunerare.
424 2100 502 2129 Sen.
519 2108 551 2139 p.
567 2098 607 2129 R.
628 2099 677 2128 12.

163 2144 295 2176 Remus.
327 2143 429 2174 Tusc.
459 2143 501 2173 iv.
533 2146 562 2173 5.
597 2142 861 2173 Dialecticorum

119 2191 219 2219 remis
233 2187 418 2218 orationem
439 2185 636 2227 propellere,
652 2190 703 2215 est
725 2186 863 2216 initium

119 2232 227 2263 faeere
244 2242 264 2263 a
279 2230 395 2261 subtili
413 2234 447 2260 et
470 2229 656 2261 Dialectica
672 2228 864 2270 disputandi

120 2276 261 2308 ratione.
284 2285 314 2305 v.
331 2274 506 2313 remigare.

164 2319 346 2356 Renovare,
361 2318 510 2356 reficere,
523 2326 682 2348 recreare.
706 2317 796 2347 Sext.
809 2317 862 2351 69.

119 2373 274 2394 renovare
296 2361 460 2402 rempubl.
499 2361 694 2401 *repetere
726 2361 803 2391 Div.
828 2361 860 2391 ii.

120 2408 152 2439 9.
177 2406 289 2437 studia
303 2406 374 2436 haec
392 2415 546 2436 renovare
561 2405 733 2445 coepimus.

164 2450 350 2481 Renovatio.
380 2449 451 2480 Att.
477 2450 518 2479 vi.
547 2452 574 2479 l.
609 2448 772 2479 renovatio
795 2448 863 2477 sin-

121 2493 276 2534 gulorum
301 2503 485 2523 annorum:
511 2496 561 2523 est
585 2502 690 2532 genus
714 2492 864 2521 anatoci-

120 2538 198 2575 smi,
223 2537 263 2567 de
287 2547 351 2575 quo
374 2546 474 2577 supra
501 2539 535 2566 in
564 2536 789 2566 anatocismus
814 2535 862 2565 di-

119 2587 226 2612 ctum.
260 2580 453 2620 *repetitim
480 2579 575 2610 Brut.
594 2583 647 2614 71.
674 2578 861 2609 laudandus

120 2625 266 2657 maxime
291 2629 354 2661 est,
372 2624 426 2663 qui
452 2624 514 2654 hoc
538 2630 688 2664 tempore
713 2623 862 2653 console-

117 2674 177 2700 tur
191 2678 239 2705 se,
255 2677 331 2697 cum
349 2668 553 2697 conscientia
567 2668 704 2708 optimae
723 2668 861 2704 mentis,

118 2718 195 2743 tum
220 2711 322 2741 etiam
350 2711 566 2751 usurpatione
597 2716 632 2742 et
657 2712 862 2742 renovatione

119 2756 293 2787 doetrinae.

163 2796 315 2831 Renuere
330 2807 405 2827 cum
422 2797 490 2827 dat.
520 2797 602 2828 Rab.
619 2798 710 2829 Post.
728 2801 779 2830 13.
810 2809 861 2830 re·-

115 2847 253 2874 fluentes
268 2841 347 2872 huic
362 2841 507 2872 crimini.

161 2886 379 2921 Renunciare.
409 2884 502 2917 Verr.
518 2884 540 2916 i.
556 2887 609 2917 54.
632 2887 806 2918 renunciat
821 2885 859 2917 il-

670 83 820 115 INDEX
849 84 1148 114 LATINITA'HS.

914 175 981 206 lam
998 173 1219 205 decisionem:
1241 171 1277 204 h.
1288 182 1318 203 e.
1333 173 1472 205 nunciat
1486 172 1578 205 illam
1595 183 1654 215 pa·

914 219 1075 256 ctionem,
1085 227 1186 257 quam
1194 216 1366 254 fecissent,
1375 222 1482 248 ratam
1495 228 1561 249 non
1568 228 1657 256 esse,

915 262 1095 303 improbari
1111 262 1152 292 ab
1168 271 1220 298 eo,
1233 261 1328 300 cujus
1344 263 1379 291 in
1393 271 1434 291 ea
1449 272 1482 292 re
1499 262 1654 293 voluntas

915 307 1060 336 maxime
1084 305 1269 346 spectanda
1291 305 1345 335 sit.
1377 305 1500 335 nostri:
1533 306 1655 336 wieder

914 349 1086 389 aussagen.
1132 350 1151 368 *ἓ
1164 349 1300 389 prodere
1330 348 1483 379 dicendo.

914 393 1008 422 Verr.
1027 394 1057 424 6.
1089 394 1283 423 renunciata
1307 397 1358 423 est
1381 396 1454 423 tota
1476 392 1655 423 conductio

907 436 1039 476 judieii.

951 479 1178 517 Remmiam,
1188 485 1335 520 rapport,
1343 479 1653 518 registraturNerr.

914 523 935 554 i.
956 526 1009 554 3⁴.
1028 533 1097 553 rem
1114 532 1242 563 gestam
1260 524 1654 561 1·enunciarz1t,—a·enun-

913 568 1146 606 ciatioiiemque
1164 568 1248 606 ejus,
1266 578 1340 607 quae
1363 573 1436 598 erat
1451 568 1486 598 in
1503 567 1654 609 publicas

912 609 1025 640 literas
1043 611 1160 647 relata,
1175 610 1415 649 tolli-iusserat.

954 654 1142 694 Repanrlus,
1155 654 1324 691 incurvus,
1341 656 1493 685 innexus.
1516 655 1596 686 Nat.
1608 654 1652 686 D.

910 698 932 727 i.
949 700 1002 732 ⁶29.
1035 697 1137 728 calcei
1159 698 1297 737 repandi
1318 698 1479 729 Junonis:
1509 708 1652 738 quorum

910 751 956 771 se.
979 743 1123 781 speciem
1149 742 1341 780 conspicere
1365 741 1445 779 licet
1467 743 1502 772 in
1526 743 1654 780 uumis,

911 786 967 824 qui
993 785 1164 815 «lunonem
1188 786 1352 822 referunt,
1375 789 1410 815 et
1441 785 1476 815 in
1500 785 1654 817 Gorianis

914 829 1141 859 monumentis
1157 829 1191 859 in
1208 828 1327 860 Museo
1344 827 1498 859 Etrusco.

954 872 1189 912 Repastinaiio.
1227 873 1312 904 Cato
1334 876 1383 904 15.
1413 881 1519 912 genus
1543 873 1652 913 operis

911 916 1039 953 rustici,
1057 926 1133 946 cum
1151 917 1255 946 viueae
1272 920 1400 947 veteres
1413 915 1639 948 refodiuntur.

957 959 1133 999 Repellere.
1165 960 1272 991 Flacc.
1290 962 1321 990 2.
1352 971 1392 991 ex
1407 960 1489 991 urbe
1512 962 1653 1002 repulit.-

912 1004 974 1033 nisi
992 1004 1171 1043 legendum
1187 1003 1328 1043 depulit.

909 1067 912 1072 ι
955 1047 1170 1087 Repentinus,
1184 1047 1294 1078 subito
1306 1050 1412 1085 ortus,
1427 1056 1542 1077 novus.
1558 1047 1653 1078 Verr.

911 1091 1023 1125 iii.75.
1047 1093 1222 1131 repentine
1238 1091 1395 1121 rationes.
1418 1090 1513 1121 Brut.
1525 1091 1578 1127 69.
1601 1101 1654 1122 re,

906 1136 1036 1176 pentini
1052 1135 1204 1165 homines
1220 1139 1256 1164 et
1274 1135 1392 1174 ignoti.

954 1178 1121 1219 Repetere,
1138 1178 1306 1209 vindicare
1325 1178 1387 1208 sibi
1411 1180 1567 1218 ereptum
1590 1176 1650 1208 ali-

912 1222 992 1261 quid
1011 1227 1047 1253 et
1070 1222 1226 1261 injuriam
1249 1222 1373 1252 factam
1391 1221 1521 1260 judicio
1543 1230 1653 1262 perse-

912 1267 980 1306 qui.
1015 1266 1050 1296 in
1080 1265 1192 1296 Caecil.
1217 1268 1248 1297 5.
1285 1269 1429 1305 repetere
1451 1265 1509 1304 jus
1540 1274 1652 1297 suum.

911 1310 989 1341 ibid.
1015 1311 1193 1350 pecuniam
1216 1319 1257 1340 ex
1281 1308 1355 1349 lege
1377 1313 1531 1349 repetere.
1562 1309 1653 1340 Mur.

911 1355 942 1384 2.
974 1363 1025 1384 res
1042 1359 1194 1394 repetere.
1224 1354 1316 1384 Sext.
1331 1353 1386 1384 26.
1416 1352 1518 1383 nullis
1535 1353 1655 1393 repeti-

911 1399 951 1427 tis
968 1397 1065 1428 rebus
1078 1410 1085 1427 τ
1109 1399 1172 1429 int.
1186 1407 1246 1438 per
1260 1396 1406 1427 feciales.
1423 1395 1464 1427 de
1479 1405 1546 1436 qua
1560 1406 1655 1437 repe·
1681 1396 1686 1402 ’

908 1441 1030 1472 titione
1052 1441 1118 1472 vid.
1135 1441 1206 1472 Liv.
1221 1441 1243 1471 i.
1259 1443 1312 1472 32.
1341 1439 1508 1471 *initium
1530 1439 1654 1471 facere.

908 1484 938 1515 T
940 1495 1010 1515 use.
1027 1486 1048 1516 i.
1066 1487 1119 1517 43.
1149 1488 1301 1525 repetunt
1315 1484 1356 1514 ab
1375 1483 1577 1515 Erechtheo.
1607 1483 1654 1516 cf.

905 1529 963 1560 Or.
978 1529 1000 1559 i.
1017 1531 1068 1560 20.

954 1572 1162 1613 Repetundoe.
1192 1572 1228 1602 in
1251 1570 1364 1602 Caecil.
1379 1573 1411 1602 4.
1443 1570 1484 1601 de
1500 1571 1654 1611 pecuniis

908 1616 1094 1656 repetundis
1111 1625 1233 1646 nomen
1250 1615 1392 1654 alicujus
1407 1614 1548 1646 deferre.
1569 1624 1601 1647 v.
1615 1615 1653 1648 'm

909 1660 984 1691 lnd.
1000 1659 1105 1699 Legg.
1121 1659 1161 1690 de
1178 1659 1387 1699 Repetundis.

954 1703 1140 1744 Replicare,
1162 1702 1344 1733 evolvendo
1367 1711 1582 1742 cognoscere,
1599 1712 1655 1734 re-

908 1752 1035 1789 petere.
1057 1747 1140 1778 Sull.
1152 1751 1184 1782 9.
1205 1747 1364 1788 replicare
1378 1746 1577 1777 memoriam
1593 1756 1655 1777 an!

911 1791 1051 1822 nalium.
1085 1790 1167 1830 Leg.
1190 1791 1237 1821 iii.
1264 1793 1314 1821 14.
1343 1791 1504 1830 replicare
1525 1799 1654 1821 memo-

910 1836 995 1866 riam
1012 1840 1218 1875 temporum.

954 1879 1148 1919 Replicatiffi
1173 1878 1354 1909 conversio.
1382 1877 1464 1909 Nat.
1486 1877 1531 1909 D.
1553 1877 1576 1909 i.
1602 1880 1654 1910 13.

909 1924 1078 1964 replicatio
1089 1922 1219 1953 mundi.

954 1966 1130 2006 Reponere,
1161 1966 1351 1997 restituere.
1396 1964 1467 1996 Att.
1497 1963 1568 1996 xiii.
1602 1966 1653 1997 12.

910 2010 1031 2041 Catulo
1049 2014 1084 2041 et
1098 2010 1242 2041 Lucullo
1257 2009 1335 2040 alibi
1358 2018 1566 2050 reponemusae
1588 2008 1653 2041 int.

910 2054 998 2094 quod
1015 2054 1069 2084 hic
1086 2054 1235 2085 ablatum
1253 2057 1316 2084 est.

954 2098 1140 2138 Reposcere,
1163 2106 1312 2139 poscere.
1342 2095 1436 2127 Verr.
1459 2096 1506 2127 iii.
1532 2099 1560 2127 1.
1595 2096 1654 2137 qui

909 2142 950 2172 ab
967 2142 1072 2173 altero
1088 2143 1167 2172 vitae
1184 2141 1348 2172 rationem
1365 2144 1543 2182 reposcunt.

953 2186 1212 2226 chrehendere,
1229 2194 1394 2216 revocare.
1424 2183 1518 2215 Verr.
1533 2184 1581 2215 iii.
1597 2185 1652 2215 20.

909 2230 997 2269 quod
1020 2234 1094 2260 erat
1117 2228 1298 2270 prudentia
1312 2227 1588 2269 praetermissum,
1604 2227 1652 2266 id,

909 2278 1039 2312 quaestu
1067 2284 1106 2304 ac
1135 2277 1286 2313 ternpore
1316 2271 1521 2310 admonitus,
1543 2280 1654 2312 repre·

909 2318 1058 2348 hendisti.
1082 2316 1273 2347 *refellere
1293 2315 1436 2350 Coel.27.
1458 2325 1558 2355 quem
1570 2324 1654 2355 quo·

908 2361 1007 2391 modo
1023 2361 1308 2401 reprehenderent.
1325 2359 1529 2399 *coi-rigere,
1539 2368 1654 2390 emen·

909 2405 998 2436 dare.
1029 2405 1130 2436 Dom.
1149 2408 1202 2436 33.
1231 2405 1258 2434 si
1274 2414 1309 2434 se
1328 2402 1528 2443 collegisset,
1543 2407 1653 2433 teme·

908 2449 1044 2479 ritatem
1072 2454 1172 2488 atque
1203 2448 1362 2488 injuriam
1389 2456 1486 2477 suam
1516 2446 1654 2477 restitu-

907 2493 1000 2522 tione
1016 2502 1091 2523 mea
1106 2492 1371 2532 reprehendisset.
1401 2489 1522 2521 *Verr.
1538 2490 1585 2520 iii.
1596 2490 1652 2525 96.

908 2537 935 2566 si
951 2540 1120 2567 senatores
1130 2535 1338 2575 ¹judicarent,
1349 2534 1414 2565 hoc
1429 2543 1536 2574 genus
1549 2543 1652 2574 pecu-

908 2581 972 2610 niae
989 2590 1049 2620 per
1064 2581 1223 2620 injuriam
1241 2578 1398 2619 cogendae
1411 2587 1479 2609 non
1490 2587 1586 2618 posse
1597 2587 1650 2608 re-

901 2624 1084 2665 prehendi.-
1114 2623 1149 2654 h.
1172 2634 1203 2655 e.
1232 2622 1281 2654 ita
1311 2622 1474 2660 accusari,
1502 2627 1546 2652 ut
1574 2631 1651 2652 reue

908 2668 1139 2698 damnaretur.

952 2711 1175 2751 Reprehensio.
1205 2711 1263 2741 Or.
1289 2709 1336 2740 iii.
1365 2710 1418 2739 25.
1446 2708 1519 2739 sine
1541 2717 1651 2749 rme,

907 2756 1065 2786 hensione.
1091 2755 1113 2786 i.
1130 2765 1160 2784 e.
1183 2759 1224 2785 ut
1246 2764 1281 2784 se
1306 2761 1478 2791 nunquam
1504 2755 1650 2791 revocet,

907 2803 1060 2829 coerceat
1076 2799 1168 2829 intra
1182 2798 1280 2835 fines,
1296 2797 1444 2836 corrigat
1459 2796 1520 2827 &c.

951 2843 1210 2883 Reproesentare,
1235 2845 1286 2872 est
1308 2841 1457 2881 proprie,
1473 2840 1509 2870 in
1532 2848 1568 2870 re
1592 2847 1651 2879 pe-

906 2887 1071 2927 cuniaria,
1093 2885 1273 2928 pecuniam
1298 2884 1414 2918 statim
1443 2882 1584 2922 solvere,
1598 2884 1651 2914 ati-

1528 349 1603 379 Act.
1630 349 1654 380 i.
1702 386 1706 391 ⁵
