1804 3178
588 105 745 136 annuit
778 107 1069 137 murmurans,
1494 101 1579 141 305

124 191 276 233 flamm,
307 203 412 234 genus
447 192 669 225 sacerdotum.
707 195 812 225 Erant
854 194 1070 225 ‘succ-edere.
1100 195 1165 227 Off.
1190 195 1214 228 i.
1238 197 1291 230 26.
1320 206 1372 228 res
1392 197 1515 238 fluunt
1540 199 1583 231 ad

79 231 196 272 Rome
209 238 368 279 flamines
395 242 477 275 tres,
502 237 620 275 Dialis,
647 237 811 268 Martialis
854 238 1074 270 voluntatem.
1109 240 1312 280 ‘divulgari
1344 241 1444 273 Tusc.
1477 243 1518 274 iv.
1552 246 1583 275 1.

80 286 117 311 et
132 280 311 320 Quirinalis
325 294 336 320 ς
359 280 491 312 additus
514 280 634 311 deinde
657 287 808 321 quartus,
853 282 1049 322 Pythagorae
1072 283 1224 315 doctrina
1239 294 1315 315 cum
1331 284 1429 325 long-e
1446 285 1580 325 lateque

77 322 202 355 Julius.
231 325 313 356 Tres
333 324 518 364 superiores
541 330 637 355 erunt
656 325 689 355 in
709 325 809 355 collc-
841 324 978 365 flueret.
1009 325 1139 358 ‘'l'usc.
1163 328 1196 358 ii.
1220 329 1272 358 22.

79 366 136 407 gio
153 366 367 399 Pontificum.
383 367 447 398 vid.
463 367 562 398 Dum.
586 371 634 398 14.
668 368 749 399 Phil.
775 370 807 399 ii.

78 413 134 442 43.
168 411 269 444 ⁸Mil.
290 414 338 442 10.
362 410 539 451 flamimm
558 411 714 450 prodcrc:
741 413 761 442 i.
778 424 807 442 c.

79 463 204 486 creare.
219 460 272 485 est
286 455 377 485 enim
395 454 455 485 hoc
473 456 642 495 proprium
666 456 699 486 in
717 467 755 486 ca
772 466 806 486 rc

79 498 229 529 verbum.

123 540 339 579 Flaminium,
377 541 600 572 sacerdotium
649 542 804 574 flaminis.

78 583 164 615 Phil.
179 585 248 615 xiii.
270 588 319 619 19.
331 584 526 625 flantinium
545 587 693 616 rit-saris.

121 627 276 665 flectere,
307 636 450 659 mutare.
483 628 565 658 Sull.
598 631 650 660 23.
687 635 807 660 natura

74 670 290 712 subitoflecti
306 682 371 702 nou
389 679 511 712 potest.
537 673 616 702 (ζα-1.
632 674 663 703 6.
690 673 754 702 buc
771 680 807 704 et

76 713 158 745 illuc
174 719 329 754 torquere
340 715 517 756 &fleca-re
532 726 624 745 suam
639 725 805 746 naturam.

75 757 95 776 ⁸
107 758 185 789 Div.
202 759 236 789 ii.
250 761 303 789 45.
328 759 540 799 instedeztdis
553 760 804 798 promontoriis3

75 800 117 832 de
133 802 258 839 nautis,
272 801 350 832 dum
357 802 502 843 flectunt
517 803 604 832 circa
617 807 806 842 promonto-

75 854 126 875 ria
140 854 288 876 cursum.

118 887 242 921 Fletus.
275 888 377 919 Tusc.
409 889 443 919 ii.
472 890 526 919 23.
562 889 597 918 in
628 889 683 919 xii.
716 889 806 919 tabb.

75 932 156 971 quid
171 932 215 962 sit
227 933 241 962 ἓ
266 941 469 972 quamquam
494 931 667 963 Bentleius
690 938 724 963 et
740 933 807 963 Bu-

74 973 187 1006 herius
203 974 387 1013 malebant,
403 976 518 1006 lessus.

118 1018 298 1056 flexibilis,
328 1020 451 1056 varius,
481 1019 685 1050 inconstanS.
723 1019 804 1050 Lael.

75 1063 129 1092 25.
143 1061 303 1102 flen‘bilis
318 1063 532 1093 assentatoris
548 1063 691 1093 animus.
716 1067 735 1085 *
748 1064 806 1094 Or.

75 1104 124 1135 iii.
151 1107 206 1137 45.
239 1105 399 1145 flexibilis
428 1107 533 1136 oratio
563 1106 698 1143 dicitur,
728 1108 807 1146 qnia

73 1146 249 1179 ennoeatio
271 1149 447 1180 verborum
469 1149 573 1179 modis
591 1151 706 1180 multis
722 1151 806 1182 vari-

76 1191 125 1221 ari
141 1195 262 1232 potest.

118 1235 244 1274 Rem,
262 1236 432 1267 circuitus.
464 1236 528 1266 Pis.
545 1238 597 1267 22.
621 1235 806 1266 deverticu-

73 1277 332 1320 laflesionesque
347 1290 505 1319 quaerere.
532 1280 588 1310 Or.
606 1280 652 1310 iii.
668 1281 720 1311 25.
737 1279 804 1319 fle-

72 1323 185 1353 xiones
208 1324 243 1354 in
268 1327 369 1353 cantu
395 1330 488 1361 sunt,
506 1333 579 1362 quae
602 1323 659 1353 Gr.
683 1323 805 1361 καμπαὶ

1289 327 1401 369 stetere
1424 329 1579 362 mollitia.

853 373 871 390 ⁸
887 370 1034 400 interire.
1058 370 1163 402 Marc.
1180 374 1211 402 Β.
1232 372 1348 402 omnia
1362 382 1436 412 quoe
1451 373 1580 414 dilapsa

842 413 915 450 jam
937 412 1126 453 fluxerunt.
1152 414 1195 444 cf.
1219 414 1314 445 Orat.
1340 418 1372 446 3.
1409 416 1511 447 Gron.
1537 417 1583 450 ad

851 457 920 486 Liv.
946 457 1042 487 xxvii.
1064 460 1113 492 17.
1144 460 1163 479 ⁴
1177 457 1279 495 abire,
1295 458 1422 498 fugere.
1455 459 1524 490 Pin.
1542 461 1577 492 ii.

849 502 900 528 32.
922 499 1007 539 stud!
1031 502 1175 541 corporis
1200 500 1372 541 voluptas:
1401 512 1500 541 quam
1530 503 1578 534 le-

847 544 994 574 ctionem
1011 548 1128 574 contra
1145 545 1317 575 Davisium
1330 544 1478 576 defendit
1491 546 1577 577 Bur-

849 595 991 616 mannus
1007 587 1048 617 ad
1063 587 1151 626 Virg.
1169 588 1208 618 G.
1225 588 1270 619 iii.
1287 589 1339 622 67.
1362 589 1449 620 Ὀι·.
1466 593 1519 621 58.
1536 589 1577 620 de

848 629 905 660 Or.
920 630 968 660 iii.
983 633 1036 664 49.
1059 631 1166 662 oratio
1171 631 1297 672 fluens,
1309 633 1490 673 opponitur
1505 633 1577 663 vin-

848 680 910 703 ctae
929 674 1069 713 periodis
1083 679 1119 705 et
1132 683 1329 706 numerosae.
1362 676 1488 707 Contra
1500 676 1575 717 flu-

846 726 901 745 ens
912 717 1120 756 aequabiliter
1128 719 1236 748 oratio
1250 718 1329 749 ibid.
1340 725 1392 749 est
1404 719 1493 750 levis
1504 720 1577 750 ubi-

847 769 910 798 que
927 761 1045 796 oratio,
1062 761 1096 791 in
1120 771 1186 800 qua
1202 761 1283 792 nibil
1301 772 1469 801 asperum,
1487 763 1574 794 hiul-

848 813 925 832 cum
944 804 1002 833 ἃς.
1029 805 1045 821 *
1058 806 1114 834 Or.
1133 805 1166 834 ii.
1186 806 1237 835 66.
1269 805 1384 836 Gallus
1400 806 1576 845 distortus,

847 846 956 885 ejecta
982 846 1108 886 lingua,
1132 848 1243 878 buccis
1260 847 1463 888 fluentibus.-
1487 849 1520 881 h.
1546 861 1577 881 e.

849 895 888 919 ut
918 889 972 919 alii
998 889 1192 929 loquuntur,
1215 891 1415 929 labentibus,
1439 900 1576 933 propter

849 934 916 963 vim
934 933 1053 970 morbi,
1069 939 1124 964 aut
1143 939 1364 972 senectutem,
1381 941 1440 965 aut
1455 946 1575 977 corpus

849 977 935 1006 male
952 987 1149 1017 quacunque
1165 978 1205 1008 de
1221 989 1322 1009 causa
1340 980 1576 1011 constitutum.

851 1030 880 1049 v.
899 1020 1040 1050 Gronov.
1057 1021 1096 1051 ad
1114 1024 1228 1051 Senec.
1246 1021 1381 1062 llippol.
1396 1033 1426 1052 v.
1443 1024 1518 1054 364.
1541 1028 1577 1054 et

852 1062 932 1095 lntt.
949 1063 990 1093 ad
1006 1065 1098 1094 Suet.
1114 1065 1199 1103 Aug.
1216 1070 1268 1099 99.
1299 1065 1362 1095 Sed
1386 1066 1494 1096 Pison.
1524 1070 1575 1098 ll.

849 1107 925 1136 Sen.
942 1117 974 1146 p.
992 1106 1072 1137 Rcd.
1089 1108 1119 1138 6.
1132 1107 1278 1148 fluentes
1299 1109 1413 1140 huccae
1428 1107 1574 1148 Gabinii,

850 1157 930 1180 sunt
943 1160 1076 1180 cerussa
1085 1155 1120 1180 et
1135 1151 1262 1190 reliquo
1274 1152 1350 1181 suco
1364 1153 1575 1192 interpolatae

849 1198 883 1223 et
895 1198 1064 1231 correctae,
1074 1204 1146 1233 quae
1155 1195 1263 1224 calore
1275 1202 1308 1224 et
1319 1195 1438 1226 sudore
1440 1195 1575 1236 fluunt,

851 1240 887 1267 ut
910 1237 1033 1267 similes
1058 1238 1139 1275 sint,
1160 1238 1439 1276 quemadmodum
1462 1239 1576 1270 Petro-

851 1281 925 1310 nius
942 1291 969 1310 c.
987 1282 1038 1311 23.
1057 1281 1116 1318 ait,
1136 1281 1253 1320 parieti
1270 1281 1433 1312 laboranti
1454 1283 1577 1313 nimbo.

893 1324 1019 1361 Flu-cio,
1036 1324 1160 1362 illuvio,
1177 1324 1350 1355 diluvium.
1383 1326 1458 1356 Div.
1484 1327 1506 1357 i.
1521 1329 1577 1361 49.

75 1376 128 1406 ap.
145 1366 402 1407 Aristophanem
420 1367 454 1397 in
474 1367 626 1397 Nubibus
647 1367 807 1396 dicuutur
837 1366 1003 1408 strutiones
1018 1378 1191 1407 aquarum.

73 1419 104 1438 v.
121 1410 196 1444 966.
212 1410 271 1440 ubi
286 1420 316 1440 v.
332 1410 442 1441 Schol.
460 1415 493 1440 et
506 1410 690 1441 Kustcrum
705 1422 711 1440 ε
734 1420 805 1440 mo-

74 1451 108 1482 di
131 1452 228 1483 fracti
251 1457 288 1484 et
308 1455 396 1484 varie
420 1455 553 1494 crispati
579 1463 670 1491 voce,
687 1454 806 1493 quibus

73 1495 185 1526 mollis
200 1502 236 1527 et
255 1496 365 1527 suavis
385 1501 503 1528 cantus
519 1498 683 1528 efficitur:
707 1497 804 1527 Ovid.

73 1538 114 1570 A.
138 1539 172 1570 ii.
196 1543 228 1571 4.
250 1542 305 1572 25.
333 1540 431 1571 dulce
451 1541 554 1578 canit,
570 1541 743 1580 flectitque
758 1541 806 1571 sa-

72 1581 198 1613 cillime
229 1593 364 1614 vocem:
404 1584 444 1614 de
475 1584 626 1614 muliere.
679 1585 806 1624 Quam-

71 1635 173 1665 quam
191 1626 300 1657 'etiam
325 1627 545 1658 Demostheni
561 1627 736 1659 AEsehines
752 1638 808 1657 vo-

72 1669 120 1705 cis
131 1668 293 1710 fleximus
314 1671 503 1710 objiciebat,
527 1675 700 1712 tamquam
724 1672 807 1701 mol-

72 1711 121 1743 les
136 1718 172 1743 et
187 1715 386 1752 gravitatem
402 1715 541 1745 oratoris
555 1724 621 1745 non
635 1715 804 1752 decentes,

72 1756 130 1786 Or.
151 1758 199 1787 18.
229 1757 378 1788 Broukh.
395 1758 436 1788 ad
457 1757 582 1788 Tibull.
600 1759 620 1788 i.
637 1761 667 1789 8.
683 1761 736 1792 37.
763 1759 802 1788 de

73 1804 178 1830 cantu
193 1800 392 1842 simpliciter
407 1802 518 1842 capit:
543 1802 631 1840 quod
648 1811 715 1832 non
736 1801 806 1842 pla-

75 1848 141 1874 cet.

119 1887 252 1918 Flexus.
278 1887 359 1918 Coel.
387 1890 439 1919 31.
471 1889 580 1919 aetatis
599 1888 726 1929 βαῖνε,
754 1893 805 1919 est

73 1930 176 1960 virilis
200 1932 308 1961 aetatis
331 1932 478 1962 initium.
522 1932 721 1973 Metaphora
743 1932 805 1962 du-

74 1980 130 2003 eta
145 1977 196 2004 est
211 1984 231 2004 a
253 1975 354 2011 circo,
374 1976 409 2005 in
432 1985 497 2014 quo
509 1975 625 2016 flexus
647 1983 710 2014 est,
726 1986 804 2006 cum

73 2026 204 2055 currus,
217 2017 274 2047 ubi
290 2017 429 2048 alteram
447 2026 576 2058 partem
592 2021 670 2050 circi
687 2029 805 2059 exege-

76 2064 168 2097 runt,
185 2061 274 2091 circa
289 2062 419 2101 spinam
435 2067 470 2091 et
487 2066 593 2092 metas
610 2063 804 2094 flectuntur.

73 2102 138 2134 Sed
150 2104 207 2135 Or.
223 2105 244 2135 i.
266 2108 292 2135 1.
318 2109 369 2135 est
383 2105 423 2135 de
437 2105 523 2135 virili
538 2110 636 2137 aetate
653 2107 695 2138 ad
709 2116 804 2137 sene-

74 2151 203 2178 ctutem
221 2154 389 2187 vergente.

119 2190 240 2222 flexus
254 2191 320 2231 adj.
349 2192 406 2222 Or.
425 2192 471 2222 iii.
489 2195 541 2226 57.
571 2202 670 2223 sonus
676 2192 802 2233 flea-m,

74 2238 127 2264 est
154 2235 243 2266 tristi
274 2246 353 2266 voce
380 2235 559 2276 loquentis,
593 2241 631 2267 ut
663 2237 804 2267 inflexus

72 2286 102 2308 c.
119 2278 173 2309 46.

117 2321 203 2353 Ros.
240 2321 335 2353 Brut.
365 2324 417 2356 87.
455 2323 704 2362 pigmentorum
724 2321 804 2362 flos,

73 2368 140 2402 est,
154 2365 212 2404 qui
227 2365 308 2396 alias
323 2365 492 2405 splendor,
505 2366 560 2396 Gr.
578 2365 653 2399 τόνος
669 2366 803 2397 dicitur.

73 2407 170 2440 Balb.
186 2410 218 2440 6.
243 2410 353 2450 ipsum
361 2408 481 2449 florem
499 2409 672 2447 dignitatis
687 2410 805 2440 infrin-

73 2460 164 2490 gere.
196 2453 254 2483 Or.
281 2453 328 2483 iii.
354 2455 384 2483 4.
403 2452 471 2493 flos
496 2453 586 2491 vitoe,
612 2457 664 2483 est
686 2453 804 2494 gloria,

75 2495 110 2525 iu
127 2504 194 2534 qua
209 2496 282 2536 quis
298 2497 390 2526 vivus
407 2500 468 2527 est.

119 2538 309 2570 Flac-mare.
339 2540 395 2571 Or.
416 2543 468 2571 58.
489 2539 663 2580 fluctuans
685 2541 803 2578 oratio,

72 2586 128 2613 est
139 2590 207 2613 non
219 2592 400 2618 numerosa
414 2587 449 2613 et
461 2588 601 2614 structa.

117 2624 262 2658 Raetus.
298 2626 404 2658 Flacc.
434 2629 488 2658 24.
515 2626 644 2667 fluctus
673 2627 805 2657 concio-

74 2675 170 2698 num.

99 2708 284 2760 ‘Flac-nter.
316 2714 387 2745 Att.
414 2714 469 2744 vii.
499 2716 547 2745 14.
566 2712 719 2754 fluenter
743 2713 804 2753 lip-

75 2763 158 2794 pire.
313 2780 315 2785 .

119 2796 249 2829 Pluere.
277 2803 443 2840 spectare,
469 2799 635 2830 devenire.
665 2799 737 2830 Att.
763 2799 805 2830 iv.

79 2839 129 2872 16.
162 2850 213 2872 res
225 2841 378 2882 fluit-ad
400 2844 644 2883 interregnum.
667 2842 745 2872 ibid.
763 2843 805 2872 ix.

79 2886 129 2923 lq.
178 2883 266 2917 illius
305 2886 449 2918 rationes
486 2897 644 2927 quorsum
676 2885 807 2927 fluant.

895 1411 1004 1442 Focus.
1030 1411 1069 1441 dc
1086 1411 1251 1441 formula:
1277 1422 1335 1452 pro
1351 1413 1415 1442 aris
1430 1417 1465 1443 et
1476 1412 1578 1453 sacis.

851 1464 880 1483 v.
896 1455 971 1485 Ara.
988 1455 1082 1484 Rosc.
1100 1456 1173 1485 Am.
1193 1454 1305 1495 &foci
1320 1456 1431 1496 patrii.

895 1498 1040 1528 Fvculus.
1077 1498 1176 1528 Dum.
1206 1501 1259 1532 47.
1293 1505 1344 1529 est
1375 1509 1439 1529 arae
1471 1508 1576 1538 genus

851 1550 988 1581 parvum
1005 1546 1038 1571 et
1054 1541 1222 1581 portatile,
1240 1543 1326 1580 quod
1347 1543 1380 1572 in
1406 1551 1578 1572 consecra-

851 1584 998 1615 tionibus
1014 1584 1201 1615 adhibetur.
1234 1585 1313 1625 Ejus
1328 1587 1442 1625 figurae
1458 1590 1578 1616 extant

850 1628 885 1657 in
910 1628 1020 1658 numis
1044 1633 1079 1657 et
1099 1627 1170 1658 aliis
1195 1629 1431 1659 monumentis
1454 1639 1484 1659 v.
1501 1639 1530 1659 v.
1547 1639 1576 1661 c.

852 1671 990 1702 Guther.
1005 1671 1038 1701 .l.
1057 1672 1091 1701 P.
1110 1672 1143 1701 ii.
1165 1675 1212 1702 14.

895 1715 1015 1746 Fodieo.
1046 1714 1145 1744 Tusc.
1163 1716 1208 1745 iii.
1229 1715 1278 1746 16.
1295 1713 1519 1754 fhdicantibus
1535 1715 1575 1746 iis

851 1757 961 1795 rebus,
977 1767 1058 1797 quas
1074 1759 1177 1788 malas
1193 1758 1379 1798 opinamur.

895 1801 1038 1832 Foeneus.
1061 1801 1102 1831 fr.
1127 1802 1225 1832 Corn.
1245 1804 1272 1831 1.
1297 1801 1446 1831 hominen
1458 1800 1575 1841 famei.

849 1855 878 1874 v.
895 1845 1056 1875 Asconius
1073 1844 1115 1875 ad
1131 1845 1162 1876 h.
1179 1845 1201 1875 l.
1231 1843 1308 1875 Scil.
1327 1845 1360 1874 in
1377 1844 1576 1884 spectaculis

848 1889 936 1919 tauri
952 1888 1103 1919 solebant
1117 1888 1237 1918 irritari
1242 1886 1364 1927 faneis
1375 1888 1576 1927 in'iaginibus

850 1938 909 1962 ant
927 1931 1020 1972 pilis:
1046 1931 1244 1972 undesoenei
1258 1931 1428 1968 dicuntur,
1445 1931 1500 1969 qui
1517 1941 1577 1960 no-

850 1985 928 2006 men
956 1980 991 2005 et
1020 1975 1165 2015 speciem
1197 1976 1243 2005 rei
1272 1980 1405 2004 tantum
1438 1973 1576 2010 habent,

850 2028 917 2049 non
949 2019 1026 2048 vim.
1058 2018 1123 2048 vid.
1155 2018 1292 2049 Salmas.
1329 2017 1370 2047 ad
1408 2017 1576 2057 Spartian-

850 2061 1008 2092 Pescenn.
1039 2072 1067 2091 c.
1104 2063 1152 2093 1⁶2.
1183 2060 1336 2092 Occurrit
1365 2064 1399 2090 et
1429 2060 1462 2090 in
1494 2060 1575 2091 Cod.

848 2105 975 2135 Theod.
999 2110 1033 2135 et
1048 2105 1242 2143 junguntur
1251 2103 1356 2145 fiz’nei
1377 2103 1576 2142 defectique.

851 2148 915 2179 vid.
932 2148 1084 2179 Gothosr.
1100 2148 1205 2178 Gloss.
1222 2147 1302 2178 Cod.
1318 2146 1444 2177 Theod.

893 2192 1089 2223 faenerator.
1117 2192 1181 2221 Off.
1209 2192 1229 2221 i.
1255 2192 1308 2220 4‘2.
1328 2189 1574 2230 foeneraeorum

849 2242 996 2275 quaestus
1012 2236 1045 2266 in
1062 2235 1137 2265 odia
1153 2236 1338 2264 incurrunt.
1357 2233 1398 2263 ad
1412 2233 1487 2263 Div.
1500 2243 1529 2263 v.
1542 2233 1575 2264 6.

848 2284 945 2310 erant
969 2284 1081 2308 autem
1105 2278 1220 2308 Romae
1231 2276 1451 2317 foeneratores
1469 2275 1576 2307 homi-

849 2332 907 2353 nes
937 2322 1054 2352 divites
1089 2323 1316 2361 cujuscunque
1347 2319 1484 2356 ordinis,
1516 2319 1574 2358 qui

850 2367 1006 2406 pecunias
1033 2365 1094 2395 sub
1129 2365 1238 2394 usuris
1269 2363 1445 2393 collocatas
1475 2362 1574 2393 habe-

851 2417 946 2439 rent:
973 2407 1203 2448 Capitalisten,
1221 2407 1428 2437 Rentcniers.

894 2452 1074 2488 phuam-uri,
1090 2451 1151 2482 sub
1166 2451 1273 2481 usuris
1289 2450 1366 2480 dare
1384 2449 1573 2490 pecuniam.

849 2495 942 2526 verr.
974 2496 1007 2525 ii.
1038 2498 1090 2529 70.
1125 2494 1283 2534 pecunias
1311 2494 1486 2532 ejus—suo
1518 2500 1576 2521 no-

850 2537 1191 2578 rninesoenerabatur.
1216 2536 1295 2567 Lael.
1318 2541 1349 2570 9.
1373 2536 1574 2566 beneficium

836 2581 1012 2623 fienerari.
1057 2580 1175 2620 ltaque
1198 2579 1340 2620 pecunia
1365 2579 1494 2619 proprie
1507 2577 1576 2617 stt-

849 2629 988 2657 neratur
1002 2637 1012 2654 .·
1037 2624 1096 2654 scd
1117 2623 1267 2654 homines
1289 2623 1392 2652 etiam
1418 2622 1576 2652 dicuntur

835 2668 1012 2710 Jiznerari.
1042 2667 1156 2697 Parad.
1181 2667 1223 2696 vi.
1246 2667 1277 2697 2.
1310 2666 1515 2696 dimissiones
1537 2663 1576 2693 li·

849 2713 1020 2743 bertorum
1039 2711 1079 2742 ad
1089 2709 1304 2751 soenerandas
1325 2714 1361 2739 et
1376 2706 1575 2748 diripiendas

849 2755 1044 2796 provincias.

894 2799 1011 2830 Foemw
1027 2806 1085 2837 pro
1100 2797 1172 2837 ipsa
1186 2799 1273 2827 sorte
1290 2795 1423 2826 dicitur.
1449 2792 1489 2823 ad
1505 2793 1574 2823 Att.

850 2842 892 2872 vi.
913 2845 940 2872 1.
968 2851 998 2871 v.
1017 2845 1085 2871 not.
1098 2839 1216 2880 ,lienus
1232 2843 1429 2880 perpetuum
1447 2836 1488 2867 ad
1504 2835 1575 2867 An.

851 2896 880 2916 v.
898 2887 950 2917 21.
977 2894 1006 2915 v.
1023 2885 1058 2915 in
1073 2887 1265 2926 perpetuus.

875 2939 894 2959 x
