1815 3209
184 165 237 202 26

183 260 227 310 U.
250 269 391 292 nchm.
414 261 454 291 de
475 264 617 301 civitate,
640 273 681 293 ne
703 266 774 304 quis
794 265 836 294 si!
852 273 916 304 pro

182 314 263 342 cive,
286 307 342 344 qui
371 315 434 335 ‘mm
465 308 506 337 sit
535 309 623 338 civis.
654 308 693 337 de
725 310 781 338 Or.
807 309 839 337 ii.
863 309 916 339 (2¹4.

183 347 279 378 Offic.
310 348 357 379 iii.
392 353 441 380 11.
472 361 530 390 pro
561 350 664 381 Balbo
695 353 746 382 21.
775 353 827 382 ⁶24.
857 361 916 391 pro

183 390 338 421 Cornelio
355 394 537 431 mejestatis
559 405 626 431 reo,
645 394 699 424 ubi
717 397 770 425 lex
785 396 824 424 de
840 396 916 424 vim—

185 435 242 465 Ims
258 437 415 474 regundis
433 438 568 475 (licitur,
587 438 627 468 ad
651 448 705 477 qu.
724 438 744 468 1.
765 449 793 468 V.
817 438 916 468 Asco-

184 478 270 509 nius.
314 479 453 510 Licebat
467 486 579 511 antem
597 493 636 511 ex
653 492 693 511 ea
709 481 779 520 lege
797 481 859 517 his,
877 492 916 510 cx

183 533 324 562 quorum
342 525 478 554 civitate
493 531 578 560 erat,
591 526 646 563 qui
661 535 719 565 pro
736 526 805 554 cive
822 524 918 554 me.

183 576 254 596 esse
277 567 456 607 haberique
479 568 622 605 volebat,
646 579 722 598 eum
756 573 917 607 repetere,

184 610 273 649 quod
289 616 322 641 et
335 611 405 651 lege
424 613 536 651 Papia
553 612 689 641 licebat:
716 612 804 649 quod
820 611 917 640 intel-

182 653 243 695 ligi
261 660 372 695 potest
387 666 404 685 e
423 655 517 685 Brut.
540 666 568 685 c.
595 656 643 686 16.
691 654 786 684 Hanc
810 654 916 693 legem

184 707 318 729 causam
344 700 544 739 praecipuani
569 698 645 728 belli
679 697 783 727 Italici
817 698 918 727 fuisse

181 740 289 772 tradit
311 742 426 772 Cicero
449 743 488 772 de
512 742 575 772 Off.
600 742 646 771 iii.
667 744 714 771 11.
739 745 839 780 atque
856 741 918 770 hac

183 786 255 815 sine
272 786 372 816 dubio
387 786 427 816 de
445 795 545 815 causa
566 785 785 824 perniciosam
806 784 917 824 appel-

183 829 233 859 lat
263 831 296 860 in
329 829 534 866 Corneliam
562 829 583 858 i.
611 828 650 858 fr.
696 827 853 858 Ceterum
878 827 917 858 de

184 873 248 904 hac
277 874 349 912 lege
384 874 449 902 vid.
480 873 513 902 in
536 872 651 911 primis
674 869 827 901 Balduini
858 871 918 901 Ju-

182 915 293 956 ris-pr.
319 916 410 947 Muc.
433 927 464 956 p.
490 919 561 946 100.
592 915 647 945 ubi
680 915 720 944 de
752 919 825 944 toto
858 914 920 945 hoc

181 961 265 1000 legis
287 969 421 1000 genere,
449 959 537 999 quod
563 964 614 989 est
641 958 680 988 de
708 958 856 996 civitate,
887 969 921 988 a·

208 1024 245 1035 „L-

228 1048 365 1078 Licuwa
385 1047 504 1083 ὖυΝιΑ,
526 1056 546 1075 a
569 1046 694 1076 Licinio
716 1045 862 1075 filim-ena.
883 1048 919 1074 et

186 1092 359 1124 D..J11m·0
389 1091 504 1121 Silano
535 1089 624 1119 Coss.
656 1089 694 1118 A.
728 1088 768 1118 U.
800 1090 917 1118 ncxcl.

183 1136 263 1166 lata.
287 1134 374 1173 Lege
394 1134 521 1164 Caecilia
535 1133 639 1164 Didia
650 1133 817 1161 sancitum
834 1137 918 1169 crat,

183 1184 224 1209 ut
241 1179 292 1208 lex
307 1177 443 1208 ferenda
458 1187 517 1217 per
525 1176 759 1206 trinundiuum
774 1175 920 1214 promul-

185 1228 331 1262 garetur.
378 1221 450 1251 Hoc
473 1220 553 1259 legis
577 1219 665 1249 illius
697 1224 799 1258 caput
830 1220 921 1248 novis

183 1266 468 1303 severioribusque
503 1264 607 1303 poenis
643 1264 754 1292 sanxit
792 1263 923 1292 Licinia

184 1311 307 1345 dunin,
316 1308 405 1339 unde
416 1316 558 1345 utraque
571 1306 623 1336 lex
635 1316 721 1346 saepe
731 1307 889 1345 ,jungitur
904 1316 923 1335 a

186 1350 360 1389 Cicerone,
384 1351 467 1382 Phil.
490 1362 518 1380 ν.
543 1354 574 1380 3.
609 1360 669 1389 pro
693 1351 782 1379 Sext.
805 1351 858 1380 64.
881 1350 922 1379 ad

187 1398 293 1427 Attic.
310 1397 352 1426 iv.
373 1396 422 1426 16.
440 1396 473 1424 ii.
490 1400 521 1429 9.
538 1394 649 1423 Vatin.
667 1403 695 1422 c.
717 1396 764 1423 14.

231 1440 367 1471 mem
391 1439 497 1469 Crassi
512 1437 673 1474 Crateris,
683 1436 799 1466 similis
809 1435 921 1466 Aiba-

185 1486 252 1521 tia»,
270 1493 336 1522 qua
350 1488 487 1512 cautum
511 1487 574 1517 est,
592 1490 634 1510 ne
658 1481 701 1517 ei,
719 1480 774 1518 qui
799 1479 838 1509 de
863 1480 921 1510 ali-

186 1538 253 1567 qua
275 1527 446 1557 curatione
470 1536 507 1555 ac
529 1529 696 1564 potestate
720 1524 834 1559 ferret,
855 1523 920 1552 col-

186 1572 281 1611 legis,
306 1570 468 1609 cognatis,
492 1568 642 1598 affinibus
670 1576 743 1596 eam
775 1572 921 1606 potesta-

187 1621 257 1645 tem
270 1615 517 1644 curationenwe
530 1611 686 1642 mandare
702 1610 827 1640 liceret.
841 1610 919 1650 Agr.

189 1659 224 1689 ii.
240 1662 271 1689 Β.
288 1668 346 1697 pro
361 1658 472 1688 Domo
488 1659 541 1687 ⁶20.

229 1701 365 1731 Lianm
379 1701 418 1730 de
430 1701 567 1736 αἰηὺὶιῑι,
578 1703 612 1729 et
629 1699 762 1738 quidem
775 1698 815 1728 de
826 1698 919 1728 soda-

187 1747 277 1782 titiis,
300 1745 370 1775 lata
392 1744 453 1774 Cn.
483 1743 640 1783 Pompeio
669 1749 704 1772 et
731 1742 778 1772 M.
803 1742 920 1771 Crasso

185 1789 278 1819 Coss.
299 1788 339 1819 A.
362 1787 403 1818 U.
426 1795 591 1817 ncxcvui.
616 1786 680 1816 vid.
703 1785 841 1825 Argum.
863 1785 920 1815 Or.

185 1843 246 1873 pro
278 1832 421 1862 Plancio.
466 1831 553 1861 Nam
581 1840 622 1860 ex
652 1840 692 1859 ea
722 1829 793 1868 lege
824 1839 922 1859 accu-

186 1882 279 1906 satus
302 1881 354 1906 est
377 1886 396 1905 a
420 1874 599 1905 Laterense
631 1873 795 1902 Plancius.
840 1872 922 1902 Erat

187 1926 302 1950 autem
318 1920 369 1949 lex
385 1918 604 1955 severissima,
621 1923 656 1946 et
673 1918 813 1946 editicios
825 1913 922 1956 judi-

187 1974 238 1994 ces
253 1963 467 1999 concedebat,
486 1961 517 1992 h.
542 1971 570 1991 e.
594 1971 662 1997 eos,
680 1970 761 1999 quos
785 1970 920 1990 accusa-

187 2013 242 2037 tor
271 2006 440 2043 edidisset,
467 2015 544 2035 cum
576 2005 611 2034 in
635 2004 753 2034 ceteris
771 2004 920 2043 judiciis,

188 2051 244 2090 qui
268 2054 410 2091 praeerat
425 2049 566 2088 judicio,
583 2048 760 2078 sortiretur
775 2047 919 2086 judices,

188 2104 264 2125 reus
287 2099 322 2123 et
345 2097 529 2129 accusator,
548 2101 628 2131 quos
651 2091 788 2128 vellent,
806 2091 920 2129 rejice-

189 2143 276 2174 rent,
294 2137 382 2176 quod
398 2136 505 2166 multo
521 2136 647 2174 aequius
670 2135 813 2165 videtur.
857 2134 921 2164 Sed

187 2186 338 2218 senatus,
355 2180 448 2218 cujus
471 2180 559 2209 bona
579 2179 752 2208 voluntate
775 2178 846 2208 haec
869 2178 920 2208 lex

189 2226 259 2255 lata
269 2229 332 2262 est,
342 2228 518 2263 propterea
533 2223 567 2252 in
582 2222 645 2252 hac
657 2232 757 2252 causa
771 2222 922 2252 editicios

181 2267 315 2310 judices
337 2267 390 2297 edi
412 2267 556 2304 volebat,
580 2266 668 2305 quod
697 2266 922 2303 existimabat,

188 2312 217 2342 si
241 2322 296 2342 reo
312 2311 443 2350 judices
466 2311 506 2340 ab
525 2314 716 2339 accusatore
732 2309 922 2346 ederentur,

189 2360 416 2385 accusatorem
433 2363 488 2383 eos
504 2353 674 2383 editurum
693 2363 733 2382 ex
756 2353 795 2382 iis
817 2353 922 2383 tribu-

188 2400 264 2436 bus,
282 2408 361 2437 quas
379 2407 452 2427 reus
475 2397 650 2436 largitione
673 2396 843 2426 devinctas
867 2396 924 2426 ha-

188 2442 295 2473 beret.
340 2441 394 2471 Ita
414 2441 497 2478 fore,
521 2445 561 2470 ut
584 2440 684 2470 iidem
707 2445 742 2469 et
763 2443 867 2470 testes
890 2445 925 2470 et

180 2485 314 2525 judices
343 2488 465 2514 essent.
510 2483 627 2522 Neque
664 2493 740 2513 vero
771 2484 927 2523 cuiquam

190 2528 310 2559 melius
322 2527 360 2557 de
370 2528 545 2567 largitione
557 2528 647 2557 facta
657 2531 808 2557 constare
820 2537 927 2568 posse,

190 2581 292 2611 quam
315 2571 503 2601 tribulibus.
548 2571 666 2610 Itaque
691 2570 806 2601 Cicero
828 2570 927 2601 Late-

192 2625 322 2645 rensem
339 2614 563 2654 reprehendit,
574 2615 643 2654 qui,
657 2624 734 2644 cum
752 2614 925 2645 Plancium

191 2669 232 2688 ex
256 2658 318 2688 hac
340 2658 412 2697 lege
436 2662 619 2694 accusaret,
644 2667 711 2687 non
741 2668 796 2688 eas
817 2659 925 2688 tribus

190 2701 361 2737 edidisset,
385 2711 466 2740 quas
498 2702 641 2731 maxime
670 2701 831 2732 clamaret
854 2712 925 2731 cor-

190 2749 307 2784 ruptas
323 2754 405 2782 esse,
422 2745 480 2774 sed
502 2744 597 2784 longe
614 2745 712 2774 alias:
737 2755 775 2774 ex
793 2755 858 2784 quo
874 2746 925 2775 in-

189 2788 375 2827 telligatur,
388 2798 464 2818 eum
482 2798 548 2818 non
564 2794 635 2818 tam
652 2787 758 2827 legem
776 2789 815 2818 de
832 2789 926 2819 soda-

191 2831 286 2867 litiis,
310 2841 409 2870 quam
441 2832 591 2861 editicios
615 2832 746 2871 judices
772 2837 926 2862 secutum

192 2884 275 2904 esse.
292 2875 356 2904 vid.
374 2885 431 2914 pro
448 2875 581 2905 Plancio
598 2885 626 2904 c.
646 2878 695 2905 15.
722 2876 771 2906 16.
794 2886 864 2915 sqq.
887 2886 927 2906 ex

192 2927 259 2957 quo
275 2917 359 2955 loco,
376 2923 434 2948 aut
450 2919 612 2955 oratione,
631 2918 728 2956 hujus
745 2919 826 2958 legis
842 2920 927 2949 ratio

192 2961 291 3008 unice
314 2962 543 3001 cognoscenda
572 2967 633 2992 est.
679 2962 730 2993 De
763 2963 824 2993 hac
854 2962 927 3002 lege

767 177 914 222 INDEX
933 177 1019 206 LEG
1026 177 1110 206 ΠΜ.

960 266 1049 306 capit
1073 270 1175 297 etiam
1199 265 1234 296 P.
1258 265 1431 296 Manutius
1457 265 1568 295 locum
1599 261 1693 294 Coelii

959 321 1011 350 cp.
1028 312 1059 341 9.

1003 353 1109 383 lemz
1127 352 1228 392 leges,
1246 363 1384 392 quarum
1406 351 1532 382 mentio
1548 360 1600 391 ap.
1623 349 1693 380 Cic.

961 396 1000 426 de
1017 396 1119 435 Legg.
1136 397 1169 426 ii.
1186 398 1216 427 6.
1233 402 1267 426 et
1284 398 1317 426 in
1335 396 1539 426 Cornelianae
1563 395 1584 424 i.
1606 393 1693 432 frag-

961 440 1096 477 mentis,
1119 444 1198 470 sunt
1223 440 1309 470 Livii
1341 440 1448 471 Drusi
1476 438 1567 469 Trib.
1591 436 1693 476 plebis

965 483 1112 512 seditiosi
1143 483 1181 513 A.
1215 483 1255 513 U.
1288 491 1417 513 nemen.
1450 491 1515 512 non
1547 480 1694 521 perlatae.

960 526 1053 556 Tulit
1071 526 1470 565 auternfrumentariam,
1489 525 1528 555 de
1552 533 1617 563 qua
1639 532 1694 552 su-

963 580 1034 610 pra,
1043 568 1274 610 judiciariam,
1285 580 1349 608 qua
1359 570 1489 608 judicia
1503 566 1695 598 communia

963 620 1073 643 essent
1102 615 1308 643 senatoribus
1339 618 1373 643 et
1405 613 1586 651 equitibus,
1610 611 1692 640 item

962 658 1138 695 agrariam
1161 657 1200 686 dc
1230 656 1374 687 Coloniis
1406 655 1606 686 deducendis
1637 662 1697 694 per

963 700 1095 731 ltaliam
1127 704 1161 730 et
1192 700 1351 738 Siciliam,
1379 704 1413 730 et
1444 699 1534 729 alias.
1581 698 1696 727 Cicero

962 748 1074 774 autem
1100 744 1160 774 loc.
1177 744 1234 773 cit.
1251 744 1332 773 dicit
1358 744 1416 774 has
1439 742 1528 782 leges
1550 744 1584 771 et
1605 740 1695 780 Apu-

962 788 1041 818 leias
1070 787 1242 826 Titiasque
1270 797 1334 817 uno
1369 787 1511 817 Senatus
1539 784 1697 815 versiculo

962 832 1107 861 sublatas
1124 841 1206 867 csse,
1225 831 1256 861 h.
1273 842 1302 860 e.
1320 831 1479 871 permissa
1493 828 1582 859 Coss.
1598 837 1696 867 repu·

964 875 1060 910 blica,
1079 875 1140 905 hac
1163 874 1322 904 formula:
1355 873 1500 904 Videant
1522 870 1695 907 Consules,

965 929 1006 948 ne
1037 918 1116 957 quid
1147 918 1339 948 detrimenti
1365 917 1475 958 capiat
1501 913 1697 955 respublica.

965 963 1006 992 cf.
1023 962 1044 992 l.
1062 972 1090 991 c.
1108 972 1136 992 c.
1157 964 1205 992 12.

1006 1005 1182 1036 Luat-oms
1206 1005 1257 1035 lex
1281 1005 1320 1035 de
1343 1004 1469 1034 ambitu
1491 1002 1561 1032 lata
1582 1004 1633 1031 est
1656 999 1698 1030 ab

962 1049 1092 1089 Aufidio
1116 1049 1277 1084 Lar-eane,
1300 1049 1389 1078 uude
1411 1046 1547 1087 Aufidia
1562 1044 1697 1081 dicitur,

963 1093 1001 1123 A.
1019 1093 1060 1123 U.
1084 1101 1212 1123 ncxcu.
1246 1092 1362 1122 Pisone
1385 1095 1420 1121 et
1444 1088 1586 1120 Messala
1607 1088 1697 1118 Coss.

964 1146 1038 1175 quae
1069 1135 1174 1174 qualis
1203 1136 1317 1173 suerit,
1340 1134 1551 1174 cognoscitur
1572 1142 1612 1162 ex
1637 1131 1698 1171 Ep.

967 1180 1007 1210 ad
1023 1179 1094 1209 Att.
1111 1179 1131 1209 i.
1153 1182 1179 1209 1.

1009 1223 1161 1253 LUTATm
1187 1221 1237 1252 vel
1260 1221 1449 1257 Luc-rum,
1466 1220 1536 1250 lata
1557 1219 1601 1260 Q.
1627 1217 1697 1249 Lu-

967 1269 1046 1297 !(ttio
1074 1267 1188 1297 Catulo
1212 1270 1245 1295 et
1271 1265 1316 1295 M.
1341 1264 1474 1294 AErnilio
1492 1263 1582 1294 Coss.
1598 1261 1637 1292 A.
1656 1261 1697 1292 U.

968 1318 1116 1340 ncrxxv.
1148 1309 1187 1339 de
1220 1311 1263 1345 vi,
1297 1308 1444 1338 acerbior
1477 1307 1601 1344 Plotia,
1633 1315 1700 1344 qua

966 1354 1132 1386 sancitum
1150 1357 1212 1389 est,
1230 1358 1269 1382 ut
1285 1353 1387 1381 etiam
1404 1351 1495 1380 festis
1511 1350 1626 1380 diebus
1649 1348 1699 1379 lu·

967 1398 1094 1436 disque,
1112 1397 1230 1435 quibus
1240 1396 1370 1434 judicia
1385 1393 1478 1424 nulla
1493 1398 1600 1430 erant,
1621 1392 1700 1433 (vid.

967 1441 1040 1470 Act.
1058 1442 1078 1470 i.
1096 1441 1130 1470 in
1146 1440 1239 1470 Verr.
1259 1439 1321 1477 10.)
1342 1439 1381 1468 de
1398 1439 1428 1467 vi
1453 1437 1555 1476 quaeri
1580 1441 1701 1477 posset.

966 1495 1024 1525 pro
1056 1484 1158 1514 coelio
1189 1494 1218 1514 c.
1253 1486 1280 1513 1.
1323 1482 1392 1516 (ubi
1432 1481 1566 1520 Pighius
1597 1479 1638 1510 ad
1670 1489 1700 1510 a.

965 1536 1103 1558 DCinv.
1120 1527 1186 1566 legi
1202 1526 1274 1556 mit
1286 1527 1399 1556 retulit
1414 1535 1473 1565 pro
1489 1523 1577 1562 tulit)
1597 1527 1632 1554 et
1647 1525 1700 1558 29.

966 1572 1144 1611 Propterea
1160 1575 1272 1600 autem
1290 1569 1371 1600 adeo
1394 1577 1505 1598 severe
1522 1567 1562 1598 de
1578 1568 1609 1597 vi
1625 1576 1702 1597 san-

965 1616 1070 1645 citum
1102 1618 1166 1651 est,
1190 1613 1277 1652 quod
1308 1623 1346 1642 eo
1376 1616 1527 1652 tempore
1550 1621 1643 1641 arma
1665 1611 1699 1640 in

965 1660 1036 1700 ipsa
1058 1658 1138 1688 urbe
1162 1657 1378 1687 versabantur
1408 1655 1530 1692 civilia,
1553 1654 1700 1694 adeoque

962 1701 1176 1733 severissimis
1193 1700 1318 1740 legibus
1344 1698 1526 1730 coercenda
1547 1699 1595 1728 vis
1618 1702 1701 1728 erat.

963 1747 985 1777 1.
1002 1757 1030 1777 c.

1008 1790 1147 1825 Mmm,
1164 1788 1234 1819 lata
1255 1799 1275 1818 a
1296 1787 1415 1818 BIoenlo
1437 1787 1515 1818 trib.
1539 1785 1584 1827 pl.
1599 1785 1639 1816 A.
1657 1784 1700 1816 U.

966 1842 1162 1864 cccctxvn.
1180 1838 1218 1863 ut
1234 1837 1344 1872 patres
1360 1836 1437 1861 ante
1454 1831 1539 1861 inita
1554 1840 1573 1860 a
1595 1839 1700 1870 popu-

966 1877 998 1907 lo
1028 1877 1185 1916 suffragia
1215 1877 1334 1906 fierent
1363 1879 1514 1905 auctores
1539 1874 1611 1913 ejus
1640 1874 1701 1911 rei,

967 1930 1067 1960 quam
1098 1919 1239 1960 populus
1271 1920 1425 1958 jussurus
1463 1921 1562 1955 esset,
1593 1927 1701 1956 neque

967 1964 1048 1994 adeo
1060 1963 1298 2004 reprehendere
1322 1962 1471 1998 comitia,
1498 1961 1530 1991 h.
1554 1971 1584 1990 e.
1607 1961 1703 1990 irrita

966 2008 1088 2045 facere,
1113 2011 1259 2048 possent.
1291 2007 1326 2036 in
1356 2005 1462 2036 Bruto
1493 2015 1522 2035 c.
1556 2007 1605 2035 14.
1649 2003 1701 2034 Ad

965 2051 1051 2081 hanc
1074 2052 1182 2091 legem
1205 2050 1339 2090 respicit
1363 2048 1478 2079 Livius
1494 2048 1516 2078 i.
1535 2051 1572 2082 17
1583 2059 1591 2078 t
1630 2046 1702 2079 De-

965 2099 1148 2132 crevercmt,
1160 2098 1210 2131 ut,
1224 2103 1298 2124 cum
1307 2093 1449 2132 populus
1464 2101 1576 2130 regem
1580 2088 1703 2132 jussas-

964 2143 1023 2176 set,
1039 2139 1075 2168 id
1088 2140 1132 2168 sic
1147 2142 1261 2167 ratam
1277 2140 1367 2173 essee,
1378 2137 1406 2166 si
1423 2136 1545 2166 Patres
1556 2139 1703 2165 auctores

954 2182 1093 2222 fierent,
1117 2182 1268 2220 hodieque
1293 2181 1330 2210 in
1353 2180 1476 2218 legibus
1497 2176 1702 2217 magistrati-

967 2227 1085 2265 busque
1105 2225 1262 2263 rogandis
1282 2227 1466 2262 usurpatur
1486 2222 1572 2252 idem
1578 2219 1652 2262 jus,
1670 2223 1705 2253 vi

966 2270 1109 2300 ademta.
1156 2269 1358 2307 Priusquam
1375 2267 1518 2306 prmulus
1539 2262 1703 2305 suff'ragi-

966 2323 1025 2342 um
1039 2314 1141 2348 ineat,
1158 2313 1193 2341 in
1211 2313 1372 2341 incertum
1393 2310 1594 2340 comitiorum
1608 2319 1703 2340 even·

967 2361 1039 2386 tum
1049 2361 1164 2396 patres
1179 2353 1434 2394 auctoresflzmt.
1480 2352 1638 2383 Ceterum
1649 2353 1704 2384 lex

968 2399 1093 2430 Maenia
1114 2398 1324 2429 confirmavit
1344 2401 1481 2427 tantum
1511 2400 1547 2426 et
1567 2397 1706 2436 repetiit

968 2443 1076 2483 legem
1095 2443 1278 2473 Publiliam
1294 2441 1329 2471 in
1344 2439 1484 2471 eandem
1499 2440 1704 2470 sententiam

964 2487 1038 2525 jam
1061 2486 1099 2516 A.
1117 2486 1158 2516 U.
1182 2493 1342 2515 ecccxw.
1365 2494 1385 2514 a
1400 2483 1442 2523 Ω.
1464 2482 1605 2513 Publilio
1627 2483 1705 2514 Phi-

972 2530 1047 2560 lone
1064 2530 1237 2560 Dictatore
1250 2528 1364 2558 latam.
1389 2526 1462 2557 Liv.
1478 2526 1544 2557 viii.
1565 2528 1615 2557 12.
1637 2527 1703 2558 vid.

973 2573 1115 2604 Gronov.
1132 2573 1201 2603 obs.
1217 2573 1238 2602 i.
1254 2574 1307 2604 25.
1323 2571 1379 2610 qui
1395 2570 1507 2601 locum
1529 2569 1626 2600 illum
1648 2570 1704 2600 Ci-

974 2617 1100 2647 ceronis
1117 2615 1247 2655 egregie
1264 2614 1420 2645 illustrat.
1652 2631 1654 2633 >

1013 2660 1083 2690 Lex
1107 2660 1332 2696 ΜΑιι-ῑετΑτιε,
1351 2657 1448 2688 Corn.
1471 2656 1583 2695 Sullae,
1599 2657 1635 2687 in
1650 2657 1704 2687 Pi-

969 2713 1040 2733 son.
1071 2714 1099 2733 c.
1130 2706 1183 2734 21.
1220 2713 1250 2732 v.
1287 2701 1434 2733 Cornelia
1458 2701 1497 2731 de
1522 2697 1705 2741 majestate.

970 2747 1095 2777 Praeter
1117 2757 1190 2776 eam
1214 2746 1254 2775 de
1277 2745 1452 2784 majestate
1475 2743 1655 2775 laudantur
1669 2754 1705 2774 a-

969 2791 1039 2830 pud
1062 2790 1254 2820 Ciceronem
1270 2789 1424 2828 Apuleia,
1448 2787 1566 2827 Varia,
1591 2788 1705 2826 «Iulia,

970 2834 1010 2864 de
1027 2835 1145 2872 quibus
1161 2833 1228 2863 suis
1245 2832 1334 2862 locis.

1015 2877 1174 2907 ΜΑΜηιΑ
1204 2877 1243 2906 de
1273 2875 1431 2914 regundis
1448 2874 1578 2915 finibus
1607 2884 1705 2914 agro-

970 2931 1060 2958 rum,
1078 2921 1111 2951 h.
1127 2931 1156 2951 e.
1173 2919 1351 2950 fundorum
1366 2930 1376 2957 ;
1401 2929 1468 2958 qua
1482 2919 1706 2949 constitutum

971 2970 1035 3003 est,
1066 2970 1107 2994 ut
1136 2964 1171 2994 in
1203 2963 1323 2994 finibus
1360 2972 1529 3003 agrorum,
1560 2962 1707 3003 quinque

1545 3005 1561 3019 l
