1790 3219
152 89 236 126 420

202 185 322 227 Scope.
346 185 418 217 Att.
429 185 485 216 vii.
502 188 552 217 13.
575 185 614 217 L.
633 186 799 218 Caesarem
816 186 884 218 vidi

158 239 236 260 eum
260 229 508 261 absurdissimis
536 230 719 269 mandatis,
737 241 804 262 non
831 230 891 261 lio-

161 273 302 311 minem,
319 273 377 304 sed
395 283 505 314 scopas
527 273 664 305 solutas.
689 276 746 306 Or.
763 278 816 309 71.
832 274 888 305 isti

162 322 277 348 autem
294 327 370 348 cum
385 317 570 348 dissolvunt
585 319 889 349 orationem—non

163 360 332 402 clypeum,
347 361 418 399 sed,
440 367 480 392 ut
496 361 530 392 in
553 362 726 402 proverbio
748 367 812 400 est,
826 371 889 392 sco-

158 415 222 446 pas
240 404 321 435 mihi
338 404 498 436 videntur
513 404 701 436 dissolvere.

208 448 406 489 Scopulosus,
423 449 574 479 difficilis.
591 449 624 478 in
642 448 755 479 Caecil.
775 450 824 478 ll.
842 447 892 477 in-

164 492 293 533 telligo,
320 502 420 532 quam
447 495 602 533 scopuloso
628 491 820 531 difficilique
856 491 891 521 in

165 536 236 568 loco
251 545 371 567 verser.
394 536 544 567 defendit
567 536 630 566 hoc
646 535 782 566 verbum
806 535 892 565 Dra-

166 579 267 611 kenb.
281 579 322 610 ad
337 579 394 610 Sil.
411 580 466 610 vii.
484 582 559 614 974.

210 623 378 664 Scopulus.
395 624 429 653 in
444 623 593 653 oratione
610 632 647 651 ac
665 621 891 661 disputatione

164 668 296 707 scopuli,
317 667 478 697 dicuntur
521 665 583 696 loci
609 665 824 701 difficiliores,
850 664 890 695 de

165 711 284 751 quibus
302 709 434 740 difficile
450 712 501 739 est
517 709 637 739 dicere.
662 707 742 739 Coel.
758 710 809 740 21.
826 718 892 738 sco-

161 756 255 796 pulos
270 757 488 794 praetervecta
510 753 627 783 oratio.
652 751 671 770 ³*
687 762 747 792 pro
766 756 892 789 monte,

165 807 204 828 cx
230 798 339 829 Ennio
363 802 424 826 est.
457 796 553 827 Brut.
588 799 636 828 18.
671 805 749 825 cum
780 805 887 834 neque

165 841 339 872 Musarum
367 841 508 880 scopulos
542 840 719 880 quisquam
753 849 894 879 supera·

155 888 226 916 rat.

209 927 338 959 Scriba.
361 937 485 967 genera
499 927 683 957 scribarum
699 926 766 956 duo
781 926 889 964 fuere,

164 971 305 1002 alterum
331 972 550 1011 privatorum,
569 970 712 1000 alterum
739 969 890 1010 publico-

164 1025 250 1046 rum.
298 1015 420 1045 Privati
447 1019 527 1045 sunt
545 1014 720 1045 hominum
746 1014 890 1054 privato-

164 1069 238 1090 rum
255 1059 354 1096 servi,
371 1063 410 1089 ut
425 1058 466 1088 ad
482 1058 557 1089 Div.
570 1068 599 1088 v,
612 1060 665 1090 20.
690 1057 815 1098 publici
832 1067 891 1088 au-

163 1109 234 1133 tem
251 1106 331 1133 sunt
345 1102 497 1132 homines
510 1101 617 1139 liberi,
628 1100 686 1131 sed
701 1101 822 1141 plebeii
837 1111 891 1132 or-

164 1145 264 1183 dinis,
279 1146 499 1186 inprimisque
514 1145 675 1182 libertini,
692 1145 748 1184 qui
765 1146 800 1175 in
820 1155 890 1175 cer—

152 1194 215 1221 ›tas
243 1189 393 1220 decurias
424 1189 593 1229 descripti,
629 1188 817 1219 mercedem
848 1199 888 1219 ex

161 1233 276 1264 erario
291 1233 511 1273 accipiebant.
535 1233 631 1263 Sorte
646 1232 890 1262 distribueban-

159 1281 218 1308 tur
243 1277 333 1307 inter
356 1277 585 1316 magistratus.
609 1276 708 1306 Dom.
731 1277 784 1306 28.
804 1277 887 1306 seri-

162 1321 208 1351 boe
223 1321 395 1351 nobiscum
413 1321 447 1350 in
463 1319 648 1350 rationibus
663 1317 804 1358 publicis
817 1329 886 1350 mo-

161 1365 398 1403 numentisque
435 1367 620 1393 versantur.
659 1362 795 1393 Cluent.
831 1365 886 1394 45.

158 1408 262 1439 scriba
278 1407 447 1438 aedilitias.
465 1417 504 1437 ex
520 1416 585 1446 quo
613 1405 685 1436 loco
708 1406 811 1436 etiam
836 1407 888 1437 in-

157 1450 335 1491 telligitur,
365 1454 524 1491 praetores
561 1449 739 1489 aedilesque
769 1449 887 1490 legisse

157 1495 291 1525 scribas.
336 1494 424 1525 Ante
448 1504 467 1524 a
498 1494 719 1533 quaestoribus
750 1494 886 1525 urbanis

157 1538 262 1570 lectos
290 1538 405 1575 fuisse,
428 1537 563 1577 colligas
595 1548 612 1567 e
637 1537 731 1567 Livio
756 1537 800 1568 xl.
832 1539 885 1572 29.

158 1582 252 1613 Verr.
269 1582 316 1612 iii.
333 1585 385 1616 78.
419 1581 750 1622 scriba—apparitor.
772 1581 814 1612 cs.
836 1582 886 1612 Si-

160 1635 237 1665 gon.
254 1625 292 1656 A.
308 1625 340 1655 J.
359 1625 395 1655 C.
412 1625 452 1656 R.
470 1626 504 1655 ii.
534 1628 583 1656 15.
608 1624 704 1655 Brut.
733 1627 785 1656 84.
811 1635 887 1664 gra-

158 1669 316 1699 tiosisint
339 1670 452 1699 scribo:
477 1669 512 1699 in
540 1668 648 1699 dando
671 1668 886 1708 cedendoque

158 1712 244 1750 loco,
260 1712 330 1743 scil.
347 1723 424 1743 cum
435 1712 603 1751 judicium
629 1712 801 1752 publicum
827 1712 887 1743 ha-

157 1756 267 1787 betur.
298 1756 392 1787 Verr.
424 1756 470 1786 iii.
501 1760 553 1790 79.
589 1755 670 1786 ordo
699 1757 886 1787 scribarum

157 1799 319 1831 honestus
339 1803 400 1829 est.
423 1800 497 1839 quis
511 1800 639 1839 negat?
666 1804 717 1830 est
735 1810 812 1831 vero
827 1800 887 1831 ho-

158 1847 286 1880 nestus,
303 1843 391 1882 quod
406 1853 521 1874 eorum
546 1843 722 1874 hominum
741 1844 817 1874 fidei
833 1849 886 1875 ta-

155 1887 243 1918 bulae
260 1887 400 1928 publicae
417 1892 452 1918 et
460 1886 609 1927 pericula
624 1887 884 1927 magistratuum

157 1932 431 1962 committuntur.
458 1931 502 1961 ib.
536 1931 659 1968 scribae,
699 1931 754 1971 qui
792 1931 886 1971 digni

156 1979 237 2006 sunt
252 1974 309 2005 illo
324 1974 453 2013 ordine,
469 1974 738 2015 patresfamilias,
750 1975 810 2005 viri
827 1976 884 2006 bo-

156 2018 306 2057 niatque
328 2018 549 2049 honesti—ad
574 2028 629 2048 eos
655 2029 708 2049 me
737 2029 884 2059 revoca.-5

156 2061 224 2092 noli
240 2062 299 2092 hos
322 2062 490 2101 colligere,
508 2062 564 2102 qui
595 2061 745 2093 numulis
774 2073 884 2093 corro-

155 2105 240 2144 gatis
257 2105 297 2136 de
313 2111 475 2146 nepotum
491 2105 599 2144 donis,
623 2116 661 2136 ae
678 2105 719 2136 de
735 2107 884 2137 scenico-

156 2159 230 2179 rum
241 2148 435 2188 corollariis,
446 2159 524 2179 cum
535 2149 705 2180 decuriam
717 2156 882 2189 emerent,

156 2202 196 2223 ex
213 2193 320 2233 primo
335 2192 450 2223 ordine
467 2193 692 2233 explosorum,
708 2194 743 2223 in
763 2203 883 2225 secun-

157 2236 237 2267 dum
262 2236 412 2267 ordinem
445 2237 591 2267 civitatis
612 2247 647 2267 se
679 2238 808 2268 venisse
834 2238 884 2269 di-

157 2280 495 2311 cunt.—mirabimur
522 2285 640 2320 turpes
676 2280 803 2320 aliquos
837 2282 882 2313 ibi

157 2333 240 2361 esse,
256 2334 321 2363 quo
338 2324 440 2354 cuivis
458 2324 536 2354 licet
551 2325 659 2364 pretio
684 2326 880 2365 pervenire?

157 2367 206 2397 Ex
233 2367 297 2397 hoc
324 2366 398 2397 loco
428 2368 468 2397 de
492 2368 670 2399 honestate
699 2369 882 2400 scribarum

158 2409 366 2451 publicorum
382 2411 528 2450 judicari
554 2416 678 2452 potest,
695 2422 797 2452 quam
820 2414 883 2443 im-

159 2455 322 2493 pugnavit
348 2454 461 2494 Sigon,
490 2455 530 2486 A.
558 2455 590 2486 J.
609 2456 646 2487 C.
665 2456 704 2486 R.
722 2457 755 2487 ii.
772 2461 804 2490 9.
827 2457 885 2487 de-

158 2497 302 2527 fendunt
331 2497 470 2529 Guther.
500 2498 575 2539 Jur.
607 2499 732 2530 Pontif.
765 2500 800 2530 ii.
833 2504 882 2532 13.

158 2540 304 2571 Fabrett.
322 2540 426 2572 Inscr.
443 2553 471 2572 c.
488 2543 518 2572 6.
534 2553 566 2582 p.
582 2546 656 2574 458.
674 2553 701 2573 s·
719 2548 754 2574 et
776 2544 884 2576 Graev.

158 2583 200 2614 ad
216 2584 316 2614 Dom.
333 2586 385 2615 28.
409 2585 461 2616 De
476 2586 605 2616 vilitate
621 2597 738 2617 eorum
755 2592 790 2618 et
805 2598 884 2619 con-

156 2632 269 2657 temtu
296 2632 403 2668 agunt
432 2629 535 2659 etiam
564 2629 688 2661 Ferrar.
718 2631 758 2661 de
789 2632 883 2671 Orig.

157 2671 256 2702 Rom.
274 2681 305 2711 p.
327 2673 374 2701 14.
398 2681 424 2702 s.
440 2672 474 2702 in
491 2677 517 2702 t.
544 2673 565 2703 i.
587 2672 688 2704 Thes.
713 2675 824 2706 Graev.
846 2674 881 2706 in

156 2724 221 2753 quo
238 2715 266 2744 ei
290 2715 472 2745 assentitur
497 2715 677 2756 Spanhem.
700 2718 740 2748 de
754 2718 826 2750 Usu
847 2724 883 2750 et

155 2758 271 2788 Praest.
287 2757 391 2788 Num.
414 2762 440 2788 t.
470 2759 490 2788 i.
518 2770 549 2800 p.
581 2764 655 2794 705.
689 2762 741 2792 De
771 2764 883 2794 scribis

154 2801 251 2833 Rom.
275 2808 325 2831 est
349 2802 451 2831 etiam
479 2802 576 2833 docta
598 2809 633 2834 et
654 2805 805 2845 inprimis
835 2806 883 2836 le-

155 2844 266 2884 genda
295 2844 384 2874 Diss.
410 2844 650 2878 Eschenbachii
677 2849 767 2879 inter
791 2850 881 2881 Diss.

154 2887 255 2920 Acad.
272 2898 304 2928 p.
322 2889 396 2922 257.
714 2894 717 2895 ⁷

667 96 812 126 INDEX
841 96 1140 127 LATINITATIS.

975 188 1135 226 Scribere,
1148 187 1310 218 dicuntur
1323 186 1418 226 «ICti,
1433 197 1512 218 eum
1534 187 1663 219 formu·

930 232 977 263 las
994 231 1133 263 cavendi
1158 232 1218 262 Sec.
1234 234 1443 271 componunt
1454 232 1662 272 petentibus.

930 275 1019 306 Mur.
1036 280 1067 310 9.
1079 276 1211 306 Servius
1223 274 1309 305 hanc
1327 275 1487 306 urbanam
1505 275 1663 306 militiam

930 319 1164 359 respondendi,
1191 319 1360 356 scribendi,
1384 318 1664 349 cavendi—secu-

930 367 985 393 tus
1009 368 1081 393 est:
1100 364 1159 400 jus
1187 362 1284 393 civile
1311 362 1440 393 didicit.
1465 362 1526 392 διο.
1551 361 1594 391 cf.
1621 361 1664 392 ad

930 406 1006 436 Div.
1024 406 1080 436 vii.
1102 409 1151 437 14.
1178 406 1232 436 ubi
1257 417 1287 436 v.
1316 405 1444 437 Victor.
1468 408 1503 435 et
1528 404 1662 436 Manut.

931 448 974 478 cf.
1001 449 1145 480 Gronov.
1169 451 1254 480 Sest.
1282 460 1314 490 p.
1338 450 1412 480 644.
1438 449 1458 468 Ψ
1473 450 1507 479 S.
1522 459 1555 489 p.
1571 448 1612 479 R.
1629 450 1663 478 4.

931 491 1001 522 Att.
1019 492 1061 522 iv.
1083 495 1131 523 18.
1155 493 1319 524 scribendo
1335 493 1463 530 adesse,
1481 492 1543 522 int.
1559 493 1662 522 Sena-

930 540 985 565 tus
1004 535 1176 567 Consulto.
1201 536 1324 567 dicitur
1348 537 1388 567 de
1413 537 1477 574 his,
1503 536 1559 575 qui
1575 535 1663 566 SCto

932 579 1071 609 nomina
1081 589 1142 609 sua
1151 581 1298 620 praeponi
1314 585 1447 617 curant,
1460 585 1499 610 ut
1515 579 1549 609 in
1567 588 1663 609 suam

931 621 1084 662 inprimis
1102 623 1306 653 sententiam
1329 624 1457 654 factum
1475 633 1546 653 esse
1563 621 1664 653 intel-

931 665 1069 705 ligatur,
1085 666 1174 704 quod
1190 666 1323 697 honoris
1336 677 1436 698 causa
1452 667 1565 704 fiebat,
1583 675 1661 697 cum

933 709 972 739 de
990 709 1169 740 honoribus
1190 714 1226 740 et
1250 710 1433 741 commodis
1451 710 1592 750 alicujus
1610 719 1659 740 es-

932 758 983 783 set
995 753 1132 784 SCtum.
1150 753 1212 784 Pro
1234 764 1274 784 eo
1297 754 1338 784 ad
1355 754 1432 784 Div.
1455 755 1512 784 xii.
1528 756 1581 788 ⁶29.
1597 756 1661 790 est,

931 806 1003 826 esse
1032 797 1074 827 ad
1100 796 1313 828 scribendum
1327 809 1334 827 ι
1371 797 1572 828 Consulibus
1596 796 1663 827 iuis

932 850 1106 880 nunquam
1122 841 1186 871 fuit
1201 841 1242 871 ad
1258 841 1475 871 scribendum.
1509 840 1529 859 ²*
1543 840 1614 871 Att.
1631 850 1662 870 v.

935 886 984 914 11.
999 885 1139 915 scribere
1150 884 1190 914 de
1208 884 1318 924 aliquo
1335 884 1472 924 aliquid.
1489 885 1510 914 i.
1524 894 1554 914 e.
1568 893 1660 914 com-

932 928 1104 966 mendare,
1132 927 1279 959 laudare.
1324 929 1378 959 Sic
1401 932 1452 958 est
1475 933 1510 958 et
1533 927 1604 958 Att.
1634 927 1657 957 i.

975 1014 1183 1055 Scriptitare,
1229 1015 1377 1047 multum
1425 1014 1662 1046 commentari.

916 1058 986 1089 ‘Or.
1003 1059 1024 1089 i.
1041 1062 1095 1090 33.

975 1102 1133 1142 Scriptor,
1150 1102 1190 1132 de
1206 1102 1323 1133 scriba.
1348 1102 1443 1134 Orat.
1466 1103 1487 1133 i.
1503 1106 1557 1134 30.
1581 1102 1600 1121 ²*
1617 1101 1659 1132 ad

929 1146 1005 1177 Div.
1018 1146 1051 1176 ii.
1067 1149 1099 1177 4.
1123 1146 1382 1177 domesticarum
1401 1157 1511 1177 rerum
1528 1148 1664 1187 scripto·

929 1200 981 1220 res
996 1195 1030 1220 et
1047 1190 1174 1220 nuncii.
1191 1191 1213 1220 i.
1229 1200 1259 1221 e.
1283 1191 1340 1229 qui
1365 1190 1427 1221 tibi
1453 1190 1603 1226 scribant
1618 1189 1659 1220 de

929 1234 1026 1264 rebus
1043 1233 1132 1264 dom.
1148 1244 1174 1264 s.
1193 1243 1252 1274 per
1267 1233 1380 1264 literas
1396 1234 1573 1264 nuncient.

973 1277 1152 1317 Scriptum.
1175 1277 1233 1308 Or.
1250 1277 1272 1307 i.
1289 1280 1343 1308 31.
1366 1278 1480 1318 scripti
1496 1277 1661 1317 interpre-

927 1321 1025 1352 tatio.
1051 1321 1176 1352 Caecin.
1193 1322 1247 1353 23.
1272 1321 1366 1360 sequi
1389 1322 1549 1361 scriptum
1569 1320 1660 1362 (lite-

928 1374 979 1395 ras
995 1368 1030 1395 et
1045 1363 1157 1404 verba)
1174 1364 1426 1395 calumniatoris
1441 1374 1523 1396 esse.
1547 1364 1661 1405 Oppo-

929 1409 1023 1439 nitur
1034 1409 1224 1439 sententiae.

973 1452 1175 1492 Scriptorum
1204 1451 1314 1482 ludus.
1338 1453 1396 1483 Or.
1413 1452 1434 1482 i.
1459 1455 1513 1483 50.
1536 1451 1660 1482 duode-

928 1497 992 1526 cim
1009 1497 1138 1537 scn'ptis
1164 1495 1290 1526 ludere.
1325 1496 1377 1526 Fr.
1397 1495 1570 1526 Hortensii
1602 1505 1657 1535 ap.

928 1539 1077 1570 Nonium
1095 1541 1129 1570 in
1145 1541 1278 1579 scripta.
1302 1540 1559 1571 Nominativum
1575 1539 1658 1570 faei-

926 1588 990 1613 unt
1017 1585 1189 1623 scriptum,
1205 1587 1245 1613 ut
1266 1584 1310 1614 sit
1333 1582 1444 1614 areola
1466 1582 1563 1614 lineis
1595 1583 1660 1614 cir·

928 1627 1144 1668 cumscripta,
1174 1630 1213 1657 ut
1246 1627 1443 1665 Salmasius,
1475 1626 1657 1664 Gesnerus,

927 1670 1004 1701 alii:
1029 1676 1131 1701 recte.
1159 1680 1236 1700 nam
1259 1675 1294 1701 et
1308 1670 1551 1701 diminutivum
1577 1671 1659 1701 scri-

917 1716 1057 1755 ptulum
1074 1720 1125 1745 est
1139 1727 1146 1744 z
1170 1714 1236 1745 vid.
1258 1713 1377 1744 Heius.
1393 1714 1435 1745 ad
1449 1713 1545 1745 Ovid.
1561 1714 1600 1745 A.
1615 1713 1657 1745 A.

926 1759 962 1789 ii.
979 1760 1053 1790 204.
1078 1759 1124 1789 iii.
1151 1758 1227 1789 363.
1251 1761 1285 1788 et
1308 1765 1435 1788 trames
1459 1758 1656 1798 scriptorum

927 1802 1065 1839 dicitur,
1081 1811 1181 1841 quem
1205 1801 1326 1832 calculi
1353 1801 1565 1832 decurrrunt.
1587 1801 1658 1832 Ali-

925 1850 979 1876 ter
994 1846 1118 1876 sentire
1135 1845 1229 1875 video
1253 1845 1426 1875 Pearcium
1444 1845 1487 1875 ad
1502 1844 1592 1875 hunc
1608 1844 1657 1875 lo-

927 1900 1018 1926 cum,
1033 1890 1091 1929 qui
1112 1889 1358 1920 nominativum
1385 1889 1468 1919 facit
1495 1890 1654 1928 scriptus.-

925 1937 965 1963 ut
989 1932 1198 1972 intelligatur
1223 1932 1320 1973 lapis,
1342 1932 1502 1963 calculus.
1526 1931 1566 1963 In
1590 1942 1657 1972 quo

924 1981 1040 2007 tamen
1076 1977 1165 2007 Festi
1201 1977 1402 2007 auctoritate
1436 1975 1559 2006 abusus
1590 1980 1658 2014 est,

925 2030 1004 2051 nam
1020 2022 1160 2060 scriptus
1176 2020 1260 2061 lapis
1283 2020 1369 2050 Festi
1387 2019 1452 2050 huc
1469 2029 1537 2050 non
1552 2018 1657 2060 perti·

924 2069 994 2095 net.
1038 2065 1156 2104 Neque
1174 2063 1207 2094 id
1223 2063 1305 2094 adeo
1320 2064 1475 2103 ignorare
1498 2063 1654 2095 Pearcius

922 2109 1100 2148 potuisset,
1121 2109 1149 2138 si
1179 2108 1316 2138 Festum
1347 2106 1418 2148 ipse
1443 2107 1656 2147 inspexisset.

922 2151 1143 2182 Tolerabilius
1158 2151 1258 2188 foret,
1289 2151 1317 2181 si
1340 2150 1587 2190 intelligeretur
1607 2150 1656 2182 lo-

924 2205 994 2226 cus.
1041 2195 1203 2226 Ceterum
1231 2195 1271 2225 de
1302 2194 1365 2225 hoc
1394 2194 1489 2232 ludo,
1516 2195 1573 2234 qui
1604 2198 1656 2226 est

923 2239 1013 2270 idem
1029 2243 1090 2270 aut
1103 2238 1296 2270 simillimus
1312 2239 1357 2276 ei,
1373 2238 1430 2278 qui
1441 2237 1540 2268 hodie
1551 2237 1656 2269 Seka-

923 2284 1034 2313 chicus
1050 2280 1187 2320 dicitur,
1202 2287 1243 2313 ut
1268 2285 1363 2322 patet
1379 2292 1418 2312 ex
1434 2282 1558 2321 insigni
1575 2281 1655 2312 Ovi-

923 2326 969 2356 dii
985 2326 1058 2357 loco
1073 2326 1145 2357 Art.
1161 2327 1234 2358 Am.
1249 2326 1283 2356 ii.
1298 2328 1374 2360 207.
1398 2324 1523 2356 Graecis
1539 2335 1656 2356 recen·

921 2370 1064 2401 tior-ibus
1091 2369 1251 2413 (aegium,
1274 2369 1423 2400 diversus
1448 2373 1500 2400 est
1525 2379 1546 2399 a
1573 2367 1655 2400 ludo

924 2414 1019 2452 aleae,
1036 2415 1072 2444 in
1087 2424 1153 2454 quo
1170 2417 1292 2454 praeter
1307 2411 1454 2443 calculos
1468 2412 1573 2443 etiam
1583 2419 1653 2443 tes-

923 2458 1005 2488 seris
1021 2467 1118 2498 opus,
1134 2458 1191 2497 qui
1207 2467 1226 2487 a
1248 2456 1328 2487 ludo
1349 2458 1544 2496 scriptorum
1570 2465 1652 2488 exu-

922 2500 1008 2540 lant,
1025 2500 1061 2532 in
1077 2511 1143 2541 quo
1169 2510 1237 2531 uno
1259 2500 1396 2540 ingenio
1419 2503 1454 2530 et
1469 2503 1540 2530 arte
1567 2509 1653 2540 opus

923 2548 985 2575 est.
1018 2544 1083 2576 vid.
1115 2549 1239 2585 praeter
1264 2548 1392 2574 ceteros
1423 2543 1650 2574 eruditissime

923 2588 1153 2629 disputantem
1166 2588 1305 2619 Salmas.
1321 2587 1362 2618 ad
1378 2587 1510 2627 vopisc.
1527 2585 1651 2618 Procu-

923 2631 995 2663 lum
1010 2642 1039 2663 c.
1060 2635 1110 2664 13.
1121 2637 1147 2663 t.
1164 2632 1200 2663 ii.
1224 2631 1313 2662 Hist.
1329 2630 1416 2670 Aug.
1436 2640 1470 2670 p.
1485 2630 1561 2664 736.
1577 2638 1650 2670 sqq.

922 2681 958 2706 et
980 2675 1138 2716 Hydeum
1154 2675 1195 2706 de
1212 2673 1409 2706 Nerdiludio
1427 2684 1460 2714 p.
1477 2676 1509 2705 8.
1545 2672 1578 2704 J.
1596 2672 1650 2705 Fr.

921 2718 1105 2750 Gronovius
1133 2720 1217 2750 Sest.
1243 2718 1290 2749 iii.
1311 2721 1361 2749 15.
1385 2717 1505 2748 ludum
1520 2716 1647 2748 duode-

921 2763 986 2793 cim
999 2764 1200 2804 scriptorum
1208 2761 1388 2802 distinguit
1399 2771 1419 2792 a
1429 2761 1509 2792 ludo
1520 2760 1652 2792 latrun-

920 2806 1099 2845 culorum;
1129 2806 1284 2845 idemque
1311 2806 1395 2837 facit
1421 2804 1581 2836 Heinsius
1607 2803 1650 2835 ad

920 2850 1016 2883 Ovid.
1033 2850 1056 2881 l.
1069 2860 1099 2881 c.
1113 2851 1188 2881 204.
1211 2855 1336 2890 putans
1355 2848 1398 2880 de
1420 2848 1502 2880 ludo
1522 2846 1649 2879 dimas

922 2894 989 2924 cim
1004 2895 1198 2934 scriptorum
1212 2893 1268 2932 agi
1281 2892 1333 2923 his
1347 2904 1354 2921 ε
1379 2902 1439 2923 neu
1455 2891 1569 2929 iudet,
1584 2899 1648 2922 nu·
