1790 3219
598 103 744 132 mnlx
775 101 1074 131 LA'rmx’rATm.

76 192 262 233 municipia
275 192 487 232 coloniasque
502 190 632 229 Gallie,
644 200 665 221 a
675 199 742 230 quo
758 199 817 220 nos

76 242 167 274 tum,
182 246 260 267 cum
275 236 468 268 consulatus
482 236 666 276 petebatur,
684 243 751 264 non
767 244 819 263 ro-

76 281 240 319 eubatur,
256 280 466 311 consulatum
484 284 596 319 petere
616 277 818 314 solebamus,

78 325 268 356 cucurristi.
297 325 314 343 ⁸
325 334 444 363 rogare
463 327 514 352 est
529 331 626 363 porro
642 321 820 360 magistra-

75 371 188 405 tuum,
199 378 275 398 cum
287 368 401 399 ferunt
410 366 450 396 ad
460 365 619 406 populum
628 364 752 404 legem,
763 367 821 394 aut

76 411 223 442 comitiis
234 411 451 442 creandorum
465 410 724 449 magistratuum
737 417 820 448 prae—

76 461 169 485 sunt.
198 455 332 486 Muren.
351 457 378 486 1.
407 453 526 492 quibus
542 451 749 489 consulatus,
766 461 819 481 me

74 502 214 538 rogante
239 498 375 538 (quippe
402 496 540 526 consule
568 496 657 526 illius
682 496 762 526 anni
786 499 820 525 et

75 542 213 572 comitia
235 542 378 572 habente
395 539 585 579 consulum)
604 540 702 570 datus
722 543 820 569 esset.

74 586 145 616 Att.
157 585 200 615 ix.
216 587 264 616 15.
287 591 327 615 ut
344 583 504 614 Consules
519 588 607 623 roget
622 589 756 623 praetor,
770 582 821 612 vel

72 628 272 660 dictatorem
297 628 399 660 dicat.
419 637 561 666 quorum
587 633 746 657 neutrum
764 627 821 666 jus

74 678 137 702 est.
154 672 244 702 Sext.
255 673 308 702 94.
328 672 437 702 Pisoni
449 671 618 712 provincia
630 675 747 710 rogata
760 676 821 700 est.

74 713 155 755 [ις.
170 715 205 745 ii.
227 716 274 745 12.
297 715 436 755 lexjure
453 720 579 754 rugata.
595 724 624 745 v.
642 714 821 745 Lex..Ju1-e

73 764 186 789 autem
210 763 351 798 rogatur
372 759 438 796 lex,
462 769 539 789 cum
564 759 597 788 in
623 768 663 787 ea
683 756 823 787 ferenda

72 802 159 833 nihil
182 803 220 832 fit
243 807 360 833 contra
382 803 470 842 leges
494 802 534 832 de
554 801 709 841 auspiciis
725 800 822 830 alias·

71 856 149 886 que.
179 846 197 864 ἑ
210 855 269 887 pro
284 847 490 885 interrogare
505 845 543 875 de
560 845 713 875 testibus
744 843 821 874 Vat.

77 892 105 921 l.
127 890 314 930 rogandum
330 895 369 920 ut
383 889 574 929 religiosum
591 893 726 918 testem.

118 933 270 973 Rogana,
287 933 458 974 prensatio
474 933 507 962 in
524 932 690 962 Comitiis.
710 930 820 962 Plane.

77 980 125 1008 10.
163 980 288 1016 ’vg-atio
317 986 449 1016 semper
485 980 537 1006 est
570 975 821 1029 gratiosissima.

69 1020 165 1051 ⁸1ex.
187 1019 338 1051 Su11.22.
361 1019 647 1059 rogutioCaecilia.

114 1064 567 1103 Rogatiuncuta.1)0m.20.
594 1073 634 1094 ea
648 1066 682 1093 te
698 1072 738 1093 ex
754 1072 822 1093 una

70 1110 305 1149 ngatiuneuea
321 1108 448 1138 fecisse.

116 1151 276 1192 Rogo-ator,
300 1151 335 1182 in
359 1151 504 1182 comitiis
527 1155 579 1181 est
603 1154 628 1181 1.
643 1151 820 1190 magistra-

70 1199 140 1233 tus,
157 1197 213 1235 qui
231 1196 376 1226 comitiis
393 1202 524 1235 praeest.
540 1204 570 1224 v.
587 1204 713 1234 rogare.
737 1194 818 1225 Nat.

71 1239 116 1271 D.
133 1239 168 1270 ii.
184 1242 217 1271 4.
240 1243 425 1279 rogatorem
452 1238 667 1268 comitiorum
685 1238 818 1277 justum

70 1292 138 1313 non
154 1283 267 1314 fuisse.
285 1285 316 1314 2.
333 1283 430 1312 amici
450 1281 640 1319 Candidati,
660 1286 719 1312 aut
732 1282 817 1320 eim,

71 1326 113 1356 ad
128 1336 230 1365 quem
247 1326 299 1357 lex
316 1327 478 1368 pertinet,
494 1327 550 1365 qui
567 1325 715 1365 singulos
731 1326 818 1356 cives

69 1371 230 1411 suffragia
239 1370 385 1401 ferentes
400 1377 534 1409 rogant,
546 1379 646 1409 quem
658 1369 818 1409 suffragio

69 1423 132 1444 nuo
158 1420 309 1445 creatum
336 1413 454 1450 velint,
479 1413 559 1452 quid
585 1413 625 1443 de
650 1412 723 1453 lege
747 1414 818 1444 fieri

69 1458 188 1496 velint,
219 1458 324 1498 idque
346 1466 386 1487 ex
415 1457 519 1487 veteri
551 1457 722 1494 instituto,
752 1466 818 1496 quo

68 1501 229 1542 suffragia
258 1511 337 1531 voce
368 1500 544 1531 dabantur.
574 1505 663 1540 post,
685 1501 817 1531 tabellis

71 1545 232 1583 inductis,
245 1545 371 1575 mansit
386 1553 510 1574 nomen
521 1547 725 1584 rogatorum.
739 1545 816 1575 Sen.

69 1598 102 1629 p·
117 1589 158 1620 R.
178 1590 227 1619 ll.
242 1588 376 1628 quando
391 1587 450 1618 illa
463 1587 629 1627 dignitate
640 1593 816 1627 mgatmes,

68 1628 271 1670 diribitores,
283 1631 503 1671 custodesque
517 1631 662 1662 vidistis
655 1631 667 1649 ²
687 1631 751 1662 Pis.
769 1635 816 1663 15.

67 1683 124 1706 vos
138 1681 315 1727 nugatores,
331 1685 387 1706 vos
403 1675 555 1706 custodes
570 1675 672 1706 fuisse
686 1676 817 1707 tabula-

67 1728 156 1752 rum.
180 1720 279 1750 Div.'
271 1721 306 1751 ii.
321 1722 375 1752 35.
397 1723 532 1758 rogatm·
546 1719 720 1750 centuriae.

112 1762 208 1794 Rosa.
234 1763 305 1795 Fin.
320 1764 355 1794 ii.
371 1765 425 1794 90.
454 1767 574 1804 potans
590 1763 625 1793 in
640 1772 713 1793 rosa
726 1761 818 1794 Tho-

67 1807 149 1839 rius.
163 1816 194 1837 v.
211 1807 258 1838 in.

113 1849 201 1882 Rota
214 1850 370 1882 fortunae.
395 1849 460 1880 Pis.
483 1852 530 1880 10.

112 1893 296 1931 Rotundus,
311 1894 347 1924 in
369 1894 521 1924 oratione
545 1897 596 1924 est
617 1893 658 1924 de
672 1892 816 1934 periodis

68 1942 104 1970 et
117 1937 336 1968 collocatione
352 1937 539 1968 verborum.
569 1937 666 1969 Brut.
681 1941 735 1972 78.
765 1947 817 1967 ro-

68 1981 176 2012 tanda
206 1981 412 2012 constructio
442 1980 629 2013 verborum.
671 1982 730 2012 Or.
765 1984 815 2012 13.

67 2024 264 2056 Theodorus
290 2025 353 2065 (ita
375 2024 569 2064 legendum,
593 2034 662 2056 non
682 2024 817 2066 Thucy-

67 2067 176 2109 dides)
207 2067 427 2109 praefractior,
452 2077 515 2098 nee
542 2069 622 2099 satis
647 2069 816 2100 rotundus.

67 2111 217 2144 Ducitur
241 2111 439 2152 metaphora
463 2121 483 2142 a
509 2110 606 2151 globo
628 2116 689 2143 aut
711 2112 817 2153 cylin-

67 2156 128 2187 dro
157 2157 272 2194 tereti,
301 2156 335 2186 in
366 2164 431 2194 quo
461 2155 546 2186 nibil
580 2157 700 2196 asperi,
732 2155 817 2186 nihil

67 2199 278 2238 eminentiae,
310 2199 393 2229 nihil
424 2198 636 2237 lacunarum,
666 2205 705 2230 ut
735 2200 817 2230 adeo

67 2243 166 2273 facile
195 2243 248 2274 vel
277 2242 394 2274 leviter
430 2243 594 2283 impulsus
629 2247 816 2283 procurrat.

66 2287 174 2318 oratio
195 2287 338 2318 rotunda
359 2295 439 2325 ergo
461 2292 513 2317 est
536 2287 585 2317 ita
603 2285 768 2317 collocata
782 2291 817 2318 et

66 2335 210 2368 structa,
226 2335 266 2361 ut
290 2330 385 2361 nulla
406 2331 580 2370 asperitas,
597 2329 682 2360 nulli
705 2331 816 2362 hiatus

66 2374 148 2412 sint,
164 2373 222 2405 sed
238 2379 276 2405 ut
290 2374 505 2414 pronunciari
521 2373 640 2404 leviter
653 2375 816 2405 suaviter·

68 2427 132 2457 que
148 2419 262 2458 possit.

111 2460 234 2500 Rubeo,
249 2461 365 2502 pudet.
389 2460 460 2491 Att.
477 2470 528 2491 xv.
543 2464 577 2492 4.

111 2504 237 2543 Rubor,
263 2504 475 2535 verecundia.
503 2505 561 2535 Or.
584 2505 619 2535 ii.
643 2507 695 2540 59.
721 2506 816 2538 rubo-

68 2558 140 2580 rem
155 2558 253 2579 suum
269 2553 440 2589 praestare.

113 2592 232 2630 Rudis,
242 2591 396 2629 baculus,
408 2601 509 2631 quem
524 2592 733 2632 accipiebant
746 2592 817 2633 gla-

68 2634 225 2686 diatores,
241 2636 298 2675 qui
322 2636 548 2666 mittebantur
569 2646 587 2665 e
612 2635 703 2674 ludo,
727 2641 817 2667 tam-

68 2688 170 2718 quam
196 2680 331 2718 signum
358 2678 533 2710 libertatis,
560 2679 697 2710 rudibus
724 2680 816 2710 enim

68 2727 262 2752 exercentes
298 2732 334 2753 se
371 2723 569 2763 gladiatores
608 2724 816 2764 pugnabant.

69 2765 155 2796 Phil.
177 2764 211 2795 ii.
235 2766 288 2800 29.
309 2767 426 2798 mdem
448 2767 611 2808 accipere.
634 2776 663 2797 v.
685 2767 817 2798 Schott.

67 2808 156 2840 Nod.
181 2807 251 2840 civ.
268 2809 303 2840 ii.
314 2809 346 2840 6.

112 2852 237 2891 Ruere,
259 2851 302 2882 de
322 2861 376 2891 eo,
398 2854 456 2893 qui
482 2854 686 2895 impotentia
711 2854 816 2886 animi

67 2900 241 2941 permotus
263 2895 417 2930 violentis
439 2898 586 2931 consiliis
609 2899 731 2942 utitur,
747 2898 816 2931 tere

1527 95 1612 135 415

861 194 914 227 ut,
930 199 987 228 qui
1003 190 1114 220 furere
1130 189 1299 223 dicuntur.
1331 190 1403 224 Att.
1420 193 1476 224 vii.
1493 196 1546 226 90.
1575 194 1615 226 il·

861 233 930 263 lum
944 243 1042 264 ruere
1058 234 1230 265 nunciant.
1249 237 1291 266 ib
1305 237 1357 268 21.
1374 237 1434 268 sed
1447 239 1616 278 antiquio-

861 286 912 306 res
930 277 1049 313 literae,
1066 286 1165 315 quam
1182 287 1278 309 ruere
1294 281 1406 320 coepit.
1425 281 1521 312 Rosc.
1537 282 1614 312 Am.

861 322 913 351 32.
944 320 1014 359 qui,
1029 326 1203 359 tamquam
1224 323 1251 352 si
1267 322 1374 354 offusa
1393 325 1475 365 reip.
1492 326 1616 365 sempi-

862 372 959 394 terna
975 373 1039 393 nox
1055 369 1156 401 esset,
1176 365 1222 394 ita
1238 368 1400 397 ruebant·
1394 378 1427 398 in
1451 370 1613 407 tenebris,

861 408 1040 447 omniaque
1058 408 1255 443 miscebant.
1272 410 1361 440 Sext.
1374 412 1427 442 64.
1443 422 1519 442 cum
1534 422 1616 452 quo-

861 451 943 481 tidie
967 456 1089 482 rueree.
1116 452 1299 492 *peccare,
1327 453 1404 484 labi.
1435 455 1535 486 Dom.
1561 460 1614 488 55.

863 504 929 525 non
943 496 1054 535 potuit
1067 493 1135 525 ullo
1148 495 1245 526 inodo
1255 506 1322 526 non
1333 497 1366 526 in
1381 499 1508 536 agendo
1517 508 1616 531 ruera

863 549 902 568 an
925 548 1012 579 saepe
1036 548 1185 579 peccare.
1208 540 1311 570 *Fim
1336 541 1370 570 ii.
1395 541 1425 571 6.
1452 542 1509 571 sed
1532 543 1615 573 dum

864 581 1074 612 dialecticam
1107 585 1298 614 contemnit
1336 583 1616 623 Epicurus—ruit

865 628 899 656 in
916 626 1069 664 dicendo,
1087 630 1126 657 ut
1140 626 1222 657 mihi
1240 626 1376 667 quidem
1393 627 1539 666 videtur,
1553 638 1615 659 nee

864 679 915 707 ea,
931 679 1004 709 quae
1021 669 1138 700 docere
1157 670 1242 709 vult,
1256 670 1326 701 ulla
1340 674 1410 701 arte
1423 670 1615 712 distinguit.

908 713 1039 750 Ruinoe,
1056 714 1157 751 mala,
1175 714 1396 746 calamitates.
1418 715 1496 746 sen.
1521 725 1554 757 p.
1573 717 1615 748 R.

865 760 895 787 8.
920 736 1039 787 horuni
1062 757 1238 788 consulum
1261 760 1377 790 ruinas
1396 759 1552 801 (quarum
1569 770 1616 791 sc.

865 805 999 831 autores
1025 799 1119 839 sunt)
1147 811 1204 832 vos
1232 801 1394 833 Consules
1418 808 1530 833 vestra
1551 804 1616 834 vir-

863 849 939 874 tute
962 843 1113 874 fulsistis.
1136 845 1208 876 Att.
1232 856 1264 876 x.
1291 850 1318 876 1.
1346 846 1435 886 quod
1457 850 1534 887 post
1555 846 1615 879 has

864 890 983 918 ruinas
999 888 1079 918 mihi
1094 897 1160 919 non
1173 889 1352 921 acciderat.

909 932 1046 962 Rumor.
1079 931 1214 963 Cluent.
1232 936 1285 967 47.
1314 943 1354 964 ex
1370 939 1443 965 tota
1458 935 1523 966 ista
1537 934 1616 966 sub·

865 976 1045 1016 scriptione
1067 986 1233 1007 rumorem
1256 977 1451 1018 popularem
1468 984 1503 1010 et
1519 978 1615 1019 plau-

863 1029 937 1050 sum
960 1028 1031 1050 esse
1057 1020 1249 1059 quaesitum.
1273 1026 1424 1062 apparet,
1447 1032 1616 1055 'mnam-em,

863 1063 1057 1103 popularem
1081 1072 1152 1094 esse
1174 1063 1314 1103 famam,
1330 1064 1465 1096 laudem
1487 1066 1614 1107 populi.

863 1108 906 1138 ib.
930 1109 982 1137 28.
1008 1117 1181 1138 rumorum
1203 1110 1306 1140 venti.
1329 1109 1372 1140 cf.
1395 1112 1449 1141 38.
1472 1120 1502 1140 v.
1520 1120 1614 1142 aura.

862 1155 992 1181 ventus.
1008 1150 1110 1181 Gron.
1123 1151 1210 1182 Sest.
1228 1153 1270 1182 iv.
1285 1157 1318 1187 9.
1340 1162 1486 1193 namque
1509 1154 1614 1184 etiam

863 1194 902 1224 de
919 1199 1019 1225 vento
1030 1195 1102 1234 ipso
1117 1195 1252 1226 dicitur.
1277 1196 1353 1227 Div.
1365 1197 1387 1228 i.
1404 1199 1452 1228 16.
1469 1207 1486 1228 e
1498 1203 1613 1229 veter·

862 1242 971 1279 poeta.
995 1238 1122 1269 solvere
1144 1249 1277 1270 ‘rumore
1290 1241 1438 1271 seeundo
1453 1242 1612 1282 imperat.

863 1292 892 1312 v.
908 1281 1114 1322 Interpretes
1131 1283 1173 1314 ad
1188 1283 1306 1324 Virgil.
1322 1284 1400 1315 AEn.
1416 1285 1484 1315 viii.
1499 1288 1553 1320 90.

905 1325 1017 1357 Runa.
1042 1335 1147 1366 genus
1170 1327 1243 1358 teli.
1270 1327 1352 1368 Leg.
1379 1328 1427 1359 iii.
1456 1333 1489 1364 9.
1516 1337 1614 1361 runa

861 1374 895 1399 et
909 1370 999 1408 sicae,
1016 1379 1034 1400 e
1050 1370 1194 1401 lectione
1211 1370 1351 1404 Davisii.

903 1413 986 1445 Rus.
1003 1423 1079 1444 rure
1089 1423 1150 1455 pro
1166 1415 1246 1445 ruri.
1260 1415 1331 1446 Att.
1347 1425 1400 1446 xv.
1409 1416 1440 1447 6.
1450 1417 1612 1457 mrejam

861 1458 1040 1488 redierim:
1060 1457 1131 1488 libri
1158 1462 1286 1489 veteres
1303 1463 1337 1489 et
1360 1460 1438 1490 boni
1460 1459 1610 1493 habent.

860 1501 959 1541 idque
987 1501 1139 1532 defendit
1167 1502 1284 1533 multis
1305 1502 1434 1544 Malasp
1437 1503 1504 1536 ina.
1532 1504 1609 1538 add.

858 1544 1053 1576 Broukhus.
1069 1545 1110 1575 ad
1124 1542 1250 1576 Tibull.
1268 1546 1302 1577 ii.
1325 1550 1350 1578 1.
1366 1550 1420 1582 49.

902 1588 1085 1620 Rustic-am.
1109 1589 1209 1620 Arch.
1226 1593 1258 1624 7.
1280 1589 1337 1620 Or.
1350 1591 1384 1621 ii.
1402 1591 1433 1622 6.
1449 1591 1611 1624 dicuntur

858 1632 1001 1663 Romani
1017 1633 1184 1671 homines,
1197 1643 1275 1664 cum
1291 1643 1330 1665 ex
1341 1635 1447 1665 urbe*
1438 1644 1473 1665 lu
1485 1636 1613 1676 praedia.

859 1677 986 1707 rustica
1014 1677 1189 1716 secedunt,
1221 1677 1454 1710 delectationis
1484 1682 1520 1710 et
1548 1681 1610 1712 otii

859 1729 970 1751 causa.

902 1763 1107 1803 Rustic-atus,
1122 1774 1174 1795 us.
1188 1763 1260 1796 Att.
1277 1766 1334 1796 xii.
1355 1769 1366 1797 1
1381 1788 1390 1797 .

903 1807 1048 1845 Rustiee,
1065 1809 1233 1849 imperite,
1250 1809 1382 1841 inscite.
1416 1809 1482 1842 Off.
1505 1810 1552 1842 iii.
1575 1815 1611 1847 9.

858 1856 983 1891 urgent
996 1854 1127 1883 rustice.

903 1895 1067 1926 Rusticus.
1084 1895 1251 1927 indoctus.
1284 1897 1343 1928 Or.
1360 1896 1394 1928 ii.
1410 1897 1443 1929 6.
1471 1897 1492 1917 ⁴*
1503 1898 1608 1929 rusti·

859 1939 889 1969 ci
904 1939 1061 1978 Romani,
1078 1945 1180 1980 atque
1203 1940 1287 1971 adeo
1308 1942 1425 1972 rustici
1443 1941 1608 1983 simplici-

858 1988 911 2013 ter
927 1983 1089 2014 dicuntur
1102 1984 1190 2015 cives
1212 1984 1310 2015 Rom.
1327 1994 1405 2015 cum
1429 1984 1470 2016 de
1493 1985 1605 2026 plebe,

857 2033 934 2057 tum
960 2027 1065 2058 etiam
1093 2027 1134 2058 de
1158 2028 1305 2068 equestri
1327 2028 1457 2066 ordine,
1491 2028 1605 2071 (Rosc.

858 2069 933 2100 Am.
949 2074 980 2105 7.
1000 2074 1050 2102 18.
1054 2069 1066 2111 )
1096 2071 1155 2111 qui
1172 2081 1241 2102 non
1257 2071 1387 2111 Romae,
1405 2072 1486 2103 sed
1478 2082 1514 2104 in
1529 2082 1606 2104 mu·

859 2114 991 2154 nicipiis
1014 2121 1050 2145 et
1073 2115 1210 2146 coloniis
1233 2114 1400 2147 habitant.
1430 2115 1605 2148 Arch.10.

859 2159 950 2188 Sext.
968 2161 1021 2189 45.
1051 2158 1094 2189 ad
1116 2159 1193 2191 Div.
1218 2159 1283 2191 xvi.
1308 2161 1362 2191 21.
1390 2159 1435 2191 cf.
1459 2159 1606 2194 Gronov.

859 2201 944 2232 Sest.
961 2201 1003 2232 iv.
1018 2206 1051 2237 9.

903 2244 1010 2283 Ruta,
1026 2245 1068 2277 de
1087 2245 1218 2276 dicendi
1243 2256 1365 2287 genere
1390 2247 1504 2278 minus
1527 2256 1606 2280 sua-

858 2289 903 2327 vi,
926 2288 1072 2320 horrido.
1097 2289 1140 2320 ad
1165 2290 1242 2321 Div.
1267 2291 1332 2321 xvi.
1357 2292 1412 2323 23.
1443 2291 1486 2323 ad
1509 2293 1604 2333 cujus

857 2337 975 2363 rutam
990 2333 1073 2364 mihi
1090 2333 1226 2374 pulegio
1243 2335 1294 2365 tui
1317 2336 1482 2367 sermonis
1503 2340 1605 2367 uten—

859 2376 952 2407 dum.

903 2419 1009 2458 Ruta,
1037 2429 1146 2452 orum.
1186 2420 1272 2462 Top.
1304 2423 1357 2453 25.
1395 2422 1454 2454 Or.
1482 2422 1518 2455 ii.
1549 2426 1603 2456 55.

858 2462 977 2495 Partit.
995 2467 1048 2495 31.
1073 2469 1155 2496 ruta
1169 2474 1264 2496 caesa.
1311 2465 1364 2497 Ita
1379 2465 1502 2498 dicitur
1523 2476 1603 2509 sup-

858 2507 967 2548 pellex
990 2509 1113 2546 omnis,
1130 2518 1205 2548 quae
1230 2508 1303 2540 loco
1327 2510 1452 2541 moveri
1474 2514 1602 2552 potest,

858 2552 955 2591 eique
971 2557 1190 2592 opponuntur
1205 2552 1283 2584 fixa.

1213 2639 1246 2670 S.

903 2723 1019 2764 Sacer,
1035 2735 1113 2757 cum
1131 2726 1290 2766 genitivo.
1321 2726 1415 2760 Verr.
1429 2728 1452 2760 i.
1471 2730 1520 2761 18.
1549 2729 1602 2761 ln-

858 2767 933 2799 sula
947 2778 1063 2800 eorum
1081 2770 1231 2802 Deorum
1246 2780 1344 2803 saera
1358 2775 1509 2813 putatur.
1525 2773 1603 2804 imi-

858 2817 951 2843 tatus
973 2816 1026 2843 est
1045 2813 1155 2845 'l'acit.
1176 2814 1218 2846 A.
1235 2824 1287 2846 xv.
1304 2818 1356 2848 53.
1387 2816 1444 2848 ubi
1470 2826 1499 2847 v.
1517 2816 1600 2847 Gro-

859 2865 934 2887 nov.
979 2856 999 2875 ⁸*
1011 2855 1119 2889 Sat-ra
1147 2857 1242 2892 Verr.
1275 2858 1311 2892 ii.
1344 2862 1375 2892 5.
1419 2859 1599 2892 simulacra

858 2899 1010 2932 Deorum
1025 2905 1117 2933 sunt.
1446 2922 1449 2924 -
1541 2919 1544 2923 ’
