1804 3178
670 143 751 172 {Nn
757 143 815 172 EX
846 144 875 171 Η
882 143 1003 172 rsToR
1011 143 1125 173 ICUS.

186 227 231 262 P.
250 229 394 268 Curtius,
411 229 454 261 ad
469 229 546 262 Div.
563 229 605 260 vi.
625 233 674 261 18.
706 230 810 261 frater
830 231 873 271 Ω.

138 272 382 313 Salassi‚jussu
399 273 546 314 Pompeii
564 273 609 304 fil.
627 274 840 305 interficitur.

191 316 225 348 C.
255 318 399 353 (surum,
414 317 508 348 Vei-r.
534 317 555 347 i.
579 319 633 348 61.
657 317 763 356 judex
784 327 875 357 qua:-

140 361 266 391 storius
290 363 323 392 in
347 370 447 392 causa
462 360 615 399 Veri-ina,
631 362 689 392 sed
712 361 800 401 quod
822 372 875 392 so-

142 403 226 435 dalis
251 406 323 444 ejus
347 411 447 442 esset,
471 405 503 435 vi
528 405 643 445 populi
665 411 701 436 et
726 405 874 436 convitio

145 447 288 487 rejectus
304 453 366 479 est.

192 492 354 528 Caninius,
371 490 413 521 ad
430 490 501 521 Att.
518 491 574 522 xii.
594 493 647 522 38.
669 493 723 522 41.
760 492 873 524 Corra-

143 534 204 565 dus
219 536 350 574 arrigit
363 535 528 566 t‘osinius.

189 576 234 609 P.
264 578 408 618 Cuspius.
440 578 481 608 ad
512 579 588 609 Div.
615 578 684 609 xiii.
711 580 743 610 6.
773 590 873 619 eques

143 620 244 653 Rom.
262 624 423 662 magister
445 622 615 653 societatis
641 623 675 653 in
691 622 812 654 Africa.
836 624 874 654 it.

145 665 214 695 xvi.
236 668 285 699 17.

188 708 232 739 L.
249 708 558 745 Custidius‚adDiv.
571 710 641 740 xiii.
655 713 706 741 53.
723 710 876 750 Arpinas.

193 751 300 791 Cydas
334 751 500 789 Cretensis,
533 753 618 784 Phil.
650 764 680 784 ν.
711 756 741 784 5.
776 754 875 784 homo

142 795 266 833 audax,
297 795 347 827 M.
384 796 524 827 Antonii
556 796 741 827 familiaris.
790 797 875 827 Phil.

147 839 217 870 viii.
233 844 265 874 9.

193 883 363 922 (monium
383 885 495 921 scelus,
512 883 552 914 de
574 883 657 923 Leg.
679 883 712 913 ii.
740 887 788 914 11.
818 889 876 922 est,

142 928 228 968 qnod
255 927 459 958 Athenienses
487 929 724 965 commiserunt,
753 928 877 967 cylonis

143 971 232 1001 sociis
243 972 435 1011 supplicibus
450 970 624 1010 intevjectis
637 972 683 1002 ad
700 981 808 1002 urum.
838 973 877 1002 «le

142 1023 205 1055 quo
227 1015 289 1044 vid.
315 1014 462 1054 Thucyd.
485 1015 528 1045 L.
554 1016 583 1045 I.
605 1020 678 1045 sect.
706 1016 775 1046 126.
799 1016 876 1046 add.

145 1057 272 1095 scalig.
283 1058 329 1088 od
340 1058 459 1089 Euscb.
478 1058 592 1089 Graeca
601 1069 638 1099 p.
650 1061 724 1092 427.
738 1059 874 1090 Sulcius.-

146 1100 301 1132 Κιλίκων
314 1100 400 1140 ἱιγος.

143 1170 146 1173 .
196 1144 319 1184 Cyme-1,
336 1146 400 1175 Off.
418 1145 439 1176 i.
456 1148 508 1177 35.
540 1145 790 1186 reprehendunt
807 1155 875 1183 eos,

146 1187 204 1228 qui
219 1198 272 1226 ea,
288 1198 363 1228 quae
387 1199 422 1219 re
443 1189 557 1229 turpia
576 1199 643 1219 uon
659 1195 752 1226 sunt,
769 1189 877 1219 nonii-

147 1231 246 1262 nibus
261 1241 300 1262 ae
315 1232 423 1263 verbis
441 1232 605 1273 flagitiosa
627 1233 768 1263 ducunt.
798 1232 878 1264 ibid.

145 1278 200 1307 41.
216 1285 330 1306 eorum
349 1278 434 1306 ratio
449 1283 499 1307 est
516 1276 705 1316 rejicienda.

197 1318 359 1359 Cypselus,
381 1320 483 1351 Tusc.
508 1329 538 1350 v.
565 1323 618 1355 37.
649 1319 803 1350 Corinthi
826 1325 879 1361 ty-

146 1371 285 1401 rannus,
298 1364 471 1394 Demarati
483 1363 658 1403 Tarquinii
676 1363 779 1404 patris
791 1369 878 1394 tem-

148 1407 295 1447 poribus.
309 1407 386 1438 add.
403 1406 474 1438 Fat.
490 1411 522 1441 7.

197 1450 377 1490 Cyrenaici,
388 1450 488 1482 Tusc.
504 1451 553 1481 iii.
571 1453 621 1482 13.
633 1452 685 1482 22.
703 1460 820 1482 eorum
838 1449 878 1481 de

147 1494 277 1534 origine
294 1494 416 1525 doloris
433 1495 604 1525 sententia
619 1493 795 1526 refellitur.
835 1495 879 1525 A-

147 1537 221 1568 cad.
233 1537 276 1568 iv.
288 1541 320 1572 7.
351 1538 386 1569 in
397 1537 468 1568 solo
482 1545 594 1568 tractu
610 1538 731 1569 doloris
741 1544 776 1569 et
786 1537 879 1569 volu-

147 1581 252 1622 ptatis
269 1581 440 1620 judicium
462 1582 530 1612 veri
551 1591 622 1613 esse
646 1582 773 1612 dicunt.
799 1582 880 1613 ibid.

147 1626 202 1656 46.
232 1625 316 1656 nihil
344 1630 467 1666 putant
498 1635 569 1656 esse
604 1625 727 1665 judicii
758 1632 880 1667 praeter

149 1669 376 1709 permotiones
392 1670 541 1700 intimas.
556 1670 632 1700 add.
650 1671 702 1701 24.

198 1712 353 1753 Cyrsilus,
385 1712 452 1743 Off.
482 1713 529 1744 iii.
564 1716 614 1744 11.
652 1713 809 1751 suadens,
841 1718 881 1744 ut

148 1756 372 1787 Athenienses
418 1758 454 1787 in
494 1757 572 1787 urbe
617 1763 808 1794 manerent,
846 1762 882 1788 et

149 1799 296 1831 xerxem
319 1801 518 1841 reciperent,
536 1800 700 1841 lapidibus
716 1801 881 1831 obruitur.

199 1843 305 1884 cyr-m
339 1845 457 1884 major,
479 1844 520 1875 de
550 1845 629 1875 Div.
661 1845 683 1874 i.
714 1847 767 1876 23.
811 1845 882 1883 ejus

151 1889 320 1919 somnium
333 1900 342 1918 z
360 1888 521 1928 quamdiu
538 1889 687 1927 regnarit
701 1894 736 1918 et
753 1888 883 1918 vixerit.

149 1931 192 1971 Ω.
209 1931 261 1962 Fr.
277 1933 299 1962 i.
321 1935 347 1962 1.
365 1935 395 1963 8.
426 1931 616 1972 Xenophon
637 1932 678 1962 de
698 1941 737 1962 eo
757 1941 823 1962 non
841 1932 883 1962 ad

152 1975 252 2006 fidem
277 1975 424 2006 historiae
447 1976 592 2016 scripsit.
615 1987 644 2007 v.
666 1977 765 2006 etiam
787 1976 884 2007 Brut.

152 2020 205 2054 29.
220 2018 303 2059 Leg.
319 2019 352 2049 ii.
369 2020 421 2050 22.
438 2020 497 2050 &c.

201 2061 306 2102 Cyrus
335 2063 458 2100 minor,
488 2063 565 2094 Div.
595 2063 618 2093 i.
648 2065 701 2095 25.
735 2073 814 2093 cum
845 2073 884 2094 eo

153 2106 277 2137 militia
292 2106 505 2147 perfungitur
520 2105 720 2147 Xenophon.
734 2107 812 2138 ibid.
830 2110 882 2139 23.

151 2150 226 2190 ejus
240 2150 421 2180 somnium.

202 2193 318 2233 Cyrus,
335 2194 406 2224 Att.
433 2193 468 2224 ii.
495 2195 526 2224 3.
568 2193 784 2224 architectus.
811 2193 885 2225 Mil.

157 2239 208 2272 17.
225 2238 379 2268 moritur.
404 2238 454 2269 Ab
475 2247 508 2268 eo
523 2237 677 2268 dicuntur
693 2236 800 2278 Cyrea
813 2237 885 2269 Att.

154 2281 198 2312 iv.
218 2283 268 2312 10.

204 2324 362 2365 Cytheris,
379 2324 451 2356 Att.
475 2335 505 2355 x.
534 2327 583 2355 10.
614 2324 757 2365 Philipp.
782 2325 815 2356 ii.
832 2327 885 2356 024.

155 2377 230 2399 eam
245 2368 413 2399 Antonius
429 2368 550 2399 lectica
559 2373 676 2408 aperta
686 2378 801 2399 secunx
811 2379 886 2409 por-

154 2415 219 2443 tat.
242 2412 286 2443 ad
298 2412 375 2444 Div.
392 2412 435 2443 ix.
452 2412 505 2444 26.
535 2423 566 2443 v.
583 2413 619 2443 in
637 2411 820 2444 Volumnia.

167 2556 172 2560 ν
200 2537 437 2580 Damasippus,
447 2549 620 2579 cognomen
633 2539 836 2579 Licinomm,
847 2539 889 2571 ad

155 2582 234 2615 Div.
259 2583 314 2613 vii.
338 2585 391 2614 23.
423 2587 552 2614 statuas
574 2588 678 2621 amat,
703 2583 742 2614 de
763 2595 823 2624 quo
844 2588 890 2615 est

155 2625 247 2666 apud
267 2626 458 2664 Horatium,
483 2626 591 2658 Serm.
617 2627 651 2657 ii.
676 2630 707 2658 3.
735 2627 805 2659 Att.
829 2629 888 2659 xii.

156 2671 210 2705 29.
228 2671 281 2701 33.
305 2670 346 2700 ab
361 2680 400 2700 eo
415 2669 528 2702 hortos
545 2680 655 2701 emere
671 2671 744 2702 vult
760 2672 888 2703 Cicero.

202 2712 245 2744 L.
262 2713 497 2754 Βαηιαεὶῃηιε,
514 2713 557 2745 ad
570 2715 645 2745 Div.
664 2715 707 2745 ix.
725 2717 778 2746 21.
806 2725 890 2756 prae-

156 2760 225 2794 tor,
246 2757 302 2796 qui
327 2757 365 2788 C.
392 2758 578 2789 Carbonem
603 2758 737 2790 occidit.
760 2770 790 2790 v.
816 2759 890 2790 Vel-

158 2800 209 2831 lei.
227 2799 262 2830 ii.
279 2801 332 2832 26.

201 2843 326 2875 Damio
339 2843 485 2876 Tettius.
502 2845 574 2877 Att.
592 2846 635 2877 iv.
652 2849 684 2878 3.

202 2885 386 2925 Damocles,
399 2887 501 2922 Tusc.
517 2890 583 2932 Ωιι.
600 2899 630 2923 ν.
653 2891 707 2924 21.
739 2893 888 2922 assenta-

158 2934 214 2962 tor
226 2929 391 2974 Dionysii.
443 2933 450 2940 “

1586 140 1638 179 91

959 231 1105 268 Damon,
1117 233 1180 263 Off.
1195 233 1240 264 iii.
1263 236 1310 265 10.
1327 233 1427 265 Tune.
1444 245 1475 265 v.
1488 239 1540 267 22.
1555 247 1643 269 vero

915 275 1073 305 amicitia!
1103 276 1283 315 specimen.
1316 277 1550 318 Pythagoreus.
1584 282 1642 313 Or.

917 318 963 348 iii.
981 321 1012 348 3.
1047 320 1205 349 musicus.

961 361 1118 399 Danaus,
1144 362 1259 393 parad.
1277 364 1319 394 vi.
1340 366 1367 394 1.
1391 365 1461 404 ejus
1483 365 1645 405 quinqua·

918 404 1012 444 ginta
1029 404 1117 435 filiae.
1249 413 1255 418 '

960 447 1139 489 Daphnus,
1159 448 1198 479 de
1223 448 1292 480 fat.
1319 451 1348 479 3.
1380 448 1419 480 Ei
1444 449 1550 480 satum
1568 450 1645 488 suit,

917 502 957 522 ex
973 502 1058 532 equo
1075 492 1205 528 cadere,
1223 500 1322 532 atquc
1340 493 1387 522 ita
1407 494 1524 532 perire.
1572 495 1648 526 Fuit

920 536 1146 573 Telmissensiv,
1166 536 1311 575 Sopliista
1328 537 1458 566 neminis
1468 542 1498 567 et
1515 539 1648 569 mordas:

918 581 1015 610 etiam
1039 581 1071 609 iu
1088 581 1238 610 Attalum
1264 578 1519 618 Pergamenum.
1566 581 1644 612 Ver·

917 625 1028 654 siculos
1055 625 1087 654 in
1111 634 1185 653 eum
1207 623 1297 653 habet
1324 623 1438 654 Strabo
1462 624 1503 654 L.
1528 625 1592 654 xiv.
1611 635 1646 665 p.

918 670 992 701 953.
1024 667 1072 697 ed.
1089 667 1206 697 Almel.
1232 667 1316 697 unde
1338 677 1410 697 eum
1433 668 1472 697 de
1492 678 1581 705 saxo,
1597 670 1650 699 cui

918 712 988 749 equi
1018 720 1143 747 nornen,
1169 712 1373 751 proecipilure
1401 709 1511 752 jussit.
1566 711 1649 742 Rem

917 759 1057 784 narr-(ml
1081 753 1173 784 Saia.
1204 755 1236 784 in
1266 751 1410 793 Διφίδης.
1465 754 1573 785 Valer.
1598 755 1647 787 M.

919 798 940 827 i.
959 800 990 828 3.
1020 797 1076 827 sed
1086 799 1196 836 paullo
1212 798 1368 837 discrepat
1391 809 1411 828 a
1428 801 1538 829 veteris
1554 797 1650 829 Slra-

920 842 966 877 ὀο,
982 841 1036 880 qui
1053 846 1080 871 ec
1098 841 1363 871 Grammaticum
1377 846 1463 872 vorat
1479 847 1508 872 et
1524 844 1558 872 iu
1572 852 1647 872 cru-

919 895 986 914 cem
1014 889 1124 915 actum
1148 885 1224 918 dicit
1247 886 1281 914 in
1303 884 1466 922 Thorace,
1490 887 1551 916 loco
1576 896 1650 926 quo-

918 929 1009 964 dum,
1013 926 1206 970 jussumque
1219 929 1259 958 ab
1274 930 1413 966 mue-ulo,
1429 933 1464 959 ut
1477 930 1533 960 siha·
1544 940 1564 960 α
1576 930 1650 959 tho·

920 981 994 1001 racc
1007 977 1142 1002 cat-eret.
1160 972 1279 1003 Utrum
1293 972 1456 1012 Daphitas
1468 983 1511 1003 an
1524 973 1651 1014 Daphi-

920 1015 976 1045 das
987 1016 1201 1053 scribendum,
1213 1026 1241 1046 v.
1258 1015 1291 1046 T
1287 1026 1389 1046 orren.
1402 1016 1447 1046 ad
1462 1016 1569 1047 Valet.
1587 1019 1607 1047 Ι.
1621 1028 1649 1047 c.

962 1059 1159 1096 Dardanus,
1190 1059 1292 1089 Acad.
1326 1059 1367 1089 iv.
1405 1061 1458 1090 22.
1504 1062 1648 1099 Stoicus,

919 1106 1070 1142 tempore
1088 1102 1244 1133 Antiochi
1262 1102 1466 1133 Academici.

963 1145 1159 1183 Dardanus,
1184 1145 1226 1176 ad
1255 1146 1331 1176 Div.
1363 1156 1394 1177 x.
1426 1148 1480 1178 25.
1509 1145 1650 1178 libertus

920 1187 1046 1220 Fun-nii.

964 1233 1095 1264 Darius
1115 1232 1345 1271 carlomannus,
1360 1232 1460 1264 Tusc.
1478 1243 1508 1264 v.
1531 1236 1584 1264 34.
1615 1233 1650 1265 in

920 1275 1002 1316 fuga
1016 1285 1137 1316 aquam
1153 1275 1323 1307 turbidam
1338 1278 1485 1307 suaviter
1499 1277 1593 1308 bibit.

972 1320 1005 1350 C.
1026 1320 1203 1358 Decianus,
1220 1320 1331 1351 Rabir.
1349 1325 1380 1355 9.
1411 1321 1652 1351 condemnatus

921 1368 986 1401 est,
1003 1364 1092 1403 quod
1116 1364 1151 1394 in
1175 1365 1336 1394 concione
1358 1363 1398 1394 de
1414 1370 1521 1395 morte
1537 1366 1653 1394 Satur·

922 1407 994 1437 nini
1011 1414 1158 1447 qiuestus
1175 1416 1236 1437 est.
1262 1407 1324 1438 vicl.
1343 1406 1453 1438 Valer.
1470 1408 1538 1439 viii.
1559 1411 1586 1439 1.

965 1451 1121 1482 Decidius
1146 1451 1242 1482 Saxa.
1267 1450 1351 1482 Phil.
1381 1452 1450 1482 xiii.
1482 1455 1533 1483 13.
1563 1463 1592 1482 υ.
1619 1453 1653 1484 in

922 1495 1018 1526 Saxa.

965 1538 1133 1575 Decimus,
1150 1538 1221 1569 Att.
1238 1538 1282 1569 iv.
1302 1539 1351 1570 16.

964 1582 1144 1619 Decimius,
1163 1582 1358 1622 desig-nacor,
1377 1583 1477 1614 Dom.
1506 1585 1555 1617 19.
1580 1582 1651 1614 Att.

921 1625 964 1656 iv.
996 1629 1027 1657 3.
1059 1625 1168 1655 socius
1196 1632 1231 1656 et
1261 1626 1386 1657 assecla
1415 1626 1450 1657 P.
1480 1626 1588 1657 Clodii
1618 1631 1653 1658 et

921 1679 1037 1700 suasor
1053 1669 1165 1708 legum
1182 1669 1283 1700 illius.

967 1713 1101 1750 Decius,
1120 1713 1183 1743 Pis.
1206 1716 1254 1743 11.
1280 1713 1482 1753 Campanus.

967 1756 1101 1794 Decius,
1130 1756 1172 1786 ad
1202 1757 1279 1788 Div.
1306 1767 1336 1788 v.
1367 1757 1398 1788 6.
1434 1756 1586 1788 librarius
1616 1758 1653 1789 Ρ.

923 1800 1027 1831 Sextii
1044 1799 1228 1840 quaestoris.

972 1844 1029 1874 (fn.
1062 1844 1185 1875 Decius
1216 1843 1360 1882 Samnis,
1389 1843 1463 1875 Clu.
1494 1847 1535 1880 59
1579 1854 1656 1886 pro·

925 1889 1069 1927 scriptus
1087 1897 1106 1917 a
1121 1886 1223 1918 Sulla.

970 1929 1015 1962 P.
1042 1929 1177 1968 Decius,
1194 1930 1259 1971 Qu.
1283 1930 1330 1960 fil.
1356 1930 1433 1961 Div.
1458 1931 1480 1961 i.
1505 1933 1558 1962 524.
1582 1931 1656 1963 Fin.

927 1974 962 2005 ii.
983 1977 1032 2009 19.
1064 1975 1191 2015 primus
1214 1985 1232 2004 e
1255 1973 1368 2004 Deciis
1391 1974 1507 2005 consul
1526 1975 1604 2013 fuit,
1621 1979 1657 2006 et

926 2019 1055 2059 primus
1072 2028 1089 2048 e
1106 2017 1219 2048 Deciis
1235 2027 1269 2048 se
1285 2017 1427 2048 devovit.

974 2061 1019 2092 P.
1044 2061 1184 2103 Decius,
1196 2061 1241 2092 P.
1265 2061 1303 2092 F.
1327 2062 1416 2098 item,
1439 2066 1477 2092 ut
1491 2065 1602 2102 pater,
1625 2071 1658 2092 se

928 2105 1059 2136 decom.
1091 2106 1259 2145 utriusque
1300 2105 1465 2135 devocionis
1500 2115 1580 2146 soepe
1607 2105 1658 2146 fit

928 2151 1044 2180 mentio
1073 2149 1163 2190 apud
1192 2150 1381 2186 Ciceronem,
1406 2148 1450 2179 N.
1477 2149 1521 2180 D.
1550 2149 1596 2179 iii.
1624 2149 1657 2180 6.

927 2194 1018 2223 Sext.
1044 2194 1097 2223 21.
1122 2192 1271 2223 Postum.
1293 2195 1321 2222 1.
1351 2192 1484 2222 Senect.
1511 2194 1561 2223 13.
1588 2192 1658 2223 He-

929 2246 999 2267 ren.
1018 2236 1060 2266 iv.
1077 2239 1130 2267 44.
1163 2236 1226 2266 Off.
1246 2235 1267 2266 i.
1297 2238 1344 2267 18.
1375 2240 1410 2266 et
1431 2235 1476 2267 iii.
1501 2238 1533 2267 4.
1564 2235 1658 2267 Duo-

929 2281 985 2311 bus
999 2285 1110 2311 autem
1125 2281 1159 2310 in
1183 2281 1254 2310 locis
1275 2281 1373 2310 etiam
1395 2279 1537 2320 Nepotis
1559 2279 1658 2312 Decii

923 2334 986 2364 pro
1010 2324 1125 2364 patria
1155 2333 1186 2353 se
1209 2323 1383 2354 dmm-entis
1405 2325 1522 2354 mentio
1544 2328 1600 2361 est,
1622 2325 1667 2363 ὑφ’

927 2367 1028 2398 Tusc.
1055 2367 1121 2407 Qu.
1150 2366 1171 2397 i.
1200 2369 1253 2401 37.
1285 2371 1321 2397 et
1347 2367 1418 2397 Pin.
1449 2367 1484 2397 ii.
1520 2370 1568 2401 19.
1599 2377 1660 2407 pa-

929 2416 996 2449 ter,
1014 2412 1129 2451 inquit,
1142 2409 1317 2440 decertans
1332 2420 1408 2440 cum
1426 2410 1568 2448 Latinis,
1581 2421 1660 2443 cum

930 2454 1081 2486 Etruscis
1112 2453 1211 2491 filius,
1236 2463 1313 2484 cum
1346 2453 1470 2494 Pyrrho
1496 2463 1597 2494 nepos
1623 2463 1660 2486 se

930 2498 1079 2529 hostium
1103 2496 1178 2528 telis
1202 2497 1408 2537 objecerunt.
1454 2497 1571 2529 Parad.
1587 2498 1609 2529 i.
1626 2499 1658 2531 2.

930 2547 1062 2582 patrem
1078 2545 1112 2571 et
1128 2540 1234 2571 filium
1251 2545 1382 2572 tantum
1397 2543 1552 2572 nominat.

976 2585 1021 2616 P.
1052 2584 1175 2616 Decius
1203 2584 1294 2622 Illas,
1315 2584 1412 2615 Brut.
1443 2586 1496 2616 28.
1529 2586 1597 2615 vita
1625 2589 1662 2616 et.

932 2629 1081 2659 oratione
1103 2627 1330 2659 turbulentus.
1354 2627 1403 2659 M.
1426 2627 1530 2659 Fulvii
1553 2628 1660 2661 Flacci

933 2672 1086 2703 aemulus.
1113 2672 1171 2703 Or.
1189 2671 1225 2702 ii.
1242 2675 1294 2704 30.
1324 2671 1417 2702 Trib.
1435 2671 1480 2712 pl.
1505 2673 1561 2711 qui
1580 2673 1662 2712 Opi·

933 2716 1039 2746 mium
1055 2715 1095 2745 ‹le
1112 2714 1201 2746 caede
1217 2714 1358 2746 Gracchi
1373 2716 1551 2746 accusavit.
1586 2716 1660 2747 add.

933 2759 990 2789 Or.
1006 2760 1040 2790 ii.
1058 2762 1112 2790 31.
1129 2760 1190 2797 62.
1215 2768 1292 2790 reus
1307 2757 1348 2790 de
1371 2759 1522 2800 pecuniis
1545 2764 1663 2790 contra

931 2802 1021 2842 leges
1037 2803 1144 2843 captis
1164 2802 1284 2833 sactus.

978 2846 1022 2877 P.
1054 2845 1187 2883 Decius,
1211 2845 1296 2876 Phil.
1322 2846 1366 2876 xi.
1395 2845 1426 2877 6.
1451 2845 1662 2877 Αηίοηὶειηυι

933 2899 999 2923 aere
1015 2889 1124 2920 alieno
1139 2899 1325 2930 oppressus

977 2933 1154 2976 Deiotarus
1161 2937 1272 2975 pater,
1289 2933 1401 2966 Deiot.
1423 2935 1450 2964 1.
1474 2933 1537 2964 vid.
1559 2942 1661 2972 ‹zv-31⁴⁴
