1800 3131
162 106 243 144 292

166 201 233 232 ctio
257 201 425 233 interdum
447 201 540 240 facit,
563 205 603 233 ut
624 203 658 233 id
679 204 816 234 verbum
840 213 890 234 re-

170 243 330 282 feramus,
349 256 415 284 quo
437 255 503 276 non
527 246 680 284 debebat,
695 252 735 277 ut
759 247 800 277 ad
815 248 890 278 Div.

170 288 238 318 xiii.
258 292 285 318 1.
308 290 452 329 equidem
475 290 515 327 si,
532 290 620 329 quod
643 291 710 330 ipse
734 292 891 328 sentiam,

169 333 306 371 quaeris:
332 342 393 363 nec
417 343 477 363 cur
490 312 546 363 iile
561 337 736 374 tantopere
753 339 892 364 conten-

165 375 226 405 dat
241 376 346 413 video,
363 386 423 406 nec
447 387 506 406 cur
520 379 558 407 tu
574 387 676 417 repu„
659 385 754 407 rnes:
781 377 835 406 ubi
852 386 890 407 ex

169 416 231 449 hac
248 419 516 469 interpunctione
532 420 677 461 equidem
693 419 836 450 refertur
852 419 893 449 ad

168 463 302 500 quaeris,
315 473 392 493 cum
405 465 570 504 pertineat
581 462 737 493 advideo.
761 463 892 493 Deinde

169 505 295 536 librarii
307 511 341 536 et
352 506 493 537 editores
507 511 656 537 veterum
670 506 849 536 librorum
844 516 894 535 in-

169 549 268 579 scitia
289 549 470 600 saepissime
491 551 524 580 in
540 550 602 580 hoc
618 550 715 579 verbo
731 558 824 578 errax
827 558 893 578 ere

170 590 212 622 l'n
234 592 366 624 Nizolio
389 595 490 624 etiam
518 593 760 624 Facciolatiano
782 593 896 622 omnia

171 637 338 677 exempla,
363 637 397 667 in
424 637 542 675 quibus
569 637 713 676 equidem
740 640 792 665 est
817 645 894 665 cum

169 681 284 718 tertia,
311 681 409 711 aliter
439 685 518 710 suut
548 680 583 709 in
609 677 793 709 emendatis
819 679 894 708 edd.

171 723 273 763 Quid,
297 724 322 754 si
347 723 386 753 de
410 723 528 753 ceteris
551 722 656 761 iisque
680 723 793 762 paucis
816 722 896 752 locis

170 766 259 797 idem
281 766 594 806 pronunciandum?
622 771 658 796 ut
677 770 736 796 aut
750 776 810 806 pro
825 766 897 805 qui·

170 810 247 840 dem
263 811 378 840 vitiose
389 811 552 850 scriptum
565 810 620 848 sit,
633 815 693 840 aut
705 820 763 850 pro
775 814 810 840 et
826 810 898 849 qui-

172 854 259 884 dem.

213 897 395 938 Equitatzcs
411 897 450 927 de
467 897 582 928 ordine
598 897 743 937 equestri
761 896 803 927 ad
825 896 898 927 Att.

169 941 203 971 ii.
220 944 246 970 l.
270 941 335 971 Sed
351 951 381 970 v.
395 944 464 971 not.

212 984 344 1024 Equus,
356 985 494 1023 equites.
512 984 553 1014 ad
570 984 646 1014 Div.
659 995 690 1014 x.
703 987 756 1014 30.
779 994 896 1024 equum

169 1027 304 1058 immisi.
329 1028 406 1058 ibid.
422 1028 465 1058 ix.
484 1031 514 1061 7.
545 1029 632 1068 equis
654 1026 742 1057 viris.
771 1027 814 1058 cf.
831 1027 895 1058 Off.

169 1071 217 1103 iii.
241 1074 292 1102 33.
325 1071 410 1102 Phil.
436 1071 502 1101 viii.
528 1075 560 1106 7.
593 1072 650 1101 ubi
676 1071 743 1102 vid.
769 1071 895 1101 Ferrar.

168 1115 312 1146 Gronov.
336 1115 380 1145 ad
401 1115 472 1145 Liv.
496 1115 562 1144 xxi.
579 1117 630 1149 527.
662 1119 696 1145 et
716 1111 830 1156 Burni.
855 1114 897 1144 ad

167 1158 260 1198 Virg.
283 1160 360 1190 AEn.
375 1159 443 1188 viii.
459 1162 489 1190 3.
514 1158 585 1189 haec
608 1157 754 1188 formula
776 1156 895 1188 deinde

165 1200 253 1233 hane
265 1203 332 1233 vim
345 1208 446 1232 nacta
458 1205 520 1239 est,
532 1202 688 1240 ut,.omni
706 1202 894 1232 contentio-

168 1256 210 1284 ne
233 1256 305 1277 rem
330 1246 396 1286 agi,
415 1246 630 1285 significaret.
660 1245 766 1276 *Sem
791 1255 823 1285 p.
853 1245 893 1276 R‘.

170 1293 220 1321 11.
252 1291 340 1330 equis
365 1289 552 1329 insignibus
584 1293 619 1319 et
648 1298 747 1319 curru
777 1293 895 1319 aurato

165 1335 344 1374 reportari:
372 1333 406 1363 h.
429 1343 458 1362 e.
481 1332 752 1372 triumphalibus.
780 1331 894 1362 *LaeL

169 1380 218 1412 17.
243 1388 308 1417 quo
334 1384 484 1413 utamur,
512 1376 606 1415 quasi
632 1377 719 1416 equis
741 1377 894 1414 tentatis,

165 1422 212 1452 sic
240 1421 409 1456 amicitiis,
438 1420 550 1459 aliqua
574 1424 669 1459 parte
698 1419 894 1459 periclitatis

166 1465 313 1495 moribus
337 1464 532 1494 amicorum.
556 1473 675 1503 equum
695 1468 827 1493 tentare
843 1466 894 1493 est

165 1508 353 1549 periculum
364 1508 486 1543 facere,
502 1516 545 1536 an
558 1516 719 1536 sessorem
732 1507 892 1546 patiatur,

164 1556 201 1582 et
223 1553 267 1582 sit
289 1551 462 1582 itineribus
477 1549 636 1580 faciendis
653 1550 812 1588 idoneus3
838 1559 893 1587 ne,

163 1597 190 1628 si
216 1594 304 1626 viam
321 1599 399 1625 ante
416 1593 656 1633 ingrediamur,
673 1593 784 1632 aliqua
799 1598 893 1633 parte

161 1639 232 1679 jam
256 1639 444 1679 profligata,
465 1647 538 1667 sero
561 1636 801 1676 intelligamus,
826 1637 895 1667 ido-

164 1692 268 1713 neum
291 1691 408 1722 equum
431 1690 498 1711 non
521 1689 604 1710 esse.
634 1679 758 1710 *Brut
783 1684 834 1711 51.
868 1681 896 1710 si

165 1726 300 1757 auditor
322 1726 472 1761 omnino,
495 1728 669 1762 tamquam
692 1733 803 1764 equus,
828 1733 896 1753 non

162 1769 261 1807 facit,
278 1768 427 1809 agitandi
443 1768 518 1797 finis
530 1767 702 1797 faciendus
717 1772 779 1797 est.
796 1778 895 1807 equus

168 1822 236 1843 non
260 1813 355 1850 facit,
371 1816 412 1842 ut
434 1822 474 1841 ex
497 1812 569 1851 ipso
591 1810 663 1840 loco
681 1811 896 1850 intelligitur,

168 1857 225 1896 qui
249 1856 321 1886 loco
341 1855 466 1886 moveri
482 1864 549 1884 non
565 1858 688 1894 potest,
707 1864 814 1894 neque
830 1855 899 1884 cal-

170 1900 299 1930 caribus
326 1898 480 1939 subdi-tis,
503 1907 610 1937 neque
641 1897 780 1937 flagellis
805 1897 898 1928 adhi-

168 1943 260 1981 bitis,
286 1943 434 1983 adeoque
464 1942 579 1972 itineri·
605 1941 758 1972 faciendo
784 1942 898 1972 minus

170 1987 323 2018 idoneus.

213 2031 367 2067 Erectus,
391 2029 431 2060 de
454 2028 606 2059 auditore
630 2032 769 2059 attento.
802 2027 899 2059 Brut.

168 2077 221 2107 54.
251 2075 340 2105 idem
364 2073 391 2103 si
420 2073 612 2113 praeteriens
631 2072 819 2112 adspexerit
832 2083 900 2103 ere-

169 2124 245 2156 ctos,
275 2119 446 2148 intuentes
476 2116 711 2155 judices—aut
749 2117 897 2146 oratione

171 2162 264 2202 quasi
281 2170 457 2201 suspensos
473 2159 592 2189 teneri.
625 2159 645 2177 ²*
657 2162 708 2189 est
723 2159 826 2189 etiam
842 2160 900 2190 ha-

171 2204 418 2237 bitus‘hominis
433 2204 495 2233 sibi
507 2202 716 2233 confidentis.
741 2202 797 2232 Or.
808 2203 829 2232 i.
841 2206 898 2234 40.

169 2254 313 2281 erectum
343 2252 377 2278 et
403 2247 543 2283 celsum,
571 2246 671 2276 alacri
704 2251 738 2276 et
766 2250 898 2285 promto

168 2303 224 2325 ore
238 2303 275 2323 ac
291 2291 400 2329 vultu,
411 2291 477 2321 huc
493 2295 593 2330 atque
610 2289 690 2320 illuc
706 2290 896 2321 intuentem

167 2337 228 2368 sce.

213 2380 371 2419 EreptuS,
399 2381 563 2414 extortus,
588 2386 771 2417 expressus
804 2375 897 2407 Vei-r.

169 2434 191 2454 ι.
208 2427 260 2454 30.
286 2422 373 2462 quod
390 2422 647 2461 pronunciatum
665 2426 728 2457 est,
756 2430 823 2450 non
841 2431 898 2460 per

169 2467 338 2498 Neronem
359 2465 562 2504 judicatum,
579 2464 636 2494 sed
661 2473 718 2502 per
742 2463 898 2494 Dolabel-

168 2511 236 2541 lam
251 2514 393 2548 erepcam
406 2508 670 2538 existimabatur.
694 2505 782 2537 Nam
795 2507 897 2537 Dola-

165 2554 253 2584 bella
267 2553 417 2593 precibus
432 2553 600 2588 effeoerat,
617 2557 656 2580 ut
665 2549 754 2580 Nero
771 2551 895 2581 invitus

166 2596 405 2628 condemnaret
422 2595 665 2625 Philodamum.

208 2640 432 2679 Ergastulzme.
456 2642 505 2668 est
536 2647 650 2668 carcer
673 2638 828 2674 rusticus,
860 2638 895 2668 in

163 2693 229 2724 quo
253 2683 421 2722 mancipia
443 2692 525 2722 opus
548 2681 690 2717 faciunt,
714 2681 894 2720 pistrinum

163 2728 224 2758 &c.
249 2726 426 2759 Cluent.7.
452 2725 501 2756 M.
517 2725 638 2756 Aurius
663 2725 697 2754 in
721 2724 761 2763 Ω.
786 2725 892 2763 Sergii

161 2779 280 2801 manus
306 2768 425 2799 incidit
449 2775 484 2798 et
500 2768 588 2809 apud
613 2777 690 2797 eum
709 2767 774 2797 fuit
788 2768 822 2797 in
837 2778 889 2797 er-

158 2815 298 2854 gastulo.
327 2813 440 2852 (quem
464 2811 781 2843 locumillustrabit
808 2811 890 2841 Sue-

157 2860 230 2888 ton.
269 2857 303 2886 in
325 2857 410 2895 Aug.
441 2857 493 2886 32.
517 2855 591 2885 Tib.
617 2858 647 2886 8.
671 2855 713 2885 cf.
744 2854 883 2884 Salmas.

156 2900 198 2932 ad
227 2899 392 2941 Spartian.
422 2908 452 2930 c.
478 2901 527 2930 18.
557 2903 584 2929 t.
608 2898 629 2929 i.
654 2909 687 2939 p.
721 2896 806 2936 1752.)
843 2898 889 2929 ad

681 115 828 145 1NDEx
848 113 1142 144 LATINl'rA'rxs.

928 204 1004 236 Div.
1028 203 1072 234 xi.
1100 206 1149 234 10.
1177 207 1211 232 et
1238 203 1286 233 13.
1313 203 1483 240 ergastula
1506 201 1654 233 solveres

930 247 1018 287 quod
1034 250 1085 276 est
1094 246 1264 277 dimittere
1285 255 1392 275 servos
1411 255 1451 275 ex
1467 247 1654 285 ergastule),

932 296 991 320 aut
1007 291 1117 330 potius
1133 290 1310 326 abducere,
1323 293 1357 318 et
1370 289 1491 319 milites
1506 289 1628 325 facere.

975 334 1084 372 Ergo,
1107 334 1277 372 eleganter
1300 336 1373 372 post
1395 332 1578 371 longiorem
1601 342 1660 372 pan

932 377 1113 407 renthesin.
1151 377 1193 406 ad
1227 377 1302 406 Div.
1327 386 1377 405 xv.
1406 379 1453 406 10.
1484 385 1589 415 quum
1613 375 1661 405 ita

932 420 1202 459 accidit—quum
1219 429 1294 459 ergo
1306 419 1354 449 ita
1364 418 1496 450 accidit.

977 463 1130 502 Erigere.
1154 464 1235 503 Leg.
1259 465 1280 494 i.
1303 468 1334 498 9.
1368 462 1538 494 hominem
1560 459 1667 492 crea-ie

933 505 1037 536 Deus.
1053 507 1072 524 *⁶
1084 516 1240 537 recreare.
1263 508 1358 538 Brut.
1375 510 1405 538 3.
1428 507 1530 538 erexit
1545 515 1580 536 se
1603 514 1663 545 po-

933 548 1033 588 pulus
1068 549 1163 579 Rom.
1196 551 1297 581 Sext:
1318 551 1371 581 31.
1408 560 1508 581 causa
1539 550 1670 588 erigere

934 592 1047 622 oeulos
1071 596 1105 622 et
1127 593 1234 623 vivere
1256 594 1398 624 videtur.
1421 594 1463 624 ad
1499 593 1571 624 Att.
1595 592 1663 622 viii.

940 637 988 666 12.
1011 636 1136 674 erigere
1151 646 1255 676 remp.
1276 638 1296 655 ⁷*
1309 638 1472 668 resistere.
1489 637 1531 668 ad
1550 636 1590 675 Ω.
1611 635 1668 666 Fr.

937 679 958 708 i.
986 681 1013 709 l.
1044 681 1070 708 1.
1094 689 1136 709 ne
1159 685 1193 709 te
1220 680 1314 710 obrui
1344 681 1469 720 negotii
1493 680 1663 719 magnitu-

938 721 1014 752 dine
1053 722 1154 760 sinas‚
1188 723 1245 753 sed
1274 728 1392 754 contra
1422 726 1532 764 erigas
1561 727 1664 761 atquo

938 766 1082 796 resistas.
1105 766 1124 784 ²*
1139 767 1264 805 erigere
1294 777 1328 797 se
1352 766 1511 798 dicuntur
1533 767 1665 798 audito·

937 818 1002 846 res,
1019 819 1096 839 cum
1122 811 1315 840 attentiores
1340 810 1439 848 fiunt,
1456 810 1667 842 admirantur

938 852 1064 891 aliquid
1099 854 1133 883 in
1169 854 1332 884 oratione.
1375 854 1472 885 Rosc.
1504 854 1578 884 Am.
1609 855 1664 885 22.

938 896 958 914 *Ρ
975 896 1055 926 Coel.
1076 898 1124 927 12.
1150 907 1210 927 nec
1234 907 1314 937 quos
1338 897 1469 928 aculeos
1492 897 1594 928 habet
1614 906 1666 926 se-

938 939 1058 970 veritas
1081 941 1290 980 gravitasque
1306 946 1428 979 vestra,
1446 951 1523 971 cum
1537 950 1593 971 eos
1610 949 1666 970 ac-

937 987 1071 1013 cusator
1086 986 1224 1014 erexerit
1237 985 1271 1015 in
1288 994 1372 1022 rem,
1388 985 1423 1015 in
1439 985 1532 1023 vitia,
1547 985 1582 1015 in
1594 993 1666 1014 mo·

937 1037 1001 1062 res,
1018 1027 1053 1057 in
1075 1030 1239 1068 tempora,
1256 1029 1410 1058 emittere
1433 1026 1468 1058 in
1491 1028 1662 1058 hominem

937 1074 972 1100 et
995 1071 1030 1100 in
1053 1080 1160 1101 reum.
1182 1071 1225 1101 ad
1245 1072 1314 1102 Att.
1338 1072 1385 1102 iii.
1406 1074 1455 1102 15.
1481 1074 1604 1111 erigere
1627 1072 1662 1101 in

939 1113 1085 1153 aliquem
1107 1118 1171 1152 est,
1194 1115 1360 1155 impetum
1384 1115 1419 1145 in
1442 1125 1520 1145 eum
1543 1115 1666 1146 facere.

938 1157 1003 1188 Sed
1025 1157 1090 1188 vid.
1115 1162 1186 1188 not.

979 1200 1136 1241 Eripere,
1160 1200 1200 1231 de
1223 1211 1279 1231 reo
1303 1201 1416 1237 noxio,
1439 1210 1515 1232 cum
1539 1201 1668 1233 artibus

936 1245 1040 1286 ipsius
1063 1249 1123 1274 aut
1155 1246 1354 1282 amicorum,
1384 1245 1577 1285 eloquentia
1607 1255 1664 1285 pa-

935 1289 1039 1326 troni,
1075 1289 1227 1328 potentia
1256 1288 1506 1326 advocatorum,
1539 1289 1667 1329 largiti-

935 1342 998 1362 one
1025 1331 1180 1370 efficitur,
1203 1336 1243 1363 ut
1265 1332 1465 1363 absolvatur.
1486 1330 1560 1363 Act.
1584 1334 1607 1363 i.
1631 1333 1672 1363 ir}

934 1376 1032 1406 Verr
1057 1379 1086 1406 8.
1119 1377 1199 1416 eripz
1229 1376 1414 1406 accusatori
1443 1385 1550 1407 reum.
1573 1376 1667 1406 Verr.

931 1419 958 1449 i.
982 1422 1014 1450 4.
1053 1419 1108 1449 oui
1131 1429 1206 1449 reus
1229 1424 1299 1449 tam
1324 1428 1446 1450 nocens
1470 1420 1529 1449 διο.
1557 1419 1667 1460 impu-

936 1473 978 1493 ne
1001 1463 1084 1502 eripi
1105 1463 1222 1502 possit.
1243 1462 1323 1492 ibid.
1346 1463 1381 1492 ii.
1404 1464 1458 1494 31.
1490 1463 1520 1493 vi
1544 1473 1579 1493 se
1601 1465 1684 1493 eri--¹

932 1516 1014 1546 pere
1036 1516 1076 1536 ex
1109 1506 1250 1545 judicio.
1273 1506 1292 1524 *ἓ
1308 1506 1495 1544 absumere,
1529 1506 1571 1537 ad
1593 1507 1670 1537 Div.

934 1551 999 1581 xvi
1015 1552 1068 1581 21.
1093 1549 1239 1580 multum
1256 1550 1339 1580 mihi
1354 1551 1493 1590 eripitur
1507 1560 1614 1590 operae
1631 1551 1670 1581 in*

935 1593 1157 1623 exscribendis
1180 1588 1462 1633 hypomnematis.
1484 1593 1666 1625 ¹'‘Maroell.

940 1640 990 1668 10.
1021 1646 1114 1666 arma
1137 1637 1176 1667 ab
1200 1636 1271 1667 aliis
1294 1638 1415 1681 posita,
1437 1638 1477 1667 ab
1503 1636 1576 1667 aliis
1599 1648 1667 1668 ωε-

930 1685 994 1720 pta
1016 1683 1115 1710 sunt:
1148 1681 1195 1710 sic
1215 1684 1249 1710 et
1269 1681 1363 1711 V.err
1387 1681 1434 1712 iii.
1456 1683 1510 1712 48.
1544 1681 1583 1711 in
1601 1677 1668 1712 Va-

938 1725 1079 1754 tin.1⁶2.

982 1767 1126 1798 Errare.
1143 1767 1262 1798 Orat.
1255 1778 1276 1797 ι.
1293 1769 1346 1798 48.
1361 1766 1466 1798 oratio
1482 1772 1576 1799 errat
1587 1779 1597 1797 :
1620 1766 1671 1799 di-

939 1811 1026 1841 citur
1043 1810 1082 1840 de
1095 1810 1314 1850 λογομαχοῦσι.

982 1854 1176 1892 Erratc'cus,
1201 1855 1372 1894 eleganter
1394 1854 1581 1890 dehvitibus
1609 1853 1671 1886 ali-

939 1898 1031 1936 isque
1055 1897 1192 1937 plantis,
1210 1908 1283 1937 quae
1300 1898 1390 1928 vario
1414 1898 1502 1928 flexu
1517 1903 1668 1939 serpunt.

940 1942 1034 1972 Cato.
1055 1945 1104 1971 15.
1127 1942 1203 1972 vitis
1225 1951 1360 1982 serpens
1376 1940 1556 1982 multiplici
1572 1942 1668 1983 lapsu

940 1989 974 2015 et
988 1986 1135 2015 erratico.

982 2028 1105 2066 Error,
1122 2028 1162 2058 de
1184 2038 1236 2065 eo,
1252 2029 1322 2067 qui,
1338 2028 1419 2068 quid
1440 2032 1532 2068 agat,
1547 2028 1667 2060 nescit.

939 2072 974 2102 in
991 2072 1102 2102 Caecil.
1123 2074 1170 2102 14.
1201 2072 1257 2111 qui
1275 2073 1333 2102 tibi
1357 2075 1469 2109 aestus,
1486 2073 1542 2111 qui
1564 2083 1669 2111 error,

939 2126 1013 2154 quae
1036 2116 1183 2146 tenebrae
1199 2117 1319 2146 erunt?
1352 2115 1448 2146 *Am
1465 2114 1522 2145 xii.
1537 2118 1591 2146 43.
1619 2113 1668 2146 fess

939 2159 1060 2190 rendus
1086 2159 1148 2189 tibi
1176 2160 1210 2189 in
1234 2159 1296 2189 hoc
1319 2168 1413 2189 meus
1435 2168 1538 2190 error.
1568 2162 1682 2190 antea..

940 2207 1114 2233 vocaverat
1130 2203 1284 2242 ineptias.

984 2242 1157 2277 Erubesce.
1179 2246 1293 2285 Legi
1308 2248 1358 2277 14.
1378 2247 1414 2276 o!
1436 2255 1505 2276 rem
1515 2245 1668 2286 dignam,

939 2290 973 2319 in
989 2300 1055 2329 qua
1070 2299 1135 2320 non
1152 2289 1250 2320 modo
1266 2290 1367 2327 docti,
1382 2290 1441 2320 sed
1454 2290 1558 2320 etiam
1573 2299 1668 2330 agre-

936 2338 1004 2363 stes
1020 2334 1218 2364 erubescant.

981 2377 1161 2414 Eruclz'czcs,
1177 2377 1279 2406 etiam
1299 2375 1339 2406 de
1364 2376 1566 2416 philosophis
1588 2376 1667 2415 diei,

938 2419 1105 2451 docebunt
1128 2420 1192 2450 loci
1215 2419 1267 2450 hi:
1299 2420 1432 2450 Muren.
1459 2423 1511 2450 30.
1535 2423 1589 2451 31.
1612 2421 1668 2452 36.

936 2464 993 2494 ubi
1011 2464 1102 2494 Zeno
1124 2464 1255 2494 Stoicus
1279 2466 1312 2493 et
1335 2463 1391 2493 alii
1414 2463 1513 2503 hujus
1537 2464 1670 2503 generis

937 2507 1124 2548 philosophi
1149 2508 1196 2537 sic
1223 2506 1445 2547 appellantur.
1479 2507 1539 2537 Or.
1565 2508 1587 2538 i.
1616 2510 1668 2539 15.

936 2552 1084 2581 eruditus
1106 2552 1141 2581 in
1157 2550 1374 2590 philosophia.
1404 2549 1529 2580 ¹¹*Brun
1545 2553 1576 2582 2.
1605 2560 1668 2581 vox

934 2595 1085 2625 erudita:
1109 2594 1142 2625 h.
1154 2604 1183 2624 e.
1201 2595 1316 2633 graeeis
1332 2597 1367 2623 et
1382 2592 1494 2623 latinis
1510 2594 1616 2624 literis
1632 2598 1670 2624 et

935 2639 1060 2668 artibus
1084 2638 1239 2668 formata.
1269 2636 1426 2667 paradox.
1446 2647 1476 2667 v.
1492 2639 1523 2667 2.
1552 2636 1668 2668 oculo}

933 2682 1075 2711 eruditos
1102 2682 1280 2711 habemus:
1316 2680 1349 2710 h.
1376 2690 1404 2710 e.
1432 2681 1489 2719 qui
1513 2680 1669 2719 judicare

934 2729 1087 2764 possunt,
1102 2735 1132 2755 v.
1149 2735 1178 2754 c.
1196 2724 1236 2754 de
1253 2723 1392 2763 picturis
1411 2723 1472 2754 &c.

976 2768 1119 2805 Eruere,
1136 2771 1175 2798 ut
1191 2767 1308 2797 elicere
1328 2767 1465 2804 dicitur,
1481 2768 1538 2798 Or.
1555 2766 1590 2797 ii.
1607 2769 1661 2798 88.

931 2813 1126 2842 memoriam
1150 2821 1276 2847 eruere,
1289 2811 1539 2848 exercitatione,
1557 2811 1583 2841 si
1607 2814 1661 2840 est

930 2855 1024 2885 nulla
1040 2854 1212 2885 naturalis.
1243 2854 1420 2884 *invenire
1437 2854 1599 2884 latentem
1623 2857 1662 2883 et

926 2898 1125 2939 fugientem.
1151 2897 1194 2929 ad
1206 2898 1390 2930 Div.v.10.
1415 2896 1512 2929 illum
1529 2906 1664 2929 eruam
