1790 3219
660 86 806 117 nvnssx
838 85 1136 114 LATINITATIS.

120 173 197 206 att.
223 175 278 207 xii.
295 179 348 208 ⁴0.
370 175 439 208 xiii.
467 179 519 208 25.
565 174 653 206 Nam
686 175 856 204 auctiones

124 219 262 258 privatae
281 221 347 250 fere
365 221 405 251 ad
421 220 571 250 tabulam
595 218 772 258 argentarii
801 218 858 247 fie-

122 261 218 300 bant,
237 270 273 294 ut
290 264 397 304 pretia
414 273 523 293 rerum
540 263 575 293 in
590 261 856 301 argentariorum

121 304 252 336 tabulas
280 307 393 337 referri
424 312 570 346 possent.
598 305 684 335 conf.
713 305 856 344 Quintil.

121 348 166 378 xi.
193 351 226 380 2.
272 351 326 381 Sic
361 354 645 380 commemoratur
680 348 793 378 Vatin.
823 353 855 382 9.

115 393 236 424 tabula
255 393 396 430 Valeria,
409 393 450 423 ad
467 401 566 431 quam
578 393 691 422 sedere
702 391 855 422 solebant

119 436 245 467 tribuni
263 436 348 477 pleb.
367 443 404 466 ut
422 436 582 472 viderent,
599 436 676 475 quid
694 436 726 465 in
744 436 856 466 conci-

119 488 183 509 one
206 487 372 519 ageretur,
401 484 438 509 ut
463 486 573 509 essent
606 484 797 520 pra-sentes,
827 480 854 510 si

118 523 192 562 quis
207 532 322 553 eorum
339 523 462 553 auxilio
487 523 662 562 indigeret.
689 523 806 562 Quint.
823 524 853 553 6.

116 574 193 596 nuos
219 567 421 596 necessarios
439 574 606 605 corrogat,
624 571 661 597 nt
690 566 732 596 ad
759 568 853 596 talm-

115 610 183 639 lam
211 609 358 640 Sextiam
387 610 448 640 sibi
474 611 594 640 adsint.
622 611 762 641 veniunt
787 610 854 640 fre-

114 656 275 691 quentes:
299 654 501 684 testificatur
518 655 591 690 istc,
614 654 648 684 P.
670 654 850 693 Quintium

113 702 182 726 non
207 697 354 727 stitisse:
387 698 447 727 int.
476 697 716 728 vadimonium.
762 697 849 727 Nam

111 738 302 771 vadimonia
319 741 415 778 obiri,
438 741 634 782 syngraphae
658 741 742 776 fieri,
769 740 850 770 alia-

110 792 175 822 que
191 785 366 822 ejusmodi,
382 784 422 815 ad
434 785 582 815 tabulam
599 783 778 823 argentarii
790 783 850 814 ali·

112 827 209 866 cujus
227 827 391 865 solebant,
409 828 495 867 quod
517 829 551 858 in
577 829 616 858 iis
641 827 737 857 rebus
754 828 848 858 testi-

110 869 172 901 bus
188 881 285 912 oput,
309 881 391 912 quos
408 872 451 902 ibi
473 871 570 902 facile
587 872 734 912 recipere
753 876 847 911 pote-

108 918 199 945 rant.

156 957 387 996 Tabularinm,
417 957 509 989 locus
547 958 580 988 in
619 968 684 998 quo
721 957 845 989 tabulae

108 1001 250 1041 publicae
265 1009 451 1032 servantur.
469 1002 579 1033 Rabir.
592 1002 688 1033 Perd.
702 1004 732 1033 3.
746 1002 845 1033 Arch-

105 1046 138 1075 ⁴.
154 1045 211 1076 ubi
229 1054 258 1075 v.
277 1045 491 1076 Passeratius.

150 1087 281 1119 Tacere.
305 1089 398 1119 Verr.
425 1090 446 1120 i.
469 1094 500 1124 9.
524 1089 648 1120 dicitur
661 1088 702 1118 de
718 1098 770 1127 eo,
787 1090 843 1128 qui

107 1141 244 1162 causam
261 1142 328 1163 non
344 1137 506 1173 perpetua
522 1133 672 1163 oratione
688 1134 770 1172 agit,
786 1133 844 1163 sed

105 1175 166 1212 ita,
194 1180 231 1206 ut
249 1175 365 1207 Cicero
380 1176 461 1207 fecit
477 1178 511 1207 in
536 1177 645 1217 prima
659 1176 790 1206 actione
807 1178 842 1207 in

104 1217 256 1250 Verrem.

150 1262 283 1301 Tactus,
309 1263 349 1294 dc
372 1264 545 1295 sideribus.
569 1264 648 1294 Nat.
675 1264 717 1294 D.
737 1264 770 1294 ii.
792 1267 840 1295 15.

101 1306 129 1336 is
144 1306 223 1337 solis
234 1311 339 1339 taetus
360 1313 424 1346 est,
441 1314 481 1339 ut
498 1317 564 1338 non
588 1307 770 1347 tepefaciat
785 1317 838 1338 so-

102 1349 188 1387 lum,
211 1350 268 1381 sed
289 1353 390 1382 etiam
419 1352 603 1382 comburat.
626 1352 702 1381 Div.
725 1352 759 1381 ii.
785 1352 838 1382 46.

101 1392 177 1434 plus
192 1401 358 1425 terrarum
382 1395 478 1432 situs,
496 1404 597 1434 qnam
615 1395 710 1425 ‘lunae
729 1400 839 1426 tactus

101 1437 143 1468 ad
158 1438 362 1468 nascendum
380 1438 498 1469 valere.
522 1439 734 1478 Quamquam
752 1439 838 1469 Gru-

100 1485 163 1511 ter.
180 1489 215 1511 et
235 1482 348 1512 Davis.
375 1482 435 1512 ἃς.
464 1482 518 1512 hic
546 1482 671 1512 habent
697 1486 835 1512 tractus.

101 1523 150 1554 Ea
164 1534 226 1555 vox
253 1525 341 1564 quod
366 1525 498 1556 nullum
521 1525 735 1556 commodum
759 1535 836 1556 sen-

97 1576 173 1598 sum
199 1568 349 1606 haberet,
375 1569 429 1600 210.
456 1569 618 1606 Clericus,
641 1569 735 1608 cnjus
759 1579 835 1600 sen·-

95 1612 240 1642 tentiam
254 1613 371 1652 probat
385 1614 554 1650 Davisius,
568 1613 700 1652 legebat
711 1618 834 1651 status,

95 1664 150 1685 ex.
165 1665 194 1686 c.
210 1659 263 1687 44.
290 1665 356 1686 non
381 1657 546 1688 absurde:
572 1657 630 1686 sed
653 1666 719 1686 non
749 1666 833 1697 opus

96 1703 162 1735 est,
191 1709 210 1729 a
237 1699 342 1730 Codd.
372 1700 466 1732 MSS.
495 1699 661 1738 recedere,
689 1710 831 1740 quorum

95 1742 194 1773 multi
218 1742 343 1774 habent
365 1747 485 1782 lactus,
511 1743 646 1783 quidam
675 1749 770 1774 actus
799 1748 833 1774 et

93 1792 248 1825 ti·actus;
273 1796 347 1826 quae
364 1797 458 1817 voces
475 1788 586 1817 minus
602 1787 728 1818 abeunt
743 1798 764 1818 a
779 1792 832 1818 ta-

91 1834 176 1867 etus,
192 1839 292 1869 quam
311 1840 330 1860 a
351 1834 470 1862 status.
519 1831 640 1861 Tactus
655 1831 830 1861 commode

92 1873 251 1914 explicari
267 1878 377 1914 potest
394 1886 404 1913 3
439 1878 491 1905 est
506 1875 597 1904 enim
616 1875 661 1904 vis
685 1875 774 1905 lunae
794 1875 829 1906 in

94 1926 144 1947 res
169 1922 356 1955 terrestres,
373 1927 447 1958 quae
469 1919 499 1949 ei
515 1918 689 1956 tribuitur,
707 1919 827 1958 vulgo:

90 1959 237 1991 influxus
254 1960 353 1992 lunae.
377 1963 431 1992 Sic
448 1962 508 1992 soli
525 1966 650 1993 tactum
664 1963 766 1993 tribui
780 1964 828 1993 vi-

92 2003 215 2041 dimus,
243 2004 427 2044 eodemque
463 2015 564 2035 sensu
589 2010 765 2036 contactus
793 2010 828 2037 et

90 2049 248 2087 contagio
262 2048 432 2079 dicuntur.
461 2049 522 2088 Ap.
541 2048 669 2079 Vitruv.
687 2050 729 2080 ix.
746 2054 776 2084 9.
791 2051 825 2080 in

88 2090 181 2121 libris
208 2098 260 2122 est
284 2097 413 2122 tractus
439 2093 533 2123 coeli:
559 2102 620 2133 pro
648 2103 713 2132 quo
735 2097 825 2124 recte

90 2135 274 2175 repositum
292 2141 343 2166 est
358 2141 470 2166 tactus
487 2135 558 2166 coeli
579 2149 585 2166 z
618 2137 638 2166 i.
655 2146 684 2167 e.
700 2138 825 2177 pressio

61 2204 66 2209 .
87 2179 183 2209 aeris.
229 2180 326 2219 Apud
350 2179 467 2219 Virgil.
491 2179 564 2209 coeli
589 2184 718 2211 tractus
746 2181 823 2212 AEn.

86 2222 133 2254 iii.
153 2225 224 2254 138.
239 2223 279 2253 de
296 2227 383 2259 acre,
400 2223 509 2262 quoad
523 2224 641 2263 spiritu
655 2224 820 2255 trahitur:

85 2265 144 2296 ubi
169 2271 286 2296 tamen
304 2267 406 2297 Codd.
436 2267 560 2297 habent
589 2271 715 2298 taetus:
738 2267 823 2299 Bur-

87 2318 299 2349 mannusque
314 2311 485 2350 optionem
513 2311 671 2350 relinquit
695 2311 822 2342 lectori.

85 2352 157 2392 Ego
169 2357 204 2383 et
220 2354 264 2384 ibi
279 2359 385 2384 tactus
395 2354 613 2394 praetulerim,
626 2355 705 2394 quia
719 2356 822 2386 etiam

85 2396 126 2426 de
150 2397 322 2429 arboribus
349 2405 384 2428 et
409 2398 578 2437 segetibus
606 2407 727 2429 sermo.
756 2399 822 2430 vid.

81 2443 222 2472 tractus.

130 2483 260 2524 Tagaae,
276 2484 343 2522 fur,
365 2486 405 2515 ab
436 2485 576 2524 antiquo
598 2489 724 2524 tegere.
748 2487 820 2518 Att.

82 2527 126 2557 vi.
143 2530 173 2558 3.
198 2534 249 2559 est
265 2529 355 2558 enim
375 2529 468 2565 levis,
484 2528 691 2566 libidinosus,
704 2534 819 2570 tagax.

81 2569 170 2601 hanc
191 2581 306 2602 vocem
333 2572 424 2603 dedit
440 2582 457 2602 e
475 2572 555 2602 Cod.
574 2572 643 2603 MS.
661 2573 819 2610 cujacius

80 2613 230 2646 demum.
254 2614 371 2656 ltaque
402 2625 468 2646 non
495 2620 547 2647 est
576 2617 611 2646 in
640 2616 820 2648 Nizoliano

77 2656 248 2688 thesauro.

126 2699 278 2739 Talaria,
295 2702 398 2734 calcei
414 2703 508 2741 alati,
526 2704 581 2743 qui
599 2703 767 2734 Mercurio
784 2708 819 2734 et

78 2743 254 2782 Minervae,
270 2745 407 2778 Nat.·D.
426 2748 472 2778 iii.
487 2749 540 2778 23.
551 2747 762 2784 tribuuntur,
777 2747 820 2778 ad

75 2787 331 2826 significandam
345 2789 563 2821 celeritatem.
576 2790 654 2821 hinc
667 2790 737 2821 Att.
752 2792 817 2822 xiv.

76 2831 130 2861 21.
155 2833 281 2862 talaria
297 2832 488 2864 videamus:
514 2834 547 2864 h.
578 2845 607 2864 e.
635 2834 818 2874 fugiamus.

75 2872 159 2906 Hoec
181 2874 335 2916 intellige
363 2885 417 2918 ap.
451 2877 547 2910 Ovid.
572 2877 659 2911 Met.
683 2889 714 2909 x.
740 2881 817 2915 591.

1556 76 1637 115 451

904 173 959 203 ubi
978 173 1064 203 male
1091 173 1134 203 N.
1160 173 1319 204 Heinsius
1344 176 1471 204 vestem
1493 173 1636 205 talarem

905 216 1074 255 intelligit.

948 260 1093 295 Talarc's,
1124 259 1165 288 ad
1191 260 1276 291 talos
1307 260 1508 301 dependens.
1533 259 1634 291 Catil.

900 302 934 332 ii.
956 306 1002 333 ΙΟ.
1026 302 1101 332 coll.
1124 301 1216 333 Vei-r.
1235 313 1262 332 v.
1284 307 1331 334 13.
1354 305 1479 334 tunicae
1496 306 1633 342 talares,

898 352 979 376 sunt
995 345 1147 376 mollium
1167 345 1350 376 hominum.
1369 347 1492 378 v.Gell.
1509 349 1561 378 vii.
1584 349 1631 378 12.

898 394 933 420 et
954 389 1092 420 Salmas.
1119 389 1161 420 ad
1185 389 1272 420 Hist.
1292 390 1375 429 Aug.
1393 394 1418 421 t.
1444 392 1477 421 ii.
1502 401 1535 432 p.
1555 392 1630 422 556.

897 443 945 473 sq.

945 477 1114 508 Talarius.
1149 475 1221 507 Att.
1257 476 1278 506 i.
1313 477 1361 507 16.
1395 477 1449 507 ubi
1478 478 1542 508 vid.
1568 479 1632 509 Ca·

896 521 988 551 saub.
1010 521 1075 551 Off.
1091 520 1113 550 i.
1129 521 1184 551 42.
1200 519 1305 560 epith.
1324 519 1406 558 ludi,
1421 521 1454 550 in
1472 531 1538 560 quo
1553 523 1630 553 talin

898 568 1050 595 utuntur.

939 608 1051 638 Talus.
1081 607 1138 638 Gr.
1171 607 1358 649 ἄςςιίγαλος,
1384 606 1564 638 ossiculum
1593 608 1629 638 in

893 652 1073 690 suffragine
1091 651 1214 691 pedum
1243 652 1464 691 posteriorum
1491 652 1526 681 in
1557 652 1630 681 ani·

894 695 1036 725 malibus
1053 694 1248 734 quibusdam
1267 694 1414 732 bisulcis,
1430 705 1470 724 ex
1486 704 1552 734 quo
1578 694 1630 724 lu-

891 737 924 767 di
948 739 1213 768 instrumentum
1240 738 1292 775 fit,
1309 738 1397 768 unde
1413 747 1537 769 nomen
1563 738 1626 768 du-

890 782 950 812 xit.
967 782 1024 812 sed
1037 783 1199 812 beatiores
1217 792 1257 812 ex
1273 783 1384 820 ebore,
1398 791 1491 820 aure,
1508 791 1629 821 argen-

892 829 926 854 to
956 825 1135 856 habebant.
1158 825 1254 856 Ovid.
1279 825 1319 856 A.
1341 826 1380 856 A.
1405 825 1439 856 ii.
1456 827 1532 857 20³.
1548 827 1625 856 205.

891 867 1050 899 Ceterum
1080 869 1230 899 tironum
1259 879 1358 899 causa
1386 869 1440 899 hic
1471 869 1627 908 breviter,

889 921 963 950 quae
980 913 1020 943 de
1035 912 1112 942 talis
1137 913 1221 942 scire
1248 922 1330 952 opus
1351 919 1415 950 est,
1431 912 1626 944 referemus.

891 955 965 986 Tali
979 955 1138 986 differunt
1153 965 1173 986 a
1187 957 1333 994 tesseris,
1350 965 1424 995 quae
1447 966 1505 988 sex
1522 956 1629 988 latera

887 998 1025 1038 habent,
1051 1009 1129 1030 cum
1162 1000 1196 1030 in
1219 999 1296 1030 talis
1320 1000 1389 1030 sint
1414 1005 1571 1039 quatuor,
1590 1005 1628 1031 et

886 1043 1021 1082 quidem
1053 1044 1087 1073 in
1121 1043 1381 1082 longitudinem,
1417 1043 1623 1082 reliquorum

887 1086 1031 1117 duorum
1059 1087 1094 1116 in
1117 1086 1330 1117 latitudinem
1361 1087 1506 1117 laterum
1537 1088 1623 1118 ratio

886 1130 981 1160 nulla
997 1130 1142 1161 ducitur.
1156 1131 1325 1160 Punctum
1339 1136 1389 1160 est
1406 1132 1439 1160 in
1457 1140 1524 1161 uno
1540 1130 1625 1161 late-

885 1183 919 1203 re
936 1183 1058 1204 unum:
1085 1174 1173 1204 latus
1194 1175 1384 1214 oppositum
1408 1183 1464 1204 sex
1496 1179 1622 1214 puncta

884 1216 996 1255 habet,
1014 1217 1102 1248 unde
1114 1217 1207 1248 senio
1219 1218 1354 1255 dicitur,
1371 1217 1500 1257 reliqua
1514 1217 1622 1249 latera

882 1261 990 1292 tribus
1007 1265 1042 1292 et
1058 1269 1203 1301 quatuor
1219 1262 1352 1302 punctis
1363 1267 1536 1292 notantur.
1553 1262 1624 1293 Lu-

882 1305 976 1335 ditur
1000 1305 1076 1336 talis
1107 1312 1252 1345 quatuor
1273 1306 1350 1336 Div.
1373 1306 1394 1335 i.
1417 1308 1465 1336 13.
1487 1307 1621 1337 tesseris

882 1354 995 1378 autem
1011 1349 1128 1380 tribus.
1173 1348 1424 1380 Concutiuntur
1436 1349 1469 1379 in
1487 1349 1618 1389 fritillo,

881 1398 916 1422 ct
931 1392 1008 1422 inde
1024 1403 1083 1433 per
1098 1402 1239 1433 pyrgum
1255 1402 1315 1424 seu
1339 1393 1537 1424 turriculam
1556 1394 1621 1435 (et-

879 1436 947 1466 iam
973 1436 1121 1476 phimus,
1137 1447 1215 1467 orca
1237 1437 1374 1475 dicitur)
1402 1437 1436 1467 in
1466 1437 1619 1468 tabulam

878 1480 1067 1510 mittuntur
1081 1479 1240 1511 lusoriam
1265 1490 1291 1511 s.
1317 1479 1483 1511 talariam.
1520 1481 1620 1521 Opti-

880 1532 954 1554 mus
978 1524 1093 1562 jactus
1120 1528 1172 1554 est
1200 1524 1375 1561 Venerius,
1393 1534 1470 1554 cum
1499 1534 1617 1556 omnes

878 1567 937 1596 tali
961 1566 1050 1598 latus
1078 1567 1169 1598 aliud
1199 1568 1402 1606 ostendunt;
1438 1569 1615 1608 pessimus,

878 1620 953 1640 cum
972 1621 1087 1641 omnes
1104 1611 1207 1648 idem,
1224 1612 1280 1651 qui
1299 1611 1398 1641 Canis
1416 1611 1550 1642 dicitur.
1576 1611 1615 1644 In

876 1654 1168 1693 reliquisjactibus
1176 1664 1336 1685 numerus
1347 1660 1550 1695 punctorum
1561 1666 1618 1686 va-

876 1697 934 1728 let.
970 1699 1143 1736 Ceterum,
1171 1706 1208 1729 ut
1233 1699 1267 1730 in
1292 1699 1412 1729 nostris
1439 1698 1525 1730 ludis
1549 1704 1615 1738 est,

875 1751 940 1771 non
959 1743 1093 1772 easdem
1117 1743 1206 1782 leges
1222 1743 1380 1773 videntur
1403 1752 1520 1773 omnes
1545 1753 1615 1774 ser-

873 1795 978 1823 vasse,
1005 1786 1064 1816 sed
1089 1786 1129 1816 de
1147 1787 1268 1826 quibus
1295 1791 1497 1817 convenerat
1522 1787 1613 1818 inter

873 1828 1038 1860 ludentes.
1063 1830 1148 1860 Cum
1172 1830 1262 1860 talus
1284 1830 1417 1860 caderet
1433 1831 1467 1860 in
1495 1838 1612 1870 caput,

872 1871 934 1902 hoc
951 1878 1015 1910 est,
1037 1874 1072 1904 in
1087 1873 1189 1912 latus,
1216 1874 1305 1913 quod
1319 1878 1392 1903 erat
1408 1874 1441 1903 in
1458 1873 1612 1905 latitudi-

872 1925 962 1954 nem,
980 1921 1015 1947 et
1029 1917 1129 1947 nullis
1150 1918 1286 1957 punctis
1310 1922 1478 1954 notatum,
1494 1918 1610 1956 jactus

871 1960 1071 2000 repetendus
1085 1966 1167 1991 erat.
1185 1960 1224 1991 ln
1239 1961 1300 1991 hoc
1309 1962 1407 1998 jactu
1423 1960 1544 1991 dicitur
1558 1967 1611 1992 ta-

870 2003 921 2033 lus
939 2010 1048 2035 rectus
1070 2005 1199 2042 cadere,
1217 2010 1326 2035 rectus
1347 2004 1512 2035 assistere.
1536 2005 1609 2036 Fin.

871 2047 915 2076 xii.
932 2049 980 2078 16.
1004 2049 1060 2088 qui
1074 2049 1114 2079 de
1127 2048 1189 2079 hoc
1200 2048 1277 2079 ludo
1287 2049 1506 2088 seripserunt,
1518 2058 1610 2080 com-

869 2101 1053 2122 memorare
1070 2092 1154 2122 nihil
1174 2093 1309 2129 attinet,
1326 2101 1403 2121 cum
1427 2091 1610 2124 laudentur

868 2145 887 2164 a
903 2135 1033 2172 multis,
1052 2142 1090 2166 ut
1106 2136 1254 2166 Fabricio
1277 2135 1435 2175 Bibliogr.
1464 2136 1607 2176 Antiqu.

866 2189 898 2219 p.
916 2179 991 2210 640.
1017 2179 1138 2210 Pitisco
1155 2180 1196 2210 ad
1221 2180 1360 2209 Sueton.
1383 2179 1470 2218 Aug.
1485 2183 1538 2213 71.
1569 2184 1606 2212 et

867 2223 901 2253 in
928 2223 1038 2254 Lexic.
1060 2224 1095 2253 in
1121 2223 1221 2253 talus.
1248 2230 1384 2263 propter
1405 2223 1604 2255 brevitatem

866 2266 1151 2297 commendandus
1176 2266 1363 2298 Casaubon.
1393 2266 1434 2296 ad
1462 2266 1602 2299 Sueton.

866 2309 929 2340 loc.
954 2311 1012 2340 cit.
1035 2310 1118 2341 adde
1142 2315 1177 2341 et
1207 2311 1324 2342 Heius.
1355 2309 1396 2340 ad
1419 2310 1516 2342 Ovid.
1539 2310 1613 2353 loc,

865 2360 923 2384 cit.

910 2397 1008 2435 Tam,
1024 2407 1102 2428 cum
1125 2397 1338 2437 superlativo.
1370 2396 1456 2427 Phil.
1482 2398 1539 2429 xii.
1567 2401 1602 2430 5.

863 2442 980 2471 vestris
997 2447 1066 2472 tam
1094 2442 1295 2480 gravissimis
1317 2445 1455 2480 tamque
1481 2441 1601 2473 multis

856 2485 1005 2523 judiciis.
1024 2485 1065 2515 ad
1082 2495 1181 2524 quem
1199 2485 1309 2514 locum
1327 2484 1474 2514 Graevius
1484 2483 1601 2516 laudat

863 2538 880 2557 e
899 2527 980 2558 Coel.
1005 2531 1036 2560 2.
1061 2530 1134 2558 init.
1163 2534 1231 2559 tam
1256 2528 1412 2558 maxime.
1438 2529 1496 2558 sed
1527 2534 1598 2561 tam

863 2581 929 2601 non
954 2576 1005 2602 est
1022 2573 1055 2602 in
1083 2572 1295 2608 Gruteriana,
1323 2571 1434 2602 necin
1450 2571 1597 2604 Graevia·

863 2624 927 2645 na:
952 2615 1102 2646 deletum
1125 2616 1246 2655 quippe
1269 2626 1289 2645 a
1303 2615 1410 2645 doctis
1431 2616 1522 2653 viris,
1538 2618 1596 2655 qui

862 2657 952 2689 hunc
977 2659 1113 2690 modum
1137 2658 1294 2697 loquendi
1319 2667 1385 2690 non
1409 2668 1597 2698 concoque-

862 2701 953 2732 bant.
993 2702 1153 2733 Defendit
1167 2708 1283 2732 tamen
1300 2701 1403 2733 Aldus
1420 2702 1595 2735 Manutius

862 2746 903 2776 ad
929 2755 1006 2776 eum
1030 2745 1154 2777 locum.
1176 2746 1310 2777 Vossius
1331 2745 1470 2785 Analog.
1493 2755 1522 2776 c.
1544 2750 1594 2782 17.

861 2789 902 2819 ad
917 2799 1016 2829 quem
1035 2789 1185 2820 Graevius
1201 2798 1260 2820 nos
1284 2789 1489 2827 amandavit,
1507 2792 1595 2821 anti-

861 2843 965 2872 quum
979 2842 1050 2864 esse
1064 2833 1201 2864 modum
1218 2832 1375 2872 loquendi
1392 2838 1482 2863 recte
1497 2833 1593 2872 dicit,

861 2886 925 2918 quo
942 2876 1164 2916 superlativus
1189 2886 1250 2918 pro
1272 2877 1415 2919 positivo
1436 2882 1596 2918 ponatur,

905 2928 927 2951 ς
946 2929 967 2961 g
990 2922 1010 2952 2
