1800 3131
117 181 198 219 236

114 286 208 315 nem,
226 279 265 307 ut
279 276 366 306 vinci
382 279 531 318 possent,
547 276 728 309 habebant.
755 278 850 309 *lar-

118 321 214 361 gitio.
245 320 310 360 Qu.
334 320 384 351 Fr.
404 322 424 351 i.
448 324 475 352 l.
493 323 524 353 2.
550 322 674 352 nullius
697 323 849 363 pecuniae

119 365 297 395 conditione
313 364 352 394 ab
365 365 560 404 integritate
577 365 707 396 deduci.
731 365 850 396 Manil.

120 410 176 440 23.
206 408 324 447 quibus
346 409 583 446 conditionibus,
601 410 720 449 quibus
737 409 851 446 jactu-

120 452 165 482 ris
187 451 339 482 homines
361 452 396 482 in
428 453 611 492 provincias
635 453 849 493 proficiscan-

119 499 188 525 tur.
234 494 288 525 lta
309 495 438 526 scilieet
459 497 571 536 capio:
605 506 684 526 nam
715 496 849 526 conditio

120 539 259 579 ponitur
281 548 339 578 pro
362 549 414 577 eo,
432 540 519 578 quod
541 545 591 570 est
612 541 647 570 in
663 539 849 570 conditione.

118 582 152 613 «J.
171 582 222 612 Fr.
245 582 429 612 Gronovius
453 589 564 613 autem
589 583 628 613 de
653 584 738 613 Sest.
759 583 800 612 iv.
817 584 848 613 4.

120 628 205 655 extr.
222 626 404 665 pactiones,
423 627 632 657 cautionibus
656 630 691 656 et
714 635 850 666 syngra—

119 668 195 709 phis
220 669 338 707 factas,
363 671 623 710 interpretatur:
657 668 714 699 sed
738 668 847 699 addit:

121 713 285 753 promissa
307 714 450 753 pecunia
471 713 524 743 vel
548 715 665 752 gratia.
697 711 850 742 *Similis

118 765 201 787 vusus
225 756 322 795 hujus
346 757 434 786 vocis
457 761 521 793 est,
537 766 612 786 cum
637 755 776 795 ponitur
791 765 849 795 pro

121 800 261 840 nuptiis,
279 801 358 838 quia
372 800 459 829 fiunt
475 800 535 830 sub
551 800 727 830 conditione
743 799 848 829 dotis:

119 853 148 873 s.
173 853 231 883 pro
254 843 391 879 femina,
411 852 511 881 quam
533 853 672 873 uxorein
697 843 850 873 ducimus

119 887 206 917 dotis
221 887 349 916 ratione
362 886 489 924 habita,
502 887 576 916 eine
589 886 749 926 Mariage.
766 886 848 917 Lael.

125 933 174 960 10.
206 930 323 959 uxoria
336 930 480 960 conditio.
511 930 596 960 Phil.
614 931 649 961 ii.
664 933 716 961 38.
743 930 848 960 filiam

121 974 207 1011 ejus,
224 983 368 1003 sororem
384 978 492 1011 tuam,
510 974 650 1013 ejecisti,
666 973 731 1003 alia
745 974 851 1003 condi-

120 1018 204 1046 tione
221 1017 373 1055 quaesita,
390 1021 424 1047 et
441 1021 519 1047 ante
542 1021 728 1057 perspecta.
761 1016 802 1046 ad
819 1027 850 1056 q.

120 1060 143 1090 l.
167 1069 197 1089 v.
220 1060 353 1090 Abram.
377 1064 410 1091 et
434 1060 544 1091 Graev.
579 1063 597 1082 ²*
612 1060 701 1091 Hinc
729 1060 850 1090 deinde

118 1103 319 1143 simpliciter
337 1104 473 1142 dicitur,
490 1104 530 1134 de
551 1104 686 1134 feminis
710 1107 744 1134 et
759 1104 850 1142 viris,

120 1147 321 1185 quibuscum
352 1149 601 1185 concumbitur,
628 1149 730 1178 etiam
758 1152 851 1178 extra

120 1190 327 1229 conjugium.
348 1191 430 1222 Coel.
447 1195 495 1223 15.
518 1191 634 1222 Clodia
644 1192 768 1222 dicitur
779 1201 852 1222 con-

119 1234 253 1264 ditiones
269 1234 391 1274 legere,
404 1236 437 1265 h.
451 1246 479 1265 c.
495 1235 738 1272 adolescentes,
751 1234 850 1272 viros,

120 1278 320 1316 quibuscum
345 1280 454 1309 cubet.
486 1280 542 1309 ubi
565 1280 629 1310 vid.
654 1279 787 1309 Abram.
809 1279 850 1308 cf.

120 1321 223 1351 Gron.
248 1322 326 1353 Obs.
351 1324 373 1352 i.
397 1323 427 1353 6.
458 1327 493 1353 et
514 1323 620 1353 Graev.
644 1323 686 1353 ad
712 1323 851 1353 Sueton.

120 1364 208 1404 Aug.
227 1365 279 1399 69.
310 1366 397 1396 conf.
412 1367 610 1406 perspicere.
640 1369 659 1387 *Ε
673 1366 781 1396 Flacc.
802 1370 850 1396 10.

121 1412 239 1438 tamen
255 1409 288 1439 in
306 1411 481 1440 conditione
497 1414 596 1449 atque
612 1410 765 1450 exemplo
777 1419 851 1450 per-

120 1452 329 1483 timescenda
342 1454 529 1483 videantur.
556 1463 586 1484 v.
604 1457 674 1483 not.
692 1453 781 1484 Mur.
797 1456 851 1484 28.

122 1496 274 1534 iniquam
290 1497 398 1536 legem
409 1497 553 1536 judices,
566 1501 601 1527 et
611 1499 768 1527 miseram
781 1507 852 1527 con-

121 1539 276 1570 ditionem
302 1541 460 1571 instituet
486 1540 640 1581 periculis
664 1541 852 1571 hominum.

124 1582 223 1614 Catil.
248 1584 281 1613 ii.
306 1587 336 1617 7.
372 1585 583 1615 conditionem
606 1585 761 1615 miseram
785 1593 854 1614 non

123 1626 223 1656 modo
249 1627 535 1666 administrandae,
560 1627 616 1657 sed
644 1628 747 1658 etiam
776 1637 854 1658 con-

123 1671 294 1701 servandae
310 1672 391 1711 reip.
409 1676 444 1702 et
460 1672 506 1701 sic
521 1672 702 1712 saepissime
719 1672 854 1702 conditio

124 1713 259 1744 dicitur.
291 1717 310 1736 *ι
323 1715 405 1745 Rab.
422 1715 516 1745 Perd.
533 1718 563 1746 5.
592 1715 727 1746 conditio
749 1719 784 1745 et
799 1725 855 1745 ex-

123 1758 298 1797 spectatio.
330 1759 374 1788 ibi
390 1760 525 1789 conditio
543 1763 606 1797 est,
623 1769 723 1798 quam
747 1758 854 1799 philo-

124 1801 219 1840 sophi
250 1802 504 1841 possibilitatem
533 1802 658 1833 dicant.
691 1812 768 1833 cum
796 1802 856 1832 ali-

124 1845 198 1883 quis
213 1849 264 1874 cst
281 1855 319 1875 eo
336 1846 421 1884 loco,
438 1850 530 1876 statu
546 1847 606 1876 ἃς.
629 1851 669 1877 ut
685 1847 715 1876 ei
731 1845 856 1885 aliquid

125 1888 274 1918 accidere
289 1889 404 1928 possit.

174 1932 326 1963 cmzditz‘o.
357 1933 437 1964 Nat.
460 1934 503 1964 D.
528 1933 563 1963 ii.
587 1936 639 1965 58.
667 1933 857 1964 conditiones

124 1975 288 2005 ciborum.

175 2019 370 2057 Conclonare,
386 2020 523 2058 donare,
546 2020 679 2051 tradere
703 2021 739 2051 in
762 2023 856 2061 pote-

125 2067 250 2093 statem
274 2062 423 2094 alterius,
450 2064 550 2095 Dom.
574 2066 627 2096 23.
658 2074 737 2094 cum
760 2063 857 2094 alteri

125 2111 234 2136 totam
249 2107 543 2138 Achaiam—bona
557 2108 587 2138 ei
607 2108 731 2138 civium
746 2108 857 2138 condo-

125 2160 232 2180 nares.
264 2150 343 2190 Agr.
376 2151 410 2181 ii.
442 2155 492 2183 15.
523 2161 626 2191 regna
654 2152 857 2182 decemviro-

127 2204 203 2224 rum
216 2194 348 2232 ditioni,
359 2195 490 2235 judicio
506 2196 733 2236 potestatique
745 2195 856 2226 condo-

127 2242 208 2268 nata
225 2247 295 2268 esse
319 2238 404 2268 dico.
435 2239 514 2269 ibid.
531 2240 561 2269 6.
591 2239 764 2269 condonari
787 2249 858 2269 cer-

126 2282 170 2311 tis
187 2281 377 2312 hominibus
396 2283 519 2312 omnia.
550 2282 634 2312 Phil.
649 2283 684 2312 ii.
701 2285 754 2316 27.
785 2292 858 2313 eon-

125 2326 333 2356 donabcmtur
369 2326 540 2365 apothecae
574 2325 766 2356 horninibus
799 2336 857 2355 ne-

127 2370 306 2408 quissimis.
331 2369 416 2399 Phil.
434 2380 464 2400 v.
481 2373 512 2400 3.
538 2370 663 2409 agitur,
675 2372 792 2400 utrum
808 2370 857 2400 M.

127 2413 276 2442 Antonio
300 2413 442 2443 facultas
465 2413 765 2453 detur—agrorum
788 2413 856 2443 suis

130 2455 315 2487 latronibus
338 2457 548 2487 condonandi.
577 2457 619 2487 ad
641 2467 672 2495 q.
695 2455 718 2488 1.
745 2456 859 2487 Ferra-

127 2500 196 2529 rius
223 2500 348 2530 idoneis
374 2501 630 2531 auctoritatibus
660 2500 723 2530 hoc
753 2509 859 2539 genus

128 2542 301 2582 loquendi:
327 2554 483 2583 agrorum
500 2544 699 2574 condonandi
712 2553 771 2584 pro
787 2554 858 2574 con—

129 2587 353 2617 dommdmum
370 2587 532 2618 defendit.
555 2587 597 2618 cf.
610 2587 717 2618 Drak.
729 2586 771 2617 ad
786 2586 859 2617 Liv.

129 2640 204 2660 xxv.
221 2632 272 2660 23.
304 2633 323 2651 ‘⁴‘
337 2631 427 2661 Hinc
450 2631 587 2661 ducitur
609 2631 744 2670 elegans
760 2631 858 2668 ratio,

130 2683 209 2704 cum
234 2675 411 2704 condonare
436 2674 560 2705 dicitur
586 2685 616 2705 v.
639 2685 667 2704 c.
693 2684 754 2714 pro
781 2684 860 2704 con·

129 2717 301 2755 demnare,
321 2718 369 2748 ita
391 2719 440 2748 uti
466 2718 598 2756 dedere,
624 2728 662 2748 ac
684 2728 744 2758 pro
767 2718 859 2748 omni

129 2761 275 2797 actione,
293 2771 358 2799 qua
374 2762 446 2800 quis
459 2761 574 2798 homo,
591 2766 651 2792 aut
666 2771 717 2792 res
735 2761 859 2801 aliqua,

130 2805 165 2834 in
197 2808 400 2844 potestatem
430 2804 568 2835 alterius
599 2806 702 2836 venit.
749 2804 859 2844 Hujus

130 2848 261 2887 generis
275 2847 428 2887 exempla
444 2848 514 2878 haec
534 2852 632 2878 sunt:
656 2849 750 2878 Verr.
768 2849 789 2878 i.
806 2851 860 2879 41.

129 2892 308 2921 condonare
331 2891 430 2921 alicui
454 2891 689 2930 hereditatem,
710 2892 750 2922 de
777 2901 860 2932 prae-

129 2940 215 2970 tore,
240 2936 296 2973 qui
327 2935 425 2964 alicui
457 2934 678 2967 hereditatem
710 2935 862 2966 decernit

130 2982 252 3020 praeter
271 2979 337 3020 jus.
368 2977 448 3010 Coel.
469 2981 523 3011 32.
547 2988 590 3010 ne
612 2979 789 3019 patiamini
812 2979 862 3011 M.

622 189 768 219 INDEX
788 187 1086 220 LATINITATIS.

891 278 1034 309 Coelium
1058 277 1187 308 libidini
1211 275 1364 308 muliebri
1388 277 1620 309 condonatum.-

891 323 912 352 i.
927 332 956 352 c.
974 323 1170 353 damnatum
1188 322 1221 352 in
1244 320 1394 351 mulieris
1411 322 1562 361 gratiam.
1578 321 1622 353 fr.

891 375 949 406 pro
978 367 1119 396 Scauro:
1151 370 1190 395 ut
1213 365 1260 395 M.
1285 364 1620 396 AEmilius—vanissi-

891 418 954 439 mae
979 410 1084 449 genti,
1101 413 1135 439 et
1158 419 1259 449 prope
1283 408 1406 446 dicam,
1422 408 1545 448 pellitis
1567 413 1621 439 te-

891 453 1011 490 stibus,
1026 453 1230 483 condonetur.
1255 463 1285 481 v.
1303 451 1405 481 Gron.
1421 451 1559 482 Sestert.
1575 452 1620 482 iv.

890 499 921 530 9.
953 500 1037 526 extr.
1067 495 1159 526 *Sed
1175 496 1277 525 etiam
1294 496 1328 525 in
1351 496 1472 525 bonam
1490 499 1620 536 partem

891 538 1026 576 dicitur,
1044 549 1104 579 pro
1121 539 1298 569 absolvere.
1323 538 1457 569 Cluent.
1471 543 1524 573 39.
1553 547 1621 568 non

891 582 950 612 sibi
969 592 1006 612 ac
1021 582 1204 613 defensioni
1229 592 1297 613 suae
1319 583 1533 613 condonatum
1548 591 1621 612 esse

891 625 1127 665 Oppianicum.
1156 626 1366 657 *condonare
1393 626 1537 666 aliquem
1562 624 1623 655 ali-

891 669 945 699 cui
969 669 1150 708 eleganter,
1171 673 1223 699 est
1244 679 1304 709 pro
1327 671 1496 709 ignoscere
1521 668 1620 699 alicui

892 712 926 742 in
951 712 1087 742 alterius
1111 713 1268 752 gratiam,
1290 714 1340 743 uti
1365 713 1559 750 concedere,
1579 712 1620 742 de

892 766 956 794 quo
987 765 1097 796 supra.
1130 756 1240 794 Ligar.
1277 758 1325 787 12.
1353 757 1531 787 condonare
1562 756 1623 786 ali-

892 809 992 838 quem
1016 799 1154 840 reipubl.
1183 800 1221 829 it.
1239 799 1324 830 Phil.
1340 810 1370 829 v.
1398 802 1447 830 18.
1479 800 1623 830 inimici-

890 843 954 873 tias
978 844 1059 883 rcip.
1084 844 1274 879 condonare,
1296 853 1356 882 pro
1378 843 1534 874 omittere
1557 843 1621 873 ini-

892 887 1048 924 micitias,
1067 887 1145 926 quia
1160 886 1248 917 salus
1267 887 1348 926 reip.
1365 886 1414 916 ita
1430 886 1588 926 postulat.

939 929 1139 961 Condonalc'o.
1177 931 1251 960 Act.
1283 930 1304 959 i.
1336 930 1368 959 in
1399 930 1492 960 Verr.
1523 932 1555 961 4.
1585 930 1622 960 in

885 974 962 1013 jure
979 974 1122 1004 dicundo
1134 975 1297 1004 bonorum
1310 973 1622 1013 possessionumque

892 1021 1009 1052 contra
1042 1018 1194 1047 omnium
1225 1017 1382 1047 instituta
1413 1017 1558 1048 addictio
1586 1020 1624 1047 et

891 1061 1084 1091 condonatio.
1102 1071 1131 1091 v.
1148 1062 1335 1091 condonare.

941 1104 1132 1142 Condat-ere,
1156 1114 1216 1144 pro
1245 1104 1419 1141 redimere,
1442 1105 1625 1145 opponitur

892 1147 1013 1178 locare.
1043 1149 1119 1178 Div.
1144 1148 1178 1178 ii.
1202 1150 1256 1179 21.
1285 1148 1341 1187 qui
1366 1147 1556 1178 columnam
1581 1148 1622 1179 de

894 1191 995 1222 Cotta
1022 1196 1058 1222 et
1081 1191 1252 1230 Torquato
1275 1191 1475 1222 conflua-erat
1497 1191 1622 1222 facien-

892 1235 980 1265 dam.
1026 1236 1080 1265 Sic
1107 1234 1195 1275 apud
1226 1234 1403 1265 Phaedrum
1435 1235 1622 1266 Simonides

893 1288 1029 1309 carmen
1051 1279 1250 1316 condum'sse,
1274 1282 1365 1308 certa
1387 1279 1552 1318 mercede,
1571 1279 1622 1310 di-

894 1323 992 1353 citur.

943 1367 1121 1397 conductio.
1151 1365 1226 1396 Act.
1243 1366 1264 1395 i.
1283 1365 1317 1395 in
1332 1364 1428 1395 Verr.
1444 1365 1475 1395 6.
1505 1365 1623 1395 condu-

893 1411 953 1440 ctio
976 1410 1173 1440 renunciata
1192 1413 1254 1439 est.
1284 1412 1363 1439 ante
1381 1409 1469 1439 dicta
1491 1412 1543 1439 est
1566 1419 1623 1450 pa-

895 1454 961 1484 ctio
984 1458 1020 1483 et
1044 1453 1201 1483 conditio.
1233 1452 1335 1482 *lnw
1360 1452 1382 1482 i.
1397 1455 1428 1482 4.
1458 1453 1623 1483 conductio

894 1501 944 1527 est
960 1507 1037 1528 cum
1054 1497 1236 1536 propositio
1251 1499 1285 1526 et
1308 1495 1470 1526 assumtio
1492 1497 1528 1526 in
1544 1506 1624 1526 con·

894 1540 1042 1571 elusione
1059 1541 1321 1579 conjunguntur.

944 1584 1131 1622 conductor,
1155 1583 1333 1614 redemtor.
1372 1582 1415 1613 ad
1436 1583 1476 1623 Ω.
1500 1582 1552 1613 Fr.
1576 1583 1624 1614 iii.

898 1631 925 1658 1.
945 1629 975 1659 2.

944 1670 1131 1712 Confatalz's.
1156 1670 1227 1701 Fat.
1247 1674 1296 1701 13.

943 1715 1111 1755 Confectis).
1142 1714 1248 1745 Flacc.
1264 1719 1295 1749 9.
1324 1712 1474 1754 confectio
1489 1713 1623 1751 tributi,

895 1760 1037 1790 exactio.
1069 1759 1146 1790 Div.
1164 1759 1186 1788 i.
1203 1761 1254 1790 51.
1285 1757 1438 1798 confectio
1458 1756 1624 1794 materiae,

896 1806 948 1833 est
970 1811 1049 1833 usus
1074 1802 1224 1832 materiae
1248 1801 1288 1832 ad
1315 1811 1366 1831 res
1391 1810 1430 1831 ex
1457 1810 1497 1830 ea
1521 1800 1625 1830 eonfi-

897 1846 1042 1877 ciendas.
1073 1846 1190 1876 Partit.
1210 1849 1241 1879 7.
1269 1843 1419 1885 confectio
1442 1843 1623 1874 memoriae.

898 1891 920 1921 i.
937 1900 966 1920 e.
981 1899 1064 1930 opus
1081 1889 1261 1920 memoriae.

947 1933 1111 1974 Corgs'eclor
1135 1932 1214 1964 belli
1238 1932 1277 1962 ad
1300 1932 1378 1963 Div.
1400 1942 1432 1961 x.
1455 1932 1508 1964 20.
1536 1929 1624 1970 *qui

898 1977 1019 2018 perdit,
1035 1977 1192 2007 absumit.
1222 1976 1265 2006 N.
1282 1976 1325 2006 D.
1343 1976 1376 2006 ii.
1397 1977 1445 2005 15.
1470 1975 1557 2014 ignis
1573 1978 1626 2004 est

897 2020 1055 2061 confector
1071 2025 1106 2050 et
1121 2023 1314 2060 consumtor
1331 2019 1495 2049 omnium.

947 2063 1112 2104 Conferre,
1125 2064 1165 2094 de
1179 2065 1340 2095 discente.
1362 2061 1443 2093 Lael.
1462 2065 1491 2092 1.
1514 2070 1568 2092 me
1584 2060 1627 2092 ad

897 2109 1093 2149 pontificem
1116 2107 1297 2138 Scaevolam
1316 2107 1447 2137 contuli.
1480 2104 1626 2135 *Plana

901 2155 950 2183 14.
981 2152 1195 2192 conferantur
1224 2149 1333 2181 multa
1359 2152 1395 2180 in
1426 2159 1516 2180 eum.
1545 2147 1626 2179 ibid.

899 2196 1039 2226 aliorum
1064 2196 1154 2226 dicta
1168 2197 1204 2226 in
1220 2205 1273 2225 me
1289 2192 1522 2234 conferuntur:
1545 2191 1580 2222 h.
1596 2201 1627 2222 e.

899 2239 983 2270 mihi
1005 2240 1217 2277 tribuuntur,
1235 2242 1409 2277 tamquam
1434 2247 1453 2266 a
1475 2245 1529 2266 me
1550 2245 1628 2276 pro-

898 2283 997 2314 fecta.
1028 2283 1152 2314 *Verr.
1178 2283 1225 2312 iii.
1256 2284 1304 2312 12.
1335 2279 1480 2321 conseri-e
1502 2279 1628 2320 capita,

900 2331 951 2358 est
966 2326 1157 2357 clanculum
1178 2325 1447 2356 deliberantium.
1475 2323 1494 2343 ⁵*
1506 2323 1564 2353 Or.
1580 2323 1628 2353 iii.

901 2371 952 2401 61.
976 2370 1121 2411 conferre
1136 2379 1270 2400 causam
1287 2369 1323 2399 in
1336 2372 1484 2408 tempus,
1496 2366 1531 2398 h.
1547 2375 1576 2396 e.
1593 2366 1628 2396 iu

900 2424 1001 2445 causa
1016 2414 1156 2445 dicenda
1170 2423 1204 2444 se
1221 2412 1472 2443 accommodare
1487 2409 1530 2440 ad
1539 2413 1628 2439 tem-

900 2459 989 2498 poris
1004 2458 1162 2488 rationes.
1190 2456 1315 2487 *Verr.
1330 2466 1361 2486 v.
1379 2458 1431 2487 30.
1464 2452 1630 2494 supplicia

899 2502 986 2532 ——ad
1001 2505 1099 2532 tuum
1116 2510 1183 2531 non
1199 2501 1241 2531 ad
1254 2499 1370 2541 populi
1384 2497 1528 2529 Romani
1541 2501 1630 2527 tem-

900 2555 962 2585 pus
974 2544 1138 2584 conferes?
1161 2545 1194 2575 h.
1206 2555 1235 2574 e.
1247 2553 1358 2574 sumes
1373 2542 1436 2572 tibi
1451 2539 1628 2582 supplicia,

902 2599 980 2619 cum
1003 2589 1066 2619 tibi
1091 2588 1267 2629 placuerit,
1293 2596 1361 2616 non
1390 2595 1467 2615 cum
1498 2583 1630 2614 utilitas

902 2633 983 2672 reip.
1013 2631 1173 2673 postulat.
1201 2630 1346 2660 *Plana
1380 2632 1427 2663 19.
1457 2637 1524 2658 non
1554 2636 1630 2667 pos-

902 2686 976 2705 sum
1003 2677 1110 2715 magis
1133 2675 1252 2716 pedem
1274 2671 1432 2714 conferre,
1455 2675 1495 2702 ut
1520 2671 1630 2707 aiunt,

903 2723 962 2749 aut
992 2719 1126 2759 propius
1163 2718 1328 2749 accedere.
1366 2716 1470 2755 *Lig.
1501 2717 1530 2745 l.
1559 2723 1632 2744 ora-

902 2763 1031 2793 tionem
1054 2762 1096 2793 ad
1119 2761 1378 2792 misericordiam
1402 2757 1559 2800 conferve,
1581 2760 1632 2787 est

903 2807 1068 2836 abstinere
1085 2816 1104 2836 a
1124 2805 1328 2842 defensione,
1346 2807 1381 2834 et
1403 2803 1452 2833 uti
1475 2802 1631 2841 depreea-

901 2850 1006 2888 tione,
1037 2849 1109 2880 loco
1142 2848 1354 2879 defensionis.
1395 2846 1632 2877 *convertere

903 2892 985 2924 Sull.
1005 2895 1055 2923 14.
1081 2893 1146 2923 Vos
1162 2902 1214 2922 me
1233 2892 1273 2922 ab
1289 2890 1443 2921 omnibus
1459 2888 1632 2928 cogitatio-

904 2937 1002 2967 nibus
1032 2936 1073 2966 ad
1103 2935 1245 2966 salutem
1275 2933 1414 2974 reipubl.
1443 2932 1630 2963 emztulistz's.

903 2980 969 3011 Sed
997 2979 1146 3011 Graevius
1184 2979 1364 3019 legendum
1402 2976 1558 3007 censebat
1589 2984 1631 3005 ex
