1790 3219
607 96 751 125 11*an
782 95 1078 125 LA'rfflerm.

85 185 211 226 republ.
227 185 386 227 preclara
407 189 507 225 atque
522 184 656 224 egregia
669 185 789 214 sentire
800 195 810 212 :

85 228 119 260 h.
143 239 172 259 e.
190 231 387 269 optimatem
416 239 498 260 esse.
520 228 578 258 Or.
596 227 641 257 iii.
662 227 711 257 16.
744 236 815 256 sen-

85 274 149 303 rire
164 275 344 313 sapienter.
378 272 397 290 ⁸
412 272 616 303 sententiam
634 270 756 300 dicere.
773 269 815 300 ad

85 315 163 347 Div.
188 318 230 347 xi.
247 318 300 347 91.
324 315 380 346 sed
396 321 512 346 tamen
530 324 606 344 cum
624 323 687 353 ego
702 315 815 344 sensis-

84 369 163 397 aem,
181 360 221 390 de
239 361 291 396 iis,
306 359 362 398 qui
389 359 553 388 exercitus
580 357 718 394 habent,
744 366 815 387 sen-

84 405 206 434 tentius
234 403 310 433 ferri
337 407 512 441 oportere:
537 400 639 431 iidem
668 400 729 438 illi,
757 401 814 440 qui

87 446 214 483 solent,
247 444 483 476 reclamarunt.
518 444 712 482 (iudicare.
757 444 814 474 Or.

85 490 132 520 iii.
143 494 175 525 9.
199 488 392 520 difficillime
409 489 548 527 quisque
565 487 604 517 de
620 498 655 518 se
670 488 785 518 sentit.

127 532 292 574 Sepamre
305 532 347 562 ab
364 531 414 561 his
431 531 464 561 id
482 531 570 571 quod
588 541 663 561 reus
681 531 814 561 inserat.

83 577 141 607 Or.
158 577 204 606 iii.
220 577 272 607 32.
296 576 318 613 i.
335 585 364 605 e.
378 574 538 605 dissimile
567 585 637 605 esse
660 575 815 605 ostende-

83 629 129 650 re.

126 662 317 703 Separaeim
347 663 496 702 proprie.
525 661 626 692 Tuse.
657 672 688 692 v.
715 665 746 696 7.
774 661 814 691 de

81 715 215 736 summo
230 706 317 736 bono
332 708 512 745 repar-afim
539 705 614 735 libri
629 710 720 735 sunt.
748 706 768 735 i.
785 716 813 735 e.

81 750 214 790 proprie
226 749 343 789 scripti
366 749 406 778 (le
424 759 557 779 summo
574 749 671 779 bono.
685 748 763 778 ibid.
782 759 813 778 c.

85 795 112 823 1.
129 794 308 834 separatim
332 793 400 822 suis
428 792 609 831 angoribus
638 792 812 832 implicati.

81 836 102 855 ⁸
116 846 176 877 pro
193 836 380 876 generatim
397 848 404 865 ι
429 836 536 866 nostri
563 835 683 865 dicunt
707 835 814 875 philo·

81 879 190 920 sophi,
207 880 242 910 in
259 879 438 910 abstracto.
463 879 520 909 Or.
538 880 571 908 ii.
596 880 649 913 537.
673 880 814 919 opponi-

81 927 139 954 tur
163 923 313 953 definite.
340 923 368 953 si
390 927 504 952 tamen
533 922 633 952 lectio
655 932 736 953 sana
751 926 812 953 est.

80 967 207 998 ‘nom
218 968 270 998 52.
283 965 428 999 salutem
442 966 622 1006 accepisse,
635 969 813 1005 separatim

81 1010 198 1047 semel,
225 1010 348 1040 iterum
366 1019 444 1040 cum
461 1010 635 1040 universis.
660 1010 740 1040 Nat.
767 1010 810 1040 D.

81 1054 117 1084 ii.
145 1054 199 1084 66.
222 1054 401 1094 separatim
438 1053 478 1083 ab
505 1054 668 1084 universis
699 1054 813 1094 singu-

124 1140 298 1181 Separatio
321 1150 341 1171 a
367 1140 576 1171 definitione.
600 1140 672 1171 lnv.
696 1141 731 1171 ii.
763 1143 812 1172 18.

80 1193 157 1215 cum
181 1184 467 1221 demonstramus,
485 1184 717 1215 definitionem
745 1194 811 1215 non

83 1227 202 1258 cadere
219 1228 253 1257 in
271 1237 354 1264 reni,
367 1229 397 1257 ei
414 1237 481 1257 non
505 1228 693 1258 convenire.
718 1228 737 1246 *
752 1238 812 1269 pro

87 1271 249 1302 divisione
261 1271 319 1301 Or.
337 1271 384 1301 iii.
401 1274 454 1302 33.
471 1281 520 1311 pr.

126 1315 324 1355 Separatus.
351 1313 422 1344 Inv.
450 1315 472 1344 i.
500 1317 548 1346 18.
575 1314 748 1345 exordium
763 1325 812 1346 se-

74 1363 240 1399 paratum
267 1363 331 1395 est,
357 1357 447 1397 quod
475 1368 542 1388 non
570 1369 610 1388 ex
626 1359 698 1399 ipsa
713 1369 813 1390 causa

81 1402 221 1433 ductum
250 1406 311 1432 est.
337 1402 397 1432 διο.
426 1401 506 1432 ibid.
535 1402 589 1432 36.
621 1407 812 1443 separatura

81 1446 241 1486 quiddam
257 1451 308 1475 est
323 1450 420 1475 extra
435 1446 676 1476 assumtionem
693 1456 812 1487 appro-

80 1489 182 1521 batio.
195 1489 235 1529 Ω.
247 1488 299 1519 Fr.
309 1489 331 1519 i.
345 1491 372 1518 1.
382 1499 411 1518 c.
425 1491 473 1519 l5.
497 1489 524 1519 si
538 1489 619 1519 mihi
632 1490 811 1529 quicquam

81 1540 169 1564 esset
185 1532 241 1563 abs
257 1537 292 1562 te
307 1536 497 1572 separatum
509 1545 518 1562 .·
531 1532 564 1562 h.
576 1542 606 1564 e.
624 1534 810 1573 proprium,

81 1577 145 1607 uisi
180 1585 257 1606 mea
280 1581 354 1613 tua,
381 1580 416 1606 et
445 1583 505 1606 tua
540 1586 615 1606 mea
645 1582 812 1616 putarem.

78 1619 184 1651 fluv.
211 1620 246 1650 ii.
271 1623 324 1650 51.
347 1621 533 1660 separatius
551 1620 594 1650 ad
622 1620 725 1650 finem
754 1620 812 1651 ad-

76 1663 280 1704 jungentur.
299 1664 321 1693 i.
339 1673 369 1693 e.
387 1664 493 1704 magis
505 1663 648 1704 proprie.

126 1706 281 1748 Sepelire.
306 1706 387 1746 Leg.
413 1708 446 1737 ii.
473 1709 527 1738 23.
553 1707 587 1737 in
610 1706 693 1737 urbe
708 1716 750 1737 ne
765 1717 812 1738 se-

75 1752 189 1792 pelito,
213 1760 295 1780 neve
312 1750 535 1789 uritoe-quod
561 1756 677 1781 autem
705 1751 811 1789 addit,

81 1803 165 1825 neve
192 1794 295 1831 urito,
324 1794 466 1832 indicat,
491 1803 572 1831 non,
599 1794 655 1833 qui
679 1802 810 1834 uratur,

82 1838 225 1878 nepeliri,
240 1837 313 1870 sed.
323 1838 381 1877 qui
407 1837 579 1868 humetur.
605 1837 669 1868 Sed
684 1843 724 1869 ut
751 1840 812 1869 hu-

81 1891 188 1918 mare,
223 1882 269 1921 (v.
301 1879 489 1920 humatus,)
523 1881 572 1911 ita
604 1883 738 1922 sepelire
770 1882 813 1913 ad

83 1925 366 1962 combustionem,
392 1931 427 1955 et
451 1924 674 1964 quodcunque
705 1935 812 1965 genus

83 1968 260 1999 amovendi
277 1969 417 2006 mortui,
433 1968 641 1999 traductum.
688 1969 810 2010 Cuper.

81 2012 160 2043 Obs.
178 2012 200 2042 i.
217 2015 250 2046 7.
274 2012 294 2030 ³
309 2012 448 2052 tropice.
480 2010 580 2044 Tusc.
597 2013 630 2043 ii.
652 2014 700 2044 13.
724 2019 810 2044 extr.

82 2060 142 2086 aut
167 2055 355 2086 amittenda
380 2055 557 2094 fortitudo,
580 2060 639 2086 aut
658 2058 811 2096 sepelien-

79 2099 142 2130 dus
151 2098 256 2130 dolor.

127 2143 240 2183 Sepia,
261 2142 360 2183 piscis
383 2147 455 2173 atro
472 2143 646 2182 sanguine.
669 2144 751 2175 Nat.
765 2145 809 2176 D.

64 2186 115 2217 -ii.
133 2189 185 2218 50.
208 2187 392 2217 atramenti
413 2186 574 2217 effusione
599 2188 694 2226 sepioe
706 2197 741 2218 se
757 2193 810 2218 tu-

77 2233 209 2261 tantur.

127 2273 364 2314 Sepimmtum.
389 2273 471 2314 Leg.
489 2274 509 2303 i.
536 2275 587 2304 24.
613 2278 712 2314 atque
737 2274 810 2306 haec

81 2319 194 2348 omnia
211 2318 304 2357 quasi
327 2319 500 2357 sepimenta
515 2318 658 2357 quodam
674 2318 811 2350 vallabit

82 2361 265 2392 disserendi
282 2362 433 2391 scientia.
634 2370 637 2375 ’

126 2403 249 2445 Sepire.
273 2404 332 2435 Or.
351 2405 371 2434 i.
384 2407 438 2436 31.
460 2406 562 2445 sepire
577 2407 749 2437 memoria.
765 2407 810 2437 ib.

83 2449 118 2479 ii.
131 2451 184 2480 34.
208 2449 414 2488 cogitatione
429 2450 542 2488 sepire.

130 2491 302 2533 Sepositus.
326 2492 384 2523 Or.
402 2492 448 2522 iii.
471 2494 525 2524 22.
548 2498 683 2534 tempus
698 2495 810 2534 seposi-

85 2540 157 2566 tum
174 2535 216 2566 ad
232 2535 440 2566 discendum.

128 2578 325 2619 Septemvir,
341 2580 558 2618 magistratus
583 2581 811 2612 extraordina-

85 2622 153 2652 rius
168 2623 256 2662 agris
272 2622 457 2654 dividendis
482 2623 523 2653 ab
546 2624 694 2654 Antonio
718 2635 810 2656 crea-

84 2671 151 2696 tus.
196 2667 266 2697 Att.
284 2677 336 2698 xv.
359 2670 406 2701 19.
421 2672 455 2697 et
471 2667 506 2697 in
527 2667 722 2708 Philippicis
736 2678 811 2710 pas-

82 2717 161 2739 sim.

130 2751 356 2792 Septenarius,
378 2763 492 2784 versus
508 2754 670 2785 iambicus
682 2758 811 2795 septem

85 2795 221 2836 pedum.
243 2796 343 2827 Tusc.
358 2797 380 2828 i.
395 2800 451 2829 44.

132 2838 322 2879 Septentrio.
370 2840 443 2872 Att.
472 2841 516 2871 ix.
548 2841 580 2873 6.
618 2851 659 2873 ex
690 2851 731 2872 ea
758 2841 811 2873 die

86 2881 180 2913 fuere
201 2884 428 2923 septentriones
442 2885 547 2917 venti.
563 2896 593 2917 v.
611 2885 652 2917 de
667 2884 730 2918 hac
746 2885 812 2917 for-

1503 92 1586 130 ⁴25

857 192 912 212 ma
937 182 1081 213 Gronov.
1107 184 1150 215 ad
1177 185 1247 217 Liv.
1279 187 1399 219 xxxvii.
1429 190 1478 220 12.
1509 189 1585 221 add.

860 225 1023 255 Menken.
1041 226 1120 257 Obs.
1136 228 1172 258 L.
1193 229 1228 259 1..
1246 230 1277 260 h.
1296 241 1325 262 v.

903 267 1052 308 Septum.
1077 270 1149 299 Mil.
1171 275 1217 302 15.
1233 280 1316 304 extr.
1334 273 1426 304 locus
1443 276 1475 306 in
1487 276 1585 307 Cam-

858 322 900 352 po
934 312 1070 350 Martio,
1105 314 1160 352 qui
1189 320 1221 344 et
1259 317 1352 347 Ovile
1384 318 1518 356 dicitur,
1550 321 1583 350 in

858 365 956 395 quem
975 356 1109 386 coibant
1126 357 1159 386 in
1177 360 1334 397 comitiis,
1353 363 1407 400 qui
1434 363 1584 403 suffragii

851 399 909 438 jus
935 399 1123 430 habebant:
1155 401 1243 438 quod
1272 403 1301 432 ei
1332 413 1453 435 nomen
1481 408 1584 438 etiam

858 447 933 483 post
947 443 1080 474 sublata
1097 444 1234 474 comitia
1251 446 1364 484 populi
1392 450 1526 487 mansit,
1544 455 1582 481 ut

858 496 875 516 e
893 486 1054 517 Suetonio
1071 487 1209 527 aliisque
1225 493 1341 518 notum
1360 496 1420 520 est.
1447 492 1489 522 cf.
1513 494 1584 524 Λα.

859 531 900 560 ἰν.
919 531 967 560 16.

904 574 1084 614 Sequester,
1106 579 1155 604 est
1181 575 1344 615 interpres
1361 580 1394 606 et
1411 577 1585 609 internun-

858 618 941 654 cius,
959 627 1024 657 quo
1038 617 1156 648 adrem
1171 617 1315 658 aliquam
1332 621 1582 659 transigendam

857 661 998 698 utimur,
1017 661 1104 701 apud
1128 671 1226 701 quem
1254 663 1287 693 in
1314 664 1583 704 corruptionibus

850 705 1006 743 judicum
1023 708 1083 735 aut
1099 706 1311 736 comitiorum
1327 708 1471 747 pecunia
1485 707 1586 748 depo·

858 749 960 778 nitur.
1009 747 1124 787 ltaque
1140 757 1312 788 sequester
1335 756 1385 781 est
1412 751 1446 781 in
1472 752 1585 782 convi-

857 791 928 828 ciis,
956 801 1015 831 pro
1041 796 1231 832 corruptore
1259 794 1320 824 ἅτε.
1355 793 1437 825 Coel.
1466 798 1497 829 7.
1521 795 1586 826 cri·

858 844 938 865 men
964 838 1188 875 sequestrium.
1215 837 1327 867 Plane.
1355 839 1404 868 16.
1431 839 1525 877 cujus
1545 843 1583 870 tu

856 879 963 908 tribus
1003 879 1224 918 venditorem,
1262 887 1506 921 corruptorem,
1535 892 1584 914 ee-

856 927 1014 962 questrem
1035 922 1208 954 Plancium
1233 924 1334 955 fuisse
1351 925 1515 956 clamitas.
1540 926 1583 957 cf.

855 967 932 996 Act.
957 967 977 996 i.
1005 965 1098 996 Verr.
1131 969 1180 997 12.
1207 967 1341 999 Cluent.
1371 972 1401 1000 8.
1426 969 1518 1000 verr.
1548 970 1584 1001 ii.

855 1012 908 1039 44.
933 1010 959 1040 is
976 1017 1027 1039 est
1055 1009 1092 1040 C.
1123 1010 1295 1049 Claudius,
1319 1013 1375 1052 qui
1407 1013 1440 1043 in
1471 1014 1584 1044 Sicilia.

854 1057 1016 1093 sequester
1028 1054 1136 1091 istim,
1154 1056 1331 1096 interpres,
1345 1057 1516 1087 confector
1525 1067 1583 1088 ne-

855 1097 1037 1135 gotiorum,
1078 1107 1181 1138 prope
1213 1099 1341 1138 collega
1375 1099 1583 1132 Timarchidi

855 1140 1108 1171 numerabatur.
1126 1141 1169 1171 cf.
1185 1142 1226 1171 ad
1244 1143 1320 1173 Div.
1338 1143 1405 1174 viii.
1421 1148 1451 1178 7.

899 1183 1010 1225 Sequi,
1027 1185 1194 1224 persequi,
1216 1192 1383 1226 expetere.
1406 1188 1471 1218 Off.
1488 1191 1510 1219 i.
1527 1192 1581 1220 31.

857 1236 920 1257 nec
937 1228 1116 1267 quicquam
1140 1230 1241 1269 sequi,
1257 1230 1345 1269 quod
1368 1233 1497 1271 assequi
1525 1242 1584 1263 ne-

855 1281 967 1310 queas.
1004 1271 1023 1290 *
1047 1273 1137 1312 sequi
1166 1272 1290 1312 aliquid
1321 1273 1494 1314 dicuntur,
1526 1277 1583 1315 qui

854 1313 966 1345 locum
980 1314 1118 1353 adeunt,
1136 1322 1175 1346 ut
1192 1316 1235 1346 ibi
1252 1317 1364 1356 aliqua
1376 1328 1411 1348 re
1429 1324 1584 1358 utantur,

853 1358 1022 1396 fruantur,
1039 1368 1119 1396 non,
1136 1360 1192 1398 qui
1216 1360 1355 1399 adeunt,
1372 1362 1584 1402 simpliciter,

854 1407 893 1431 ut
918 1403 1023 1432 visum
1048 1402 1223 1434 Drakenb.
1241 1404 1282 1434 ad
1299 1405 1356 1435 Sil.
1371 1405 1405 1436 ii.
1423 1407 1475 1437 36.
1499 1407 1582 1447 Leg.

855 1446 889 1475 ii.
910 1448 1135 1486 1.praesertim
1153 1447 1215 1477 hoc
1232 1449 1311 1478 anui
1328 1453 1479 1490 tempore
1495 1450 1583 1482 hanc

855 1490 1083 1520 amoenitatem
1101 1490 1165 1520 loci
1181 1501 1303 1531 sequor.
1330 1492 1406 1523 Nat.
1421 1493 1465 1524 D.
1478 1495 1512 1524 ii.
1530 1495 1584 1526 56.

853 1537 970 1563 secutoe
984 1538 1061 1563 sunt
1077 1543 1173 1564 nares
1190 1535 1396 1566 vicinitatem
1415 1539 1491 1568 oris.
1507 1538 1582 1570 add.

853 1576 926 1607 Att.
957 1587 989 1607 x.
1026 1580 1074 1608 18.
1098 1578 1243 1608 *innuit
1271 1589 1420 1618 eausam,
1444 1587 1583 1622 propter

854 1629 955 1659 quam
973 1620 1099 1660 aliquid
1114 1622 1165 1652 fit.
1190 1622 1285 1653 Rose.
1300 1623 1339 1653 A.
1361 1627 1387 1654 1.
1413 1629 1451 1655 ut
1472 1626 1583 1657 adsint

855 1667 1043 1704 propterea,
1076 1666 1164 1704 quod
1201 1667 1349 1697 officium
1387 1674 1582 1708 sequuntur.

855 1707 967 1738 Plane.
988 1711 1037 1739 15.
1062 1714 1189 1740 secutus
1199 1709 1499 1750 editiciosJudices.
1515 1714 1581 1745 Off.

856 1751 876 1780 i.
900 1754 947 1781 11.
971 1751 1068 1783 credo
1084 1752 1211 1793 aliquid
1225 1760 1345 1785 secutos
1358 1767 1368 1785 .-
1392 1755 1425 1786 h.
1442 1766 1471 1786 e.
1489 1759 1581 1797 gravi

854 1794 894 1824 de
911 1804 1011 1826 causa
1021 1796 1149 1827 fecisse.
1173 1797 1192 1815 ⁸
1206 1799 1457 1830 accommodare
1473 1809 1508 1831 se
1523 1801 1582 1832 ali-

856 1839 908 1868 cui
928 1839 988 1876 rei,
1006 1846 1158 1880 spectare
1175 1840 1312 1880 aliquid.
1335 1842 1377 1872 ad
1400 1843 1477 1874 Div.
1493 1844 1538 1876 ix.
1550 1849 1582 1877 5.

855 1882 943 1912 diem
969 1892 1098 1923 sequar.
1121 1884 1196 1915 Aet.
1212 1885 1233 1914 i.
1249 1885 1343 1916 verr.
1362 1889 1393 1920 7.
1419 1896 1486 1918 non
1515 1889 1580 1920 cri-

854 1926 960 1963 mina,
976 1935 1044 1957 non
1063 1931 1180 1964 testes,
1208 1938 1275 1959 non
1295 1930 1581 1964 existimationem

853 1979 931 2010 pop.
948 1969 1045 2001 Rom.
1061 1976 1248 2012 sequentur.
1271 1972 1291 1991 ἤ
1306 1973 1340 2004 in
1357 1977 1582 2015 computatio-

854 2013 952 2043 nibus
966 2019 1017 2044 est
1032 2025 1093 2056 pro
1118 2016 1247 2054 vulgari
1265 2026 1400 2056 ponere.
1425 2017 1517 2050 verr.
1533 2020 1582 2052 iii.

853 2059 907 2091 49.
929 2058 1018 2098 sequi
1033 2058 1226 2089 minimum.
1238 2059 1295 2090 das
1310 2060 1457 2092 kleinste
1471 2063 1584 2104 Ange-

854 2100 918 2131 ben
942 2101 1023 2138 oder
1047 2102 1260 2134 Annehmen.
1295 2104 1364 2134 *in
1382 2105 1461 2144 jure
1487 2106 1582 2139 liberi

854 2143 1014 2175 dicuntur
1029 2151 1159 2186 patrem
1176 2149 1277 2187 sequi,
1294 2157 1371 2179 cum
1385 2154 1461 2189 post
1472 2150 1582 2183 divor-

852 2188 940 2218 tium
957 2189 1047 2229 apud
1073 2199 1150 2221 eum
1169 2196 1357 2230 remanent,
1383 2198 1418 2223 et
1435 2203 1512 2225 cum
1541 2205 1580 2226 eo

852 2236 944 2262 sunt.
958 2233 1043 2274 'l'op.
1059 2236 1091 2264 4.

898 2274 1026 2314 Serere,
1040 2277 1229 2309 instituere.
1250 2277 1333 2319 Leg.
1352 2280 1373 2310 i.
1401 2281 1433 2311 6.
1455 2284 1581 2315 serendi

852 2324 933 2349 sunt
947 2329 1068 2351 mores.

897 2361 1006 2395 Series
1024 2363 1305 2405 disputationum.
1328 2367 1385 2397 Or.
1404 2368 1438 2399 ii.
1459 2370 1508 2401 16.
1529 2376 1581 2402 est

854 2405 1031 2438 dialectica
1042 2408 1128 2438 ratio
1140 2408 1322 2440 disserendi
1336 2410 1376 2441 de
1391 2412 1489 2444 rebus
1504 2414 1579 2456 phi-

852 2449 1040 2491 losophicis.
1085 2451 1150 2482 Sed
1173 2453 1356 2494 saepissime
1379 2457 1476 2487 series
1499 2457 1580 2490 dici-

852 2499 911 2524 tur
933 2495 1133 2536 simpliciter
1157 2495 1199 2526 de
1221 2497 1336 2527 ordine
1362 2508 1474 2531 rerum
1492 2503 1580 2541 ejus-

853 2539 957 2576 modi,
974 2549 1050 2570 cum
1068 2538 1175 2570 altera
1185 2539 1280 2571 alteri
1298 2547 1378 2582 apta
1392 2547 1426 2573 et
1443 2544 1578 2586 colliga-

852 2585 967 2612 taest.
989 2582 1092 2614 Acad.
1114 2583 1156 2614 iv.
1173 2587 1205 2618 7.
1233 2583 1302 2615 rat.
1319 2589 1351 2620 9.
1374 2585 1457 2627 Leg.
1483 2589 1505 2620 i.
1528 2593 1575 2625 19.

854 2625 914 2655 &c.

898 2668 1149 2707 Sermiana-ulus,
1171 2680 1295 2702 rumor.
1329 2673 1400 2704 Att.
1429 2675 1498 2707 xiii.
1531 2681 1579 2708 10.

851 2714 1099 2743 sermunculum
1113 2723 1249 2745 omnem
1266 2716 1484 2758 restinguere.

898 2756 1158 2797 Smper-astrum.
1182 2758 1255 2790 Att.
1277 2759 1333 2790 vii.
1359 2764 1391 2792 3.
1408 2761 1449 2792 de
1474 2773 1579 2804 cerpe-

852 2801 972 2831 rostris
996 2799 1141 2832 cohortis
1174 2811 1271 2841 meae,
1295 2803 1380 2835 nihil
1404 2809 1467 2845 est,
1491 2809 1579 2847 quod

854 2843 976 2875 doleas.
994 2842 1208 2884 Semper-astra
1231 2847 1363 2887 proprie
1378 2854 1459 2880 sunt
1474 2850 1580 2881 admi-

854 2887 979 2927 nicula,
992 2897 1067 2929 quae
1077 2889 1230 2922 cruribus
1241 2900 1421 2931 puerorum
1433 2894 1581 2935 primum
