<?xml version="1.0" encoding="UTF-8"?>
<!DOCTYPE html PUBLIC "-//W3C//DTD XHTML 1.0 Transitional//EN"
    "http://www.w3.org/TR/xhtml1/DTD/xhtml1-transitional.dtd">
<html xmlns="http://www.w3.org/1999/xhtml" xml:lang="en" lang="en">
 <head>
  <title>
</title>
<meta http-equiv="Content-Type" content="text/html;charset=utf-8" />
  <meta name='ocr-system' content='tesseract 3.04.00' />
  <meta name='ocr-capabilities' content='ocr_page ocr_carea ocr_par ocr_line ocrx_word'/>
</head>
<body>
  <div class='ocr_page' id='page_1' title='image "./operaomnia05ciceuoft/operaomnia05ciceuoft_0393.png"; bbox 0 0 1804 3178; ppageno 0'>
   <div class='ocr_carea' id='block_1_1' title="bbox 614 81 1080 113">
    <p class='ocr_par' dir='ltr' id='par_1_1' title="bbox 614 81 1080 113">
     <span class='ocr_line' id='line_1_1' title="bbox 614 81 1080 113; baseline 0.006 -2"><span class='ocrx_word' id='word_1_1' title='bbox 614 83 694 113; x_wconf 77' lang='lat' dir='ltr'>lm&gt;</span> <span class='ocrx_word' id='word_1_2' title='bbox 700 82 759 112; x_wconf 69' lang='lat' dir='ltr'>Ex</span> <span class='ocrx_word' id='word_1_3' title='bbox 789 81 921 111; x_wconf 58' lang='lat' dir='ltr'>laum</span> <span class='ocrx_word' id='word_1_4' title='bbox 927 83 1080 113; x_wconf 70' lang='lat' dir='ltr'>rmus.</span> 
     </span>
    </p>
   </div>
   <div class='ocr_carea' id='block_1_2' title="bbox 53 166 830 2883">
    <p class='ocr_par' dir='ltr' id='par_1_2' title="bbox 97 166 830 1198">
     <span class='ocr_line' id='line_1_2' title="bbox 108 166 828 209; baseline 0.001 -12"><span class='ocrx_word' id='word_1_5' title='bbox 108 166 183 203; x_wconf 57' lang='lat' dir='ltr'>tiu·</span> <span class='ocrx_word' id='word_1_6' title='bbox 199 166 279 198; x_wconf 76' lang='lat' dir='ltr'>Ant.</span> <span class='ocrx_word' id='word_1_7' title='bbox 293 168 367 199; x_wconf 69' lang='lat' dir='ltr'>dur.</span> <span class='ocrx_word' id='word_1_8' title='bbox 383 169 420 200; x_wconf 87' lang='lat' dir='ltr'>C.</span> <span class='ocrx_word' id='word_1_9' title='bbox 435 169 475 201; x_wconf 87' lang='lat' dir='ltr'>R.</span> <span class='ocrx_word' id='word_1_10' title='bbox 490 169 524 200; x_wconf 86' lang='lat' dir='ltr'>ii.</span> <span class='ocrx_word' id='word_1_11' title='bbox 545 172 593 200; x_wconf 80' lang='lat'>18.</span> <span class='ocrx_word' id='word_1_12' title='bbox 616 170 709 209; x_wconf 78' lang='lat' dir='ltr'>quasi</span> <span class='ocrx_word' id='word_1_13' title='bbox 726 168 828 209; x_wconf 75' lang='lat' dir='ltr'>parri·</span> 
     </span>
     <span class='ocr_line' id='line_1_3' title="bbox 105 210 830 249; baseline 0.001 -9"><span class='ocrx_word' id='word_1_14' title='bbox 105 210 183 241; x_wconf 83' lang='lat' dir='ltr'>eidii</span> <span class='ocrx_word' id='word_1_15' title='bbox 196 211 303 242; x_wconf 82' lang='lat' dir='ltr'>dicere</span> <span class='ocrx_word' id='word_1_16' title='bbox 320 211 500 249; x_wconf 73' lang='lat' dir='ltr'>debuisset,</span> <span class='ocrx_word' id='word_1_17' title='bbox 517 221 594 242; x_wconf 86' lang='lat' dir='ltr'>cum</span> <span class='ocrx_word' id='word_1_18' title='bbox 611 212 662 242; x_wconf 68' lang='lat' dir='ltr'>vel</span> <span class='ocrx_word' id='word_1_19' title='bbox 674 223 712 242; x_wconf 80' lang='lat' dir='ltr'>ex</span> <span class='ocrx_word' id='word_1_20' title='bbox 725 223 764 242; x_wconf 89' lang='lat' dir='ltr'>eo</span> <span class='ocrx_word' id='word_1_21' title='bbox 780 212 830 242; x_wconf 89' lang='lat' dir='ltr'>iu-</span> 
     </span>
     <span class='ocr_line' id='line_1_4' title="bbox 106 253 829 296; baseline 0.001 -13"><span class='ocrx_word' id='word_1_22' title='bbox 106 253 292 293; x_wconf 76' lang='lat' dir='ltr'>telligatur,</span> <span class='ocrx_word' id='word_1_23' title='bbox 323 255 412 286; x_wconf 82' lang='lat' dir='ltr'>istud</span> <span class='ocrx_word' id='word_1_24' title='bbox 444 255 676 296; x_wconf 69' lang='lat' dir='ltr'><em>perduellionis</em></span> <span class='ocrx_word' id='word_1_25' title='bbox 702 255 829 285; x_wconf 85' lang='lat' dir='ltr'>crimen</span> 
     </span>
     <span class='ocr_line' id='line_1_5' title="bbox 108 295 829 337; baseline 0.001 -11"><span class='ocrx_word' id='word_1_26' title='bbox 108 295 223 334; x_wconf 63' lang='lat' dir='ltr'>luisse,</span> <span class='ocrx_word' id='word_1_27' title='bbox 262 298 348 337; x_wconf 88' lang='lat' dir='ltr'>quod</span> <span class='ocrx_word' id='word_1_28' title='bbox 386 308 426 328; x_wconf 83' lang='lat' dir='ltr'>ex</span> <span class='ocrx_word' id='word_1_29' title='bbox 462 308 501 327; x_wconf 74' lang='lat' dir='ltr'>eo</span> <span class='ocrx_word' id='word_1_30' title='bbox 531 297 660 337; x_wconf 84' lang='lat' dir='ltr'>judicio</span> <span class='ocrx_word' id='word_1_31' title='bbox 698 298 829 328; x_wconf 78' lang='lat' dir='ltr'>Horatii</span> 
     </span>
     <span class='ocr_line' id='line_1_6' title="bbox 106 339 828 381; baseline -0.001 -11"><span class='ocrx_word' id='word_1_32' title='bbox 106 339 287 371; x_wconf 81' lang='lat' dir='ltr'>Duumviri</span> <span class='ocrx_word' id='word_1_33' title='bbox 311 341 542 381; x_wconf 75' lang='lat' dir='ltr'><em>perduellionis</em></span> <span class='ocrx_word' id='word_1_34' title='bbox 570 341 650 378; x_wconf 83' lang='lat' dir='ltr'>sint,</span> <span class='ocrx_word' id='word_1_35' title='bbox 680 342 736 379; x_wconf 89' lang='lat' dir='ltr'>qui</span> <span class='ocrx_word' id='word_1_36' title='bbox 762 350 828 371; x_wconf 83' lang='lat' dir='ltr'>nun</span> 
     </span>
     <span class='ocr_line' id='line_1_7' title="bbox 104 382 828 424; baseline 0.003 -12"><span class='ocrx_word' id='word_1_37' title='bbox 104 382 213 413; x_wconf 73' lang='lat' dir='ltr'>nolum</span> <span class='ocrx_word' id='word_1_38' title='bbox 230 383 263 414; x_wconf 88' lang='lat' dir='ltr'>in</span> <span class='ocrx_word' id='word_1_39' title='bbox 287 383 483 424; x_wconf 81' lang='lat' dir='ltr'>parricidiis,</span> <span class='ocrx_word' id='word_1_40' title='bbox 495 383 552 414; x_wconf 84' lang='lat' dir='ltr'>sed</span> <span class='ocrx_word' id='word_1_41' title='bbox 568 384 670 414; x_wconf 77' lang='lat' dir='ltr'>etiam</span> <span class='ocrx_word' id='word_1_42' title='bbox 689 384 721 413; x_wconf 92' lang='lat' dir='ltr'>in</span> <span class='ocrx_word' id='word_1_43' title='bbox 738 384 828 414; x_wconf 75' lang='lat' dir='ltr'>caede</span> 
     </span>
     <span class='ocr_line' id='line_1_8' title="bbox 102 426 828 466; baseline 0.003 -11"><span class='ocrx_word' id='word_1_44' title='bbox 102 427 231 457; x_wconf 79' lang='lat' dir='ltr'>tribuni</span> <span class='ocrx_word' id='word_1_45' title='bbox 254 426 300 466; x_wconf 88' lang='lat' dir='ltr'>pl.</span> <span class='ocrx_word' id='word_1_46' title='bbox 316 432 351 456; x_wconf 91' lang='lat' dir='ltr'>et</span> <span class='ocrx_word' id='word_1_47' title='bbox 376 426 541 457; x_wconf 80' lang='lat' dir='ltr'>similibus</span> <span class='ocrx_word' id='word_1_48' title='bbox 565 427 828 465; x_wconf 84' lang='lat' dir='ltr'>criminibusju-</span> 
     </span>
     <span class='ocr_line' id='line_1_9' title="bbox 104 469 826 509; baseline 0.003 -10"><span class='ocrx_word' id='word_1_49' title='bbox 104 469 273 507; x_wconf 86' lang='lat' dir='ltr'>dicabant,</span> <span class='ocrx_word' id='word_1_50' title='bbox 298 474 335 499; x_wconf 91' lang='lat' dir='ltr'>ut</span> <span class='ocrx_word' id='word_1_51' title='bbox 358 479 398 499; x_wconf 84' lang='lat' dir='ltr'>ex</span> <span class='ocrx_word' id='word_1_52' title='bbox 421 469 478 500; x_wconf 89' lang='lat' dir='ltr'>Or.</span> <span class='ocrx_word' id='word_1_53' title='bbox 508 480 565 509; x_wconf 86' lang='lat' dir='ltr'>pro</span> <span class='ocrx_word' id='word_1_54' title='bbox 594 470 703 500; x_wconf 73' lang='lat' dir='ltr'>Rabir.</span> <span class='ocrx_word' id='word_1_55' title='bbox 732 471 826 502; x_wconf 82' lang='lat' dir='ltr'>Perd.</span> 
     </span>
     <span class='ocr_line' id='line_1_10' title="bbox 103 511 827 553; baseline 0.003 -11"><span class='ocrx_word' id='word_1_56' title='bbox 103 517 209 551; x_wconf 78' lang='lat' dir='ltr'>patet.</span> <span class='ocrx_word' id='word_1_57' title='bbox 232 511 316 542; x_wconf 88' lang='lat' dir='ltr'>Vere</span> <span class='ocrx_word' id='word_1_58' title='bbox 334 512 446 551; x_wconf 76' lang='lat' dir='ltr'>itaque</span> <span class='ocrx_word' id='word_1_59' title='bbox 467 513 656 549; x_wconf 77' lang='lat' dir='ltr'>Turnebus.</span> <span class='ocrx_word' id='word_1_60' title='bbox 675 514 827 553; x_wconf 74' lang='lat' dir='ltr'>perduel-</span> 
     </span>
     <span class='ocr_line' id='line_1_11' title="bbox 103 554 828 594; baseline 0.006 -10"><span class='ocrx_word' id='word_1_61' title='bbox 103 556 217 585; x_wconf 74' lang='lat' dir='ltr'>lionem</span> <span class='ocrx_word' id='word_1_62' title='bbox 231 554 310 585; x_wconf 86' lang='lat' dir='ltr'>olim</span> <span class='ocrx_word' id='word_1_63' title='bbox 327 565 460 585; x_wconf 87' lang='lat' dir='ltr'>omnem</span> <span class='ocrx_word' id='word_1_64' title='bbox 479 556 602 587; x_wconf 69' lang='lat' dir='ltr'>caedem</span> <span class='ocrx_word' id='word_1_65' title='bbox 619 557 756 594; x_wconf 78' lang='lat' dir='ltr'>dietam,</span> <span class='ocrx_word' id='word_1_66' title='bbox 772 568 828 588; x_wconf 78' lang='lat' dir='ltr'>cx-</span> 
     </span>
     <span class='ocr_line' id='line_1_12' title="bbox 103 597 826 639; baseline 0.004 -12"><span class='ocrx_word' id='word_1_67' title='bbox 103 597 273 628; x_wconf 78' lang='lat' dir='ltr'>istimavit.</span> <span class='ocrx_word' id='word_1_68' title='bbox 306 598 424 628; x_wconf 74' lang='lat' dir='ltr'>Postea</span> <span class='ocrx_word' id='word_1_69' title='bbox 445 600 671 639; x_wconf 63' lang='lat' dir='ltr'>perduelliones</span> <span class='ocrx_word' id='word_1_70' title='bbox 700 601 826 631; x_wconf 83' lang='lat' dir='ltr'>crimen</span> 
     </span>
     <span class='ocr_line' id='line_1_13' title="bbox 102 639 824 682; baseline 0.004 -12"><span class='ocrx_word' id='word_1_71' title='bbox 102 639 186 673; x_wconf 78' lang='lat' dir='ltr'>illud</span> <span class='ocrx_word' id='word_1_72' title='bbox 212 639 340 671; x_wconf 87' lang='lat' dir='ltr'>dictum</span> <span class='ocrx_word' id='word_1_73' title='bbox 364 649 427 677; x_wconf 80' lang='lat' dir='ltr'>est,</span> <span class='ocrx_word' id='word_1_74' title='bbox 451 653 516 681; x_wconf 87' lang='lat' dir='ltr'>quo</span> <span class='ocrx_word' id='word_1_75' title='bbox 541 643 613 682; x_wconf 85' lang='lat' dir='ltr'>quis</span> <span class='ocrx_word' id='word_1_76' title='bbox 639 643 824 673; x_wconf 81' lang='lat' dir='ltr'>libertatem</span> 
     </span>
     <span class='ocr_line' id='line_1_14' title="bbox 101 682 825 725; baseline 0.004 -12"><span class='ocrx_word' id='word_1_77' title='bbox 101 682 216 723; x_wconf 85' lang='lat' dir='ltr'>populi</span> <span class='ocrx_word' id='word_1_78' title='bbox 248 683 388 715; x_wconf 87' lang='lat' dir='ltr'>Romani</span> <span class='ocrx_word' id='word_1_79' title='bbox 406 686 552 722; x_wconf 84' lang='lat' dir='ltr'>violavit,</span> <span class='ocrx_word' id='word_1_80' title='bbox 580 693 750 725; x_wconf 75' lang='lat' dir='ltr'>tamquam</span> <span class='ocrx_word' id='word_1_81' title='bbox 779 687 825 716; x_wconf 84' lang='lat' dir='ltr'>af-</span> 
     </span>
     <span class='ocr_line' id='line_1_15' title="bbox 103 725 825 769; baseline 0.006 -14"><span class='ocrx_word' id='word_1_82' title='bbox 103 725 230 756; x_wconf 80' lang='lat' dir='ltr'>fectato</span> <span class='ocrx_word' id='word_1_83' title='bbox 258 737 372 767; x_wconf 83' lang='lat' dir='ltr'>regno,</span> <span class='ocrx_word' id='word_1_84' title='bbox 395 729 531 759; x_wconf 79' lang='lat' dir='ltr'>tribuno</span> <span class='ocrx_word' id='word_1_85' title='bbox 561 728 664 768; x_wconf 84' lang='lat' dir='ltr'>plebis</span> <span class='ocrx_word' id='word_1_86' title='bbox 695 729 825 769; x_wconf 75' lang='lat' dir='ltr'>pulsato</span> 
     </span>
     <span class='ocr_line' id='line_1_16' title="bbox 100 769 825 808; baseline 0.006 -10"><span class='ocrx_word' id='word_1_87' title='bbox 100 775 159 799; x_wconf 84' lang='lat' dir='ltr'>aut</span> <span class='ocrx_word' id='word_1_88' title='bbox 192 769 379 808; x_wconf 81' lang='lat' dir='ltr'>interfecto,</span> <span class='ocrx_word' id='word_1_89' title='bbox 409 772 479 802; x_wconf 79' lang='lat' dir='ltr'>cive</span> <span class='ocrx_word' id='word_1_90' title='bbox 510 772 660 802; x_wconf 87' lang='lat' dir='ltr'>Romano</span> <span class='ocrx_word' id='word_1_91' title='bbox 701 773 825 802; x_wconf 73' lang='lat' dir='ltr'>indicta</span> 
     </span>
     <span class='ocr_line' id='line_1_17' title="bbox 105 815 823 854; baseline 0.006 -12"><span class='ocrx_word' id='word_1_92' title='bbox 105 822 206 843; x_wconf 82' lang='lat' dir='ltr'>causa</span> <span class='ocrx_word' id='word_1_93' title='bbox 236 815 334 853; x_wconf 74' lang='lat' dir='ltr'>virgis</span> <span class='ocrx_word' id='word_1_94' title='bbox 361 824 458 852; x_wconf 75' lang='lat' dir='ltr'>caeso,</span> <span class='ocrx_word' id='word_1_95' title='bbox 485 822 546 845; x_wconf 81' lang='lat' dir='ltr'>aut</span> <span class='ocrx_word' id='word_1_96' title='bbox 572 825 738 854; x_wconf 74' lang='lat' dir='ltr'>percusso,</span> <span class='ocrx_word' id='word_1_97' title='bbox 766 825 823 846; x_wconf 81' lang='lat' dir='ltr'>aut</span> 
     </span>
     <span class='ocr_line' id='line_1_18' title="bbox 100 855 823 898; baseline 0.006 -13"><span class='ocrx_word' id='word_1_98' title='bbox 100 855 166 886; x_wconf 80' lang='lat' dir='ltr'>alio</span> <span class='ocrx_word' id='word_1_99' title='bbox 195 857 358 898; x_wconf 83' lang='lat' dir='ltr'>supplicio</span> <span class='ocrx_word' id='word_1_100' title='bbox 394 857 505 887; x_wconf 73' lang='lat' dir='ltr'>servili</span> <span class='ocrx_word' id='word_1_101' title='bbox 546 858 676 888; x_wconf 79' lang='lat' dir='ltr'>affecto.</span> <span class='ocrx_word' id='word_1_102' title='bbox 713 859 823 890; x_wconf 87' lang='lat' dir='ltr'>Rabir.</span> 
     </span>
     <span class='ocr_line' id='line_1_19' title="bbox 103 898 823 941; baseline 0.006 -13"><span class='ocrx_word' id='word_1_103' title='bbox 103 898 198 932; x_wconf 85' lang='lat' dir='ltr'>Perd.</span> <span class='ocrx_word' id='word_1_104' title='bbox 215 903 246 933; x_wconf 90' lang='grc'>3.</span> <span class='ocrx_word' id='word_1_105' title='bbox 278 901 507 940; x_wconf 79' lang='lat' dir='ltr'>perduellionis</span> <span class='ocrx_word' id='word_1_106' title='bbox 521 901 712 939; x_wconf 80' lang='lat' dir='ltr'>judicium3</span> <span class='ocrx_word' id='word_1_107' title='bbox 737 902 823 941; x_wconf 88' lang='lat' dir='ltr'>quod</span> 
     </span>
     <span class='ocr_line' id='line_1_20' title="bbox 98 943 823 981; baseline 0.004 -9"><span class='ocrx_word' id='word_1_108' title='bbox 98 943 327 981; x_wconf 76' lang='lat' dir='ltr'>exercebatur,</span> <span class='ocrx_word' id='word_1_109' title='bbox 343 953 420 973; x_wconf 89' lang='lat' dir='ltr'>cum</span> <span class='ocrx_word' id='word_1_110' title='bbox 447 943 487 973; x_wconf 87' lang='lat' dir='ltr'>T.</span> <span class='ocrx_word' id='word_1_111' title='bbox 507 944 672 974; x_wconf 72' lang='lat' dir='ltr'>Labienus</span> <span class='ocrx_word' id='word_1_112' title='bbox 689 955 823 975; x_wconf 84' lang='lat' dir='ltr'>accusa-</span> 
     </span>
     <span class='ocr_line' id='line_1_21' title="bbox 100 985 822 1025; baseline 0.004 -10"><span class='ocrx_word' id='word_1_113' title='bbox 100 989 150 1015; x_wconf 80' lang='lat' dir='ltr'>ret</span> <span class='ocrx_word' id='word_1_114' title='bbox 174 985 358 1023; x_wconf 82' lang='lat' dir='ltr'>Rabirium,</span> <span class='ocrx_word' id='word_1_115' title='bbox 383 986 470 1025; x_wconf 84' lang='lat' dir='ltr'>quod</span> <span class='ocrx_word' id='word_1_116' title='bbox 501 987 719 1018; x_wconf 84' lang='lat' dir='ltr'>Saturninum</span> <span class='ocrx_word' id='word_1_117' title='bbox 746 989 822 1018; x_wconf 89' lang='lat' dir='ltr'>trib.</span> 
     </span>
     <span class='ocr_line' id='line_1_22' title="bbox 100 1027 821 1067; baseline 0.007 -10"><span class='ocrx_word' id='word_1_118' title='bbox 100 1027 146 1067; x_wconf 85' lang='lat' dir='ltr'>pl.</span> <span class='ocrx_word' id='word_1_119' title='bbox 169 1029 393 1060; x_wconf 79' lang='lat' dir='ltr'>interfecisset</span> <span class='ocrx_word' id='word_1_120' title='bbox 407 1041 414 1059; x_wconf 76' lang='grc' dir='ltr'><em>τ</em></span> <span class='ocrx_word' id='word_1_121' title='bbox 451 1030 506 1059; x_wconf 87' lang='lat' dir='ltr'>ubi</span> <span class='ocrx_word' id='word_1_122' title='bbox 525 1040 554 1059; x_wconf 89' lang='grc' dir='ltr'>ν.</span> <span class='ocrx_word' id='word_1_123' title='bbox 571 1029 653 1060; x_wconf 83' lang='lat' dir='ltr'>lntt.</span> <span class='ocrx_word' id='word_1_124' title='bbox 670 1031 712 1061; x_wconf 82' lang='lat' dir='ltr'>cf.</span> <span class='ocrx_word' id='word_1_125' title='bbox 729 1031 821 1062; x_wconf 88' lang='lat' dir='ltr'>Verr.</span> 
     </span>
     <span class='ocr_line' id='line_1_23' title="bbox 98 1071 821 1112; baseline 0.006 -11"><span class='ocrx_word' id='word_1_126' title='bbox 98 1072 121 1102; x_wconf 89' lang='lat' dir='ltr'>i.</span> <span class='ocrx_word' id='word_1_127' title='bbox 139 1074 169 1102; x_wconf 85' lang='lat'>5.</span> <span class='ocrx_word' id='word_1_128' title='bbox 185 1071 337 1102; x_wconf 78' lang='lat' dir='ltr'>Formam</span> <span class='ocrx_word' id='word_1_129' title='bbox 354 1073 452 1111; x_wconf 84' lang='lat' dir='ltr'>hujus</span> <span class='ocrx_word' id='word_1_130' title='bbox 462 1073 582 1111; x_wconf 88' lang='lat' dir='ltr'>judicii</span> <span class='ocrx_word' id='word_1_131' title='bbox 602 1081 675 1112; x_wconf 80' lang='lat' dir='ltr'>pete</span> <span class='ocrx_word' id='word_1_132' title='bbox 693 1085 710 1104; x_wconf 86' lang='lat' dir='ltr'>e</span> <span class='ocrx_word' id='word_1_133' title='bbox 727 1074 821 1105; x_wconf 80' lang='lat' dir='ltr'>Livio</span> 
     </span>
     <span class='ocr_line' id='line_1_24' title="bbox 99 1113 821 1157; baseline 0.007 -13"><span class='ocrx_word' id='word_1_134' title='bbox 99 1113 122 1144; x_wconf 92' lang='lat' dir='ltr'>l.</span> <span class='ocrx_word' id='word_1_135' title='bbox 139 1124 168 1144; x_wconf 88' lang='lat' dir='ltr'>c.</span> <span class='ocrx_word' id='word_1_136' title='bbox 184 1114 227 1144; x_wconf 82' lang='lat' dir='ltr'>cf.</span> <span class='ocrx_word' id='word_1_137' title='bbox 241 1114 390 1146; x_wconf 88' lang='lat' dir='ltr'>Turnebi</span> <span class='ocrx_word' id='word_1_138' title='bbox 407 1126 536 1155; x_wconf 86' lang='lat' dir='ltr'>argum.</span> <span class='ocrx_word' id='word_1_139' title='bbox 553 1116 595 1146; x_wconf 89' lang='lat' dir='ltr'>ad</span> <span class='ocrx_word' id='word_1_140' title='bbox 610 1117 666 1147; x_wconf 86' lang='lat' dir='ltr'>Or.</span> <span class='ocrx_word' id='word_1_141' title='bbox 693 1127 741 1157; x_wconf 91' lang='lat' dir='ltr'>pr.</span> <span class='ocrx_word' id='word_1_142' title='bbox 757 1118 821 1149; x_wconf 83' lang='lat' dir='ltr'>Ra-</span> 
     </span>
     <span class='ocr_line' id='line_1_25' title="bbox 97 1157 477 1198; baseline 0.003 -11"><span class='ocrx_word' id='word_1_143' title='bbox 97 1157 159 1188; x_wconf 77' lang='lat' dir='ltr'>bit.</span> <span class='ocrx_word' id='word_1_144' title='bbox 176 1157 270 1188; x_wconf 85' lang='lat' dir='ltr'>Perd.</span> <span class='ocrx_word' id='word_1_145' title='bbox 285 1158 396 1198; x_wconf 84' lang='lat' dir='ltr'>Sigon.</span> <span class='ocrx_word' id='word_1_146' title='bbox 414 1160 435 1190; x_wconf 91' lang='lat' dir='ltr'>l.</span> <span class='ocrx_word' id='word_1_147' title='bbox 449 1170 477 1189; x_wconf 92' lang='lat' dir='ltr'>c.</span> 
     </span>
    </p>

    <p class='ocr_par' dir='ltr' id='par_1_3' title="bbox 102 1200 820 1274">
     <span class='ocr_line' id='line_1_26' title="bbox 140 1200 820 1242; baseline 0.007 -12"><span class='ocrx_word' id='word_1_148' title='bbox 140 1200 339 1239; x_wconf 73' lang='lat' dir='ltr'>perduellis,</span> <span class='ocrx_word' id='word_1_149' title='bbox 355 1203 410 1241; x_wconf 89' lang='lat' dir='ltr'>qui</span> <span class='ocrx_word' id='word_1_150' title='bbox 435 1203 565 1242; x_wconf 87' lang='lat' dir='ltr'>proprie</span> <span class='ocrx_word' id='word_1_151' title='bbox 587 1203 653 1233; x_wconf 86' lang='lat' dir='ltr'>sit?</span> <span class='ocrx_word' id='word_1_152' title='bbox 680 1213 709 1234; x_wconf 93' lang='lat' dir='ltr'>v.</span> <span class='ocrx_word' id='word_1_153' title='bbox 725 1204 820 1235; x_wconf 84' lang='lat' dir='ltr'>Offic.</span> 
     </span>
     <span class='ocr_line' id='line_1_27' title="bbox 102 1244 194 1274; baseline 0 0"><span class='ocrx_word' id='word_1_154' title='bbox 102 1244 125 1274; x_wconf 83' lang='lat' dir='ltr'>i.</span> <span class='ocrx_word' id='word_1_155' title='bbox 145 1246 194 1274; x_wconf 75' lang='lat'>12.</span> 
     </span>
    </p>

    <p class='ocr_par' dir='ltr' id='par_1_4' title="bbox 97 1286 819 1447">
     <span class='ocr_line' id='line_1_28' title="bbox 140 1286 819 1328; baseline 0.006 -11"><span class='ocrx_word' id='word_1_156' title='bbox 140 1286 369 1327; x_wconf 61' lang='lat' dir='ltr'>Peregv-inari,</span> <span class='ocrx_word' id='word_1_157' title='bbox 395 1289 608 1328; x_wconf 80' lang='lat' dir='ltr'>peregrinum</span> <span class='ocrx_word' id='word_1_158' title='bbox 632 1299 713 1320; x_wconf 89' lang='lat' dir='ltr'>esse.</span> <span class='ocrx_word' id='word_1_159' title='bbox 744 1290 819 1321; x_wconf 86' lang='lat' dir='ltr'>Mil.</span> 
     </span>
     <span class='ocr_line' id='line_1_29' title="bbox 100 1331 819 1372; baseline 0.004 -12"><span class='ocrx_word' id='word_1_160' title='bbox 100 1331 149 1361; x_wconf 75' lang='lat'>12.</span> <span class='ocrx_word' id='word_1_161' title='bbox 174 1336 290 1361; x_wconf 85' lang='lat' dir='ltr'>vestrae</span> <span class='ocrx_word' id='word_1_162' title='bbox 300 1333 560 1371; x_wconf 69' lang='lat' dir='ltr'>peregrinantur</span> <span class='ocrx_word' id='word_1_163' title='bbox 579 1342 687 1370; x_wconf 80' lang='lat' dir='ltr'>aures,</span> <span class='ocrx_word' id='word_1_164' title='bbox 712 1342 819 1372; x_wconf 85' lang='lat' dir='ltr'>neque</span> 
     </span>
     <span class='ocr_line' id='line_1_30' title="bbox 99 1372 819 1414; baseline 0.006 -11"><span class='ocrx_word' id='word_1_165' title='bbox 99 1373 134 1403; x_wconf 89' lang='lat' dir='ltr'>in</span> <span class='ocrx_word' id='word_1_166' title='bbox 149 1372 211 1404; x_wconf 85' lang='lat' dir='ltr'>hoc</span> <span class='ocrx_word' id='word_1_167' title='bbox 228 1382 406 1414; x_wconf 81' lang='lat' dir='ltr'>pervagato</span> <span class='ocrx_word' id='word_1_168' title='bbox 422 1375 566 1405; x_wconf 83' lang='lat' dir='ltr'>civitatis</span> <span class='ocrx_word' id='word_1_169' title='bbox 581 1385 732 1411; x_wconf 83' lang='lat' dir='ltr'>sermone</span> <span class='ocrx_word' id='word_1_170' title='bbox 748 1386 819 1407; x_wconf 86' lang='lat' dir='ltr'>ver-</span> 
     </span>
     <span class='ocr_line' id='line_1_31' title="bbox 97 1421 226 1447; baseline 0.008 -1"><span class='ocrx_word' id='word_1_171' title='bbox 97 1421 226 1447; x_wconf 71' lang='lat' dir='ltr'>tantur.</span> 
     </span>
    </p>

    <p class='ocr_par' dir='ltr' id='par_1_5' title="bbox 95 1459 817 1543">
     <span class='ocr_line' id='line_1_32' title="bbox 138 1459 817 1502; baseline 0.003 -12"><span class='ocrx_word' id='word_1_172' title='bbox 138 1459 352 1500; x_wconf 76' lang='lat' dir='ltr'>Peregrinus.</span> <span class='ocrx_word' id='word_1_173' title='bbox 383 1471 413 1491; x_wconf 89' lang='lat' dir='ltr'>v.</span> <span class='ocrx_word' id='word_1_174' title='bbox 447 1460 520 1492; x_wconf 89' lang='lat' dir='ltr'>1nd.</span> <span class='ocrx_word' id='word_1_175' title='bbox 544 1460 648 1500; x_wconf 82' lang='lat' dir='ltr'>Legg.</span> <span class='ocrx_word' id='word_1_176' title='bbox 672 1461 706 1491; x_wconf 90' lang='lat' dir='ltr'>in</span> <span class='ocrx_word' id='word_1_177' title='bbox 728 1462 817 1502; x_wconf 83' lang='lat' dir='ltr'>Lege</span> 
     </span>
     <span class='ocr_line' id='line_1_33' title="bbox 95 1501 208 1543; baseline 0.009 -10"><span class='ocrx_word' id='word_1_178' title='bbox 95 1501 208 1543; x_wconf 83' lang='lat' dir='ltr'>Papia.</span> 
     </span>
    </p>

    <p class='ocr_par' dir='ltr' id='par_1_6' title="bbox 89 1546 818 1800">
     <span class='ocr_line' id='line_1_34' title="bbox 136 1546 818 1586; baseline 0.001 -9"><span class='ocrx_word' id='word_1_179' title='bbox 136 1546 307 1577; x_wconf 75' lang='lat' dir='ltr'>Perennis.</span> <span class='ocrx_word' id='word_1_180' title='bbox 330 1546 410 1577; x_wconf 89' lang='lat' dir='ltr'>Nat.</span> <span class='ocrx_word' id='word_1_181' title='bbox 429 1547 471 1578; x_wconf 93' lang='lat' dir='ltr'>D.</span> <span class='ocrx_word' id='word_1_182' title='bbox 490 1547 522 1577; x_wconf 88' lang='lat' dir='ltr'>ii.</span> <span class='ocrx_word' id='word_1_183' title='bbox 539 1549 569 1577; x_wconf 83' lang='lat'>3.</span> <span class='ocrx_word' id='word_1_184' title='bbox 589 1557 728 1586; x_wconf 84' lang='lat' dir='ltr'>perenne</span> <span class='ocrx_word' id='word_1_185' title='bbox 743 1557 818 1578; x_wconf 80' lang='lat' dir='ltr'>aus-</span> 
     </span>
     <span class='ocr_line' id='line_1_35' title="bbox 93 1589 815 1630; baseline 0.004 -11"><span class='ocrx_word' id='word_1_186' title='bbox 93 1589 230 1630; x_wconf 85' lang='lat' dir='ltr'>picium.</span> <span class='ocrx_word' id='word_1_187' title='bbox 247 1590 326 1620; x_wconf 85' lang='lat' dir='ltr'>ibid.</span> <span class='ocrx_word' id='word_1_188' title='bbox 341 1590 435 1620; x_wconf 89' lang='lat' dir='ltr'>nulla</span> <span class='ocrx_word' id='word_1_189' title='bbox 444 1591 603 1630; x_wconf 79' lang='lat' dir='ltr'>perennia</span> <span class='ocrx_word' id='word_1_190' title='bbox 629 1598 815 1622; x_wconf 88' lang='lat' dir='ltr'>servantur.</span> 
     </span>
     <span class='ocr_line' id='line_1_36' title="bbox 96 1632 816 1674; baseline 0 -10"><span class='ocrx_word' id='word_1_191' title='bbox 96 1632 246 1664; x_wconf 80' lang='lat' dir='ltr'>Perenne</span> <span class='ocrx_word' id='word_1_192' title='bbox 266 1634 451 1673; x_wconf 82' lang='lat' dir='ltr'>auspicium</span> <span class='ocrx_word' id='word_1_193' title='bbox 469 1639 532 1671; x_wconf 85' lang='lat' dir='ltr'>est,</span> <span class='ocrx_word' id='word_1_194' title='bbox 547 1643 624 1664; x_wconf 88' lang='lat' dir='ltr'>cum</span> <span class='ocrx_word' id='word_1_195' title='bbox 642 1635 816 1674; x_wconf 78' lang='lat' dir='ltr'>magistra-</span> 
     </span>
     <span class='ocr_line' id='line_1_37' title="bbox 89 1677 816 1716; baseline 0.001 -10"><span class='ocrx_word' id='word_1_196' title='bbox 89 1681 146 1706; x_wconf 80' lang='lat' dir='ltr'>tus</span> <span class='ocrx_word' id='word_1_197' title='bbox 163 1686 277 1707; x_wconf 86' lang='lat' dir='ltr'>amnes</span> <span class='ocrx_word' id='word_1_198' title='bbox 300 1677 470 1716; x_wconf 86' lang='lat' dir='ltr'>auspicato</span> <span class='ocrx_word' id='word_1_199' title='bbox 494 1682 681 1707; x_wconf 82' lang='lat' dir='ltr'>transcunt.</span> <span class='ocrx_word' id='word_1_200' title='bbox 704 1687 733 1707; x_wconf 92' lang='lat' dir='ltr'>v.</span> <span class='ocrx_word' id='word_1_201' title='bbox 761 1677 816 1708; x_wconf 71' lang='lat' dir='ltr'>fe-</span> 
     </span>
     <span class='ocr_line' id='line_1_38' title="bbox 90 1720 814 1760; baseline 0 -10"><span class='ocrx_word' id='word_1_202' title='bbox 90 1723 163 1750; x_wconf 70' lang='lat' dir='ltr'>stus</span> <span class='ocrx_word' id='word_1_203' title='bbox 179 1720 213 1750; x_wconf 90' lang='lat' dir='ltr'>in</span> <span class='ocrx_word' id='word_1_204' title='bbox 230 1729 384 1760; x_wconf 81' lang='lat' dir='ltr'>perenne,</span> <span class='ocrx_word' id='word_1_205' title='bbox 411 1726 446 1750; x_wconf 91' lang='lat' dir='ltr'>et</span> <span class='ocrx_word' id='word_1_206' title='bbox 472 1720 517 1750; x_wconf 89' lang='lat' dir='ltr'>ibi</span> <span class='ocrx_word' id='word_1_207' title='bbox 541 1720 699 1759; x_wconf 83' lang='lat' dir='ltr'>Scaliger,</span> <span class='ocrx_word' id='word_1_208' title='bbox 715 1730 814 1760; x_wconf 86' lang='lat' dir='ltr'>quem</span> 
     </span>
     <span class='ocr_line' id='line_1_39' title="bbox 93 1762 577 1800; baseline 0 -7"><span class='ocrx_word' id='word_1_209' title='bbox 93 1762 230 1800; x_wconf 82' lang='lat' dir='ltr'>hicjam</span> <span class='ocrx_word' id='word_1_210' title='bbox 247 1762 396 1793; x_wconf 83' lang='lat' dir='ltr'>laudavit</span> <span class='ocrx_word' id='word_1_211' title='bbox 410 1763 577 1793; x_wconf 82' lang='lat' dir='ltr'>Davisius.</span> 
     </span>
    </p>

    <p class='ocr_par' dir='ltr' id='par_1_7' title="bbox 88 1804 813 1923">
     <span class='ocr_line' id='line_1_40' title="bbox 133 1804 813 1846; baseline 0.001 -10"><span class='ocrx_word' id='word_1_212' title='bbox 133 1804 340 1846; x_wconf 63' lang='lat' dir='ltr'>Peufizcetus.</span> <span class='ocrx_word' id='word_1_213' title='bbox 356 1805 486 1836; x_wconf 83' lang='lat' dir='ltr'>Verrin.</span> <span class='ocrx_word' id='word_1_214' title='bbox 501 1806 522 1836; x_wconf 86' lang='lat' dir='ltr'>i.</span> <span class='ocrx_word' id='word_1_215' title='bbox 535 1807 587 1837; x_wconf 78' lang='lat'>46.</span> <span class='ocrx_word' id='word_1_216' title='bbox 601 1815 707 1845; x_wconf 83' lang='lat' dir='ltr'>neque</span> <span class='ocrx_word' id='word_1_217' title='bbox 723 1807 813 1837; x_wconf 88' lang='lat' dir='ltr'>enim</span> 
     </span>
     <span class='ocr_line' id='line_1_41' title="bbox 90 1849 813 1890; baseline 0 -10"><span class='ocrx_word' id='word_1_218' title='bbox 90 1855 187 1880; x_wconf 70' lang='lat' dir='ltr'>erant</span> <span class='ocrx_word' id='word_1_219' title='bbox 198 1849 390 1890; x_wconf 71' lang='lat' dir='ltr'>perfia-ela.-</span> <span class='ocrx_word' id='word_1_220' title='bbox 415 1849 447 1880; x_wconf 89' lang='lat' dir='ltr'>h.</span> <span class='ocrx_word' id='word_1_221' title='bbox 471 1859 502 1880; x_wconf 86' lang='lat' dir='ltr'>e.</span> <span class='ocrx_word' id='word_1_222' title='bbox 527 1858 593 1879; x_wconf 85' lang='lat' dir='ltr'>nou</span> <span class='ocrx_word' id='word_1_223' title='bbox 612 1859 813 1890; x_wconf 85' lang='lat' dir='ltr'>magnopere</span> 
     </span>
     <span class='ocr_line' id='line_1_42' title="bbox 88 1893 211 1923; baseline -0.008 0"><span class='ocrx_word' id='word_1_224' title='bbox 88 1893 211 1923; x_wconf 77' lang='lat' dir='ltr'>faceta.</span> 
     </span>
    </p>

    <p class='ocr_par' dir='ltr' id='par_1_8' title="bbox 133 1934 762 1976">
     <span class='ocr_line' id='line_1_43' title="bbox 133 1934 762 1976; baseline 0 -10"><span class='ocrx_word' id='word_1_225' title='bbox 133 1934 305 1976; x_wconf 64' lang='lat' dir='ltr'>Perseo-tm·</span> <span class='ocrx_word' id='word_1_226' title='bbox 319 1935 448 1966; x_wconf 88' lang='lat' dir='ltr'>dicendi</span> <span class='ocrx_word' id='word_1_227' title='bbox 465 1935 572 1966; x_wconf 81' lang='lat' dir='ltr'>stilus.</span> <span class='ocrx_word' id='word_1_228' title='bbox 595 1935 652 1966; x_wconf 87' lang='lat' dir='ltr'>Or.</span> <span class='ocrx_word' id='word_1_229' title='bbox 670 1935 694 1966; x_wconf 91' lang='lat' dir='ltr'>i.</span> <span class='ocrx_word' id='word_1_230' title='bbox 710 1935 762 1966; x_wconf 89' lang='lat'>60.</span> 
     </span>
    </p>

    <p class='ocr_par' dir='ltr' id='par_1_9' title="bbox 53 1978 813 2147">
     <span class='ocr_line' id='line_1_44' title="bbox 133 1978 813 2019; baseline 0 -9"><span class='ocrx_word' id='word_1_231' title='bbox 133 1978 301 2019; x_wconf 53' lang='lat' dir='ltr'>Per-ficere</span> <span class='ocrx_word' id='word_1_232' title='bbox 327 1988 386 2019; x_wconf 91' lang='lat' dir='ltr'>pro</span> <span class='ocrx_word' id='word_1_233' title='bbox 412 1988 523 2018; x_wconf 81' lang='lat' dir='ltr'>agere,</span> <span class='ocrx_word' id='word_1_234' title='bbox 546 1979 667 2009; x_wconf 76' lang='lat' dir='ltr'>facere.</span> <span class='ocrx_word' id='word_1_235' title='bbox 700 1978 773 2009; x_wconf 81' lang='lat' dir='ltr'>Act.</span> <span class='ocrx_word' id='word_1_236' title='bbox 791 1979 813 2010; x_wconf 90' lang='lat' dir='ltr'>i.</span> 
     </span>
     <span class='ocr_line' id='line_1_45' title="bbox 89 2021 812 2061; baseline -0.003 -8"><span class='ocrx_word' id='word_1_237' title='bbox 89 2023 124 2053; x_wconf 88' lang='lat' dir='ltr'>in</span> <span class='ocrx_word' id='word_1_238' title='bbox 140 2021 233 2053; x_wconf 88' lang='lat' dir='ltr'>Verr.</span> <span class='ocrx_word' id='word_1_239' title='bbox 254 2025 304 2053; x_wconf 88' lang='lat' dir='ltr'>ll.</span> <span class='ocrx_word' id='word_1_240' title='bbox 330 2031 404 2061; x_wconf 80' lang='lat' dir='ltr'>quae</span> <span class='ocrx_word' id='word_1_241' title='bbox 420 2022 461 2051; x_wconf 88' lang='lat' dir='ltr'>ab</span> <span class='ocrx_word' id='word_1_242' title='bbox 477 2022 541 2052; x_wconf 88' lang='lat' dir='ltr'>isto</span> <span class='ocrx_word' id='word_1_243' title='bbox 556 2031 615 2061; x_wconf 88' lang='lat' dir='ltr'>per</span> <span class='ocrx_word' id='word_1_244' title='bbox 629 2022 812 2052; x_wconf 86' lang='lat' dir='ltr'>triennium</span> 
     </span>
     <span class='ocr_line' id='line_1_46' title="bbox 82 2064 812 2106; baseline 0 -10"><span class='ocrx_word' id='word_1_245' title='bbox 82 2064 231 2106; x_wconf 75' lang='lat' dir='ltr'>perfecta</span> <span class='ocrx_word' id='word_1_246' title='bbox 253 2069 344 2102; x_wconf 77' lang='lat' dir='ltr'>sunt,</span> <span class='ocrx_word' id='word_1_247' title='bbox 369 2064 408 2094; x_wconf 89' lang='lat' dir='ltr'>de</span> <span class='ocrx_word' id='word_1_248' title='bbox 436 2064 569 2104; x_wconf 81' lang='lat' dir='ltr'>flagitiis</span> <span class='ocrx_word' id='word_1_249' title='bbox 585 2070 619 2094; x_wconf 88' lang='lat' dir='ltr'>et</span> <span class='ocrx_word' id='word_1_250' title='bbox 634 2065 812 2096; x_wconf 81' lang='lat' dir='ltr'>sceleribus</span> 
     </span>
     <span class='ocr_line' id='line_1_47' title="bbox 53 2108 611 2147; baseline -0.007 -6"><span class='ocrx_word' id='word_1_251' title='bbox 53 2137 57 2141; x_wconf 92' lang='lat'>.</span> <span class='ocrx_word' id='word_1_252' title='bbox 87 2109 199 2140; x_wconf 83' lang='lat' dir='ltr'>Verris</span> <span class='ocrx_word' id='word_1_253' title='bbox 215 2109 248 2139; x_wconf 88' lang='lat' dir='ltr'>in</span> <span class='ocrx_word' id='word_1_254' title='bbox 265 2108 346 2139; x_wconf 90' lang='lat' dir='ltr'>urbe</span> <span class='ocrx_word' id='word_1_255' title='bbox 362 2108 611 2147; x_wconf 87' lang='lat' dir='ltr'>Syracusarum.</span> 
     </span>
    </p>

    <p class='ocr_par' dir='ltr' id='par_1_10' title="bbox 73 2150 811 2883">
     <span class='ocr_line' id='line_1_48' title="bbox 132 2150 811 2192; baseline -0.003 -10"><span class='ocrx_word' id='word_1_256' title='bbox 132 2150 339 2192; x_wconf 74' lang='lat' dir='ltr'>Perfricare.</span> <span class='ocrx_word' id='word_1_257' title='bbox 360 2151 461 2182; x_wconf 87' lang='lat' dir='ltr'>Tusc.</span> <span class='ocrx_word' id='word_1_258' title='bbox 476 2151 521 2180; x_wconf 83' lang='lat' dir='ltr'>iii.</span> <span class='ocrx_word' id='word_1_259' title='bbox 543 2153 591 2181; x_wconf 76' lang='lat'>18.</span> <span class='ocrx_word' id='word_1_260' title='bbox 607 2160 721 2189; x_wconf 88' lang='lat' dir='ltr'>quam,</span> <span class='ocrx_word' id='word_1_261' title='bbox 733 2160 811 2181; x_wconf 90' lang='lat' dir='ltr'>cum</span> 
     </span>
     <span class='ocr_line' id='line_1_49' title="bbox 89 2193 810 2237; baseline -0.003 -11"><span class='ocrx_word' id='word_1_262' title='bbox 89 2194 353 2237; x_wconf 63' lang='lat' dir='ltr'>ospeer-icuisti,</span> <span class='ocrx_word' id='word_1_263' title='bbox 372 2193 456 2224; x_wconf 84' lang='lat' dir='ltr'>soles</span> <span class='ocrx_word' id='word_1_264' title='bbox 472 2193 581 2223; x_wconf 84' lang='lat' dir='ltr'>dicere</span> <span class='ocrx_word' id='word_1_265' title='bbox 596 2205 602 2223; x_wconf 91' lang='lat'>:</span> <span class='ocrx_word' id='word_1_266' title='bbox 638 2193 671 2223; x_wconf 92' lang='lat' dir='ltr'>h.</span> <span class='ocrx_word' id='word_1_267' title='bbox 687 2203 717 2223; x_wconf 90' lang='lat' dir='ltr'>e.</span> <span class='ocrx_word' id='word_1_268' title='bbox 733 2204 810 2224; x_wconf 85' lang='lat' dir='ltr'>cum</span> 
     </span>
     <span class='ocr_line' id='line_1_50' title="bbox 86 2236 810 2279; baseline -0.003 -10"><span class='ocrx_word' id='word_1_269' title='bbox 86 2238 262 2279; x_wconf 87' lang='lat' dir='ltr'>impudens</span> <span class='ocrx_word' id='word_1_270' title='bbox 274 2237 381 2268; x_wconf 84' lang='lat' dir='ltr'>sactus</span> <span class='ocrx_word' id='word_1_271' title='bbox 392 2247 439 2275; x_wconf 72' lang='lat' dir='ltr'>es,</span> <span class='ocrx_word' id='word_1_272' title='bbox 450 2236 607 2277; x_wconf 76' lang='lat' dir='ltr'>pudorem</span> <span class='ocrx_word' id='word_1_273' title='bbox 618 2236 810 2277; x_wconf 84' lang='lat' dir='ltr'>deposuisti.</span> 
     </span>
     <span class='ocr_line' id='line_1_51' title="bbox 87 2280 810 2322; baseline -0.006 -9"><span class='ocrx_word' id='word_1_274' title='bbox 87 2282 152 2312; x_wconf 88' lang='lat' dir='ltr'>Sed</span> <span class='ocrx_word' id='word_1_275' title='bbox 169 2281 233 2312; x_wconf 86' lang='lat' dir='ltr'>Pis.</span> <span class='ocrx_word' id='word_1_276' title='bbox 249 2283 302 2313; x_wconf 91' lang='lat'>25.</span> <span class='ocrx_word' id='word_1_277' title='bbox 325 2286 428 2322; x_wconf 86' lang='lat' dir='ltr'>caput</span> <span class='ocrx_word' id='word_1_278' title='bbox 452 2280 586 2310; x_wconf 80' lang='lat' dir='ltr'>sinistra</span> <span class='ocrx_word' id='word_1_279' title='bbox 611 2289 712 2310; x_wconf 86' lang='lat' dir='ltr'>manu</span> <span class='ocrx_word' id='word_1_280' title='bbox 732 2290 810 2320; x_wconf 81' lang='lat' dir='ltr'>per-</span> 
     </span>
     <span class='ocr_line' id='line_1_52' title="bbox 73 2322 809 2365; baseline -0.007 -8"><span class='ocrx_word' id='word_1_281' title='bbox 73 2323 223 2365; x_wconf 79' lang='lat' dir='ltr'>fricare,</span> <span class='ocrx_word' id='word_1_282' title='bbox 238 2323 385 2355; x_wconf 87' lang='lat' dir='ltr'>Victorio</span> <span class='ocrx_word' id='word_1_283' title='bbox 411 2323 486 2353; x_wconf 89' lang='lat' dir='ltr'>Var.</span> <span class='ocrx_word' id='word_1_284' title='bbox 511 2322 532 2353; x_wconf 94' lang='grc'>1.</span> <span class='ocrx_word' id='word_1_285' title='bbox 549 2323 617 2353; x_wconf 76' lang='lat' dir='ltr'>viii.</span> <span class='ocrx_word' id='word_1_286' title='bbox 638 2324 669 2354; x_wconf 86' lang='lat'>6.</span> <span class='ocrx_word' id='word_1_287' title='bbox 686 2327 720 2353; x_wconf 83' lang='lat' dir='ltr'>et</span> <span class='ocrx_word' id='word_1_288' title='bbox 737 2322 809 2353; x_wconf 87' lang='lat' dir='ltr'>aliis</span> 
     </span>
     <span class='ocr_line' id='line_1_53' title="bbox 85 2365 808 2406; baseline -0.006 -7"><span class='ocrx_word' id='word_1_289' title='bbox 85 2368 218 2399; x_wconf 89' lang='lat' dir='ltr'>videtur</span> <span class='ocrx_word' id='word_1_290' title='bbox 245 2377 316 2398; x_wconf 85' lang='lat' dir='ltr'>esse</span> <span class='ocrx_word' id='word_1_291' title='bbox 345 2367 478 2406; x_wconf 79' lang='lat' dir='ltr'>signum</span> <span class='ocrx_word' id='word_1_292' title='bbox 511 2365 709 2402; x_wconf 75' lang='lat' dir='ltr'>haesitantis,</span> <span class='ocrx_word' id='word_1_293' title='bbox 739 2366 808 2405; x_wconf 88' lang='lat' dir='ltr'>qui,</span> 
     </span>
     <span class='ocr_line' id='line_1_54' title="bbox 85 2409 808 2450; baseline -0.006 -7"><span class='ocrx_word' id='word_1_294' title='bbox 85 2411 166 2450; x_wconf 81' lang='lat' dir='ltr'>quid</span> <span class='ocrx_word' id='word_1_295' title='bbox 177 2410 355 2443; x_wconf 87' lang='lat' dir='ltr'>dicendum</span> <span class='ocrx_word' id='word_1_296' title='bbox 372 2409 602 2440; x_wconf 76' lang='lat' dir='ltr'>faciendumve</span> <span class='ocrx_word' id='word_1_297' title='bbox 616 2409 674 2446; x_wconf 79' lang='lat' dir='ltr'>sit,</span> <span class='ocrx_word' id='word_1_298' title='bbox 691 2410 808 2439; x_wconf 85' lang='lat' dir='ltr'>nescit.</span> 
     </span>
     <span class='ocr_line' id='line_1_55' title="bbox 84 2451 809 2491; baseline -0.003 -6"><span class='ocrx_word' id='word_1_299' title='bbox 84 2453 171 2485; x_wconf 84' lang='lat' dir='ltr'>Mihi</span> <span class='ocrx_word' id='word_1_300' title='bbox 196 2463 273 2485; x_wconf 86' lang='lat' dir='ltr'>vero</span> <span class='ocrx_word' id='word_1_301' title='bbox 298 2454 398 2484; x_wconf 84' lang='lat' dir='ltr'>etiam</span> <span class='ocrx_word' id='word_1_302' title='bbox 421 2453 453 2483; x_wconf 90' lang='lat' dir='ltr'>h.</span> <span class='ocrx_word' id='word_1_303' title='bbox 481 2452 503 2483; x_wconf 89' lang='lat' dir='ltr'>l.</span> <span class='ocrx_word' id='word_1_304' title='bbox 530 2451 570 2482; x_wconf 86' lang='lat' dir='ltr'>de</span> <span class='ocrx_word' id='word_1_305' title='bbox 600 2451 809 2491; x_wconf 83' lang='lat' dir='ltr'>impudentia</span> 
     </span>
     <span class='ocr_line' id='line_1_56' title="bbox 84 2494 807 2538; baseline -0.003 -10"><span class='ocrx_word' id='word_1_306' title='bbox 84 2497 316 2538; x_wconf 82' lang='lat' dir='ltr'>accipiendum</span> <span class='ocrx_word' id='word_1_307' title='bbox 344 2496 486 2532; x_wconf 82' lang='lat' dir='ltr'>videtur,</span> <span class='ocrx_word' id='word_1_308' title='bbox 514 2495 554 2525; x_wconf 86' lang='lat' dir='ltr'>de</span> <span class='ocrx_word' id='word_1_309' title='bbox 580 2494 727 2534; x_wconf 87' lang='lat' dir='ltr'>homine,</span> <span class='ocrx_word' id='word_1_310' title='bbox 751 2496 807 2534; x_wconf 82' lang='lat' dir='ltr'>qui</span> 
     </span>
     <span class='ocr_line' id='line_1_57' title="bbox 85 2538 807 2579; baseline -0.004 -8"><span class='ocrx_word' id='word_1_311' title='bbox 85 2539 170 2579; x_wconf 75' lang='lat' dir='ltr'>nihil</span> <span class='ocrx_word' id='word_1_312' title='bbox 186 2546 351 2578; x_wconf 87' lang='lat' dir='ltr'>vereatur,</span> <span class='ocrx_word' id='word_1_313' title='bbox 365 2538 448 2570; x_wconf 84' lang='lat' dir='ltr'>nihil</span> <span class='ocrx_word' id='word_1_314' title='bbox 463 2539 594 2569; x_wconf 86' lang='lat' dir='ltr'>timeat.</span> <span class='ocrx_word' id='word_1_315' title='bbox 629 2538 716 2568; x_wconf 88' lang='lat' dir='ltr'>Nam</span> <span class='ocrx_word' id='word_1_316' title='bbox 734 2538 807 2568; x_wconf 89' lang='lat' dir='ltr'>Piso</span> 
     </span>
     <span class='ocr_line' id='line_1_58' title="bbox 84 2581 807 2625; baseline -0.004 -11"><span class='ocrx_word' id='word_1_317' title='bbox 84 2584 132 2625; x_wconf 61' lang='lat' dir='ltr'>ita</span> <span class='ocrx_word' id='word_1_318' title='bbox 146 2583 330 2621; x_wconf 84' lang='lat' dir='ltr'>inducitur,</span> <span class='ocrx_word' id='word_1_319' title='bbox 346 2589 385 2614; x_wconf 90' lang='lat' dir='ltr'>ut</span> <span class='ocrx_word' id='word_1_320' title='bbox 407 2582 508 2619; x_wconf 86' lang='lat' dir='ltr'>dicat,</span> <span class='ocrx_word' id='word_1_321' title='bbox 533 2582 678 2611; x_wconf 87' lang='lat' dir='ltr'>rationes</span> <span class='ocrx_word' id='word_1_322' title='bbox 704 2590 739 2611; x_wconf 83' lang='lat' dir='ltr'>se</span> <span class='ocrx_word' id='word_1_323' title='bbox 766 2581 807 2611; x_wconf 87' lang='lat' dir='ltr'>ad</span> 
     </span>
     <span class='ocr_line' id='line_1_59' title="bbox 82 2624 806 2665; baseline -0.003 -9"><span class='ocrx_word' id='word_1_324' title='bbox 82 2628 239 2663; x_wconf 65' lang='lat' dir='ltr'>erarium</span> <span class='ocrx_word' id='word_1_325' title='bbox 265 2626 430 2662; x_wconf 82' lang='lat' dir='ltr'>retulisse,</span> <span class='ocrx_word' id='word_1_326' title='bbox 447 2624 644 2665; x_wconf 80' lang='lat' dir='ltr'>perscriptas</span> <span class='ocrx_word' id='word_1_327' title='bbox 667 2624 749 2654; x_wconf 73' lang='lat' dir='ltr'>scite</span> <span class='ocrx_word' id='word_1_328' title='bbox 771 2630 806 2654; x_wconf 89' lang='lat' dir='ltr'>et</span> 
     </span>
     <span class='ocr_line' id='line_1_60' title="bbox 82 2666 805 2707; baseline -0.006 -7"><span class='ocrx_word' id='word_1_329' title='bbox 82 2669 228 2707; x_wconf 74' lang='lat' dir='ltr'>litei-ate,</span> <span class='ocrx_word' id='word_1_330' title='bbox 259 2669 292 2700; x_wconf 89' lang='lat' dir='ltr'>h.</span> <span class='ocrx_word' id='word_1_331' title='bbox 317 2679 346 2699; x_wconf 89' lang='lat' dir='ltr'>e.</span> <span class='ocrx_word' id='word_1_332' title='bbox 370 2667 501 2706; x_wconf 88' lang='lat' dir='ltr'>callide,</span> <span class='ocrx_word' id='word_1_333' title='bbox 517 2671 551 2697; x_wconf 77' lang='lat' dir='ltr'>et</span> <span class='ocrx_word' id='word_1_334' title='bbox 579 2666 620 2697; x_wconf 83' lang='lat' dir='ltr'>ad</span> <span class='ocrx_word' id='word_1_335' title='bbox 645 2667 805 2705; x_wconf 78' lang='lat' dir='ltr'>teg-endas</span> 
     </span>
     <span class='ocr_line' id='line_1_61' title="bbox 81 2709 805 2747; baseline -0.004 -5"><span class='ocrx_word' id='word_1_336' title='bbox 81 2711 213 2743; x_wconf 74' lang='lat' dir='ltr'>fraudes</span> <span class='ocrx_word' id='word_1_337' title='bbox 229 2716 265 2742; x_wconf 83' lang='lat' dir='ltr'>et</span> <span class='ocrx_word' id='word_1_338' title='bbox 279 2711 370 2742; x_wconf 82' lang='lat' dir='ltr'>furta</span> <span class='ocrx_word' id='word_1_339' title='bbox 384 2709 740 2747; x_wconf 84' lang='lat' dir='ltr'>accommodatissime,</span> <span class='ocrx_word' id='word_1_340' title='bbox 757 2710 805 2740; x_wconf 86' lang='lat' dir='ltr'>ita</span> 
     </span>
     <span class='ocr_line' id='line_1_62' title="bbox 81 2753 804 2795; baseline -0.004 -10"><span class='ocrx_word' id='word_1_341' title='bbox 81 2759 121 2786; x_wconf 89' lang='lat' dir='ltr'>ut</span> <span class='ocrx_word' id='word_1_342' title='bbox 148 2755 218 2795; x_wconf 83' lang='lat' dir='ltr'>ipse</span> <span class='ocrx_word' id='word_1_343' title='bbox 241 2755 349 2785; x_wconf 85' lang='lat' dir='ltr'>scriba</span> <span class='ocrx_word' id='word_1_344' title='bbox 371 2754 457 2785; x_wconf 89' lang='lat' dir='ltr'>hanc</span> <span class='ocrx_word' id='word_1_345' title='bbox 487 2753 704 2783; x_wconf 80' lang='lat' dir='ltr'>calliditatem</span> <span class='ocrx_word' id='word_1_346' title='bbox 731 2762 804 2792; x_wconf 86' lang='lat' dir='ltr'>per-</span> 
     </span>
     <span class='ocr_line' id='line_1_63' title="bbox 79 2797 803 2838; baseline -0.006 -9"><span class='ocrx_word' id='word_1_347' title='bbox 79 2798 277 2838; x_wconf 76' lang='lat' dir='ltr'>spexerit,et</span> <span class='ocrx_word' id='word_1_348' title='bbox 287 2798 388 2828; x_wconf 82' lang='lat' dir='ltr'>tacite</span> <span class='ocrx_word' id='word_1_349' title='bbox 400 2797 539 2828; x_wconf 85' lang='lat' dir='ltr'>dixerit:</span> <span class='ocrx_word' id='word_1_350' title='bbox 557 2797 642 2826; x_wconf 84' lang='lat' dir='ltr'>ratio</span> <span class='ocrx_word' id='word_1_351' title='bbox 653 2800 803 2836; x_wconf 79' lang='lat' dir='ltr'>apparet,</span> 
     </span>
     <span class='ocr_line' id='line_1_64' title="bbox 78 2838 803 2883; baseline -0.001 -12"><span class='ocrx_word' id='word_1_352' title='bbox 78 2838 342 2883; x_wconf 60' lang='lat' dir='ltr'>&#39;utsiargentum</span> <span class='ocrx_word' id='word_1_353' title='bbox 371 2839 498 2881; x_wconf 68' lang='grc' dir='ltr'>οἴχεται.</span> <span class='ocrx_word' id='word_1_354' title='bbox 544 2839 620 2871; x_wconf 81' lang='lat' dir='ltr'>Nou</span> <span class='ocrx_word' id='word_1_355' title='bbox 649 2838 703 2870; x_wconf 78' lang='lat' dir='ltr'>hie</span> <span class='ocrx_word' id='word_1_356' title='bbox 727 2848 803 2881; x_wconf 89' lang='lat' dir='ltr'>pro-</span> 
     </span>
    </p>
   </div>
   <div class='ocr_carea' id='block_1_3' title="bbox 1504 84 1588 131">
    <p class='ocr_par' dir='ltr' id='par_1_11' title="bbox 1504 84 1588 131">
     <span class='ocr_line' id='line_1_65' title="bbox 1504 84 1588 131; baseline 0 -7"><span class='ocrx_word' id='word_1_357' title='bbox 1504 84 1588 131; x_wconf 72' lang='grc'>888</span> 
     </span>
    </p>
   </div>
   <div class='ocr_carea' id='block_1_4' title="bbox 846 168 1588 2883">
    <p class='ocr_par' dir='ltr' id='par_1_12' title="bbox 872 168 1588 241">
     <span class='ocr_line' id='line_1_66' title="bbox 872 168 1588 240; baseline 0.021 -43"><span class='ocrx_word' id='word_1_358' title='bbox 872 168 960 240; x_wconf 50' lang='lat' dir='ltr'>{Zeto</span> <span class='ocrx_word' id='word_1_359' title='bbox 977 169 1141 202; x_wconf 65' lang='lat' dir='ltr'>haesitatio</span> <span class='ocrx_word' id='word_1_360' title='bbox 1156 178 1190 204; x_wconf 85' lang='lat' dir='ltr'>ct</span> <span class='ocrx_word' id='word_1_361' title='bbox 1205 175 1390 208; x_wconf 83' lang='lat' dir='ltr'>sollicitudo</span> <span class='ocrx_word' id='word_1_362' title='bbox 1405 178 1512 211; x_wconf 84' lang='lat' dir='ltr'>locum</span> <span class='ocrx_word' id='word_1_363' title='bbox 1529 180 1588 212; x_wconf 64' lang='lat' dir='ltr'>ha·</span> 
     </span>
     <span class='ocr_line' id='line_1_67' title="bbox 915 216 940 241; baseline 0.04 -1"><span class='ocrx_word' id='word_1_364' title='bbox 915 216 940 241; x_wconf 85' lang='lat' dir='ltr'>t.</span> 
     </span>
    </p>

    <p class='ocr_par' dir='ltr' id='par_1_13' title="bbox 862 253 1585 725">
     <span class='ocr_line' id='line_1_68' title="bbox 917 253 1583 303; baseline 0.021 -20"><span class='ocrx_word' id='word_1_365' title='bbox 917 253 1240 295; x_wconf 53' lang='lat' dir='ltr'>Persi-ingerasext.</span> <span class='ocrx_word' id='word_1_366' title='bbox 1257 263 1309 292; x_wconf 67' lang='lat'>6⁴.</span> <span class='ocrx_word' id='word_1_367' title='bbox 1321 263 1522 303; x_wconf 61' lang='lat' dir='ltr'>perfringere</span> <span class='ocrx_word' id='word_1_368' title='bbox 1539 266 1583 297; x_wconf 89' lang='lat' dir='ltr'>lc·</span> 
     </span>
     <span class='ocr_line' id='line_1_69' title="bbox 871 299 1585 345; baseline 0.022 -21"><span class='ocrx_word' id='word_1_369' title='bbox 871 306 926 335; x_wconf 71' lang='lat' dir='ltr'>ges</span> <span class='ocrx_word' id='word_1_370' title='bbox 948 305 979 327; x_wconf 83' lang='lat' dir='ltr'>et</span> <span class='ocrx_word' id='word_1_371' title='bbox 993 299 1118 337; x_wconf 77' lang='lat' dir='ltr'>judicia</span> <span class='ocrx_word' id='word_1_372' title='bbox 1134 302 1249 340; x_wconf 75' lang='lat' dir='ltr'>opibus</span> <span class='ocrx_word' id='word_1_373' title='bbox 1274 311 1305 333; x_wconf 76' lang='lat' dir='ltr'>ct</span> <span class='ocrx_word' id='word_1_374' title='bbox 1336 310 1492 345; x_wconf 73' lang='lat' dir='ltr'>putentia.</span> <span class='ocrx_word' id='word_1_375' title='bbox 1524 310 1585 339; x_wconf 78' lang='lat' dir='ltr'>Ca-</span> 
     </span>
     <span class='ocr_line' id='line_1_70' title="bbox 870 339 1582 385; baseline 0.018 -15"><span class='ocrx_word' id='word_1_376' title='bbox 870 339 920 370; x_wconf 82' lang='lat' dir='ltr'>til.</span> <span class='ocrx_word' id='word_1_377' title='bbox 948 341 972 370; x_wconf 85' lang='lat' dir='ltr'>i.</span> <span class='ocrx_word' id='word_1_378' title='bbox 1003 345 1033 375; x_wconf 80' lang='grc'>7.</span> <span class='ocrx_word' id='word_1_379' title='bbox 1060 343 1267 382; x_wconf 54' lang='lat' dir='ltr'>perfringere</span> <span class='ocrx_word' id='word_1_380' title='bbox 1293 352 1500 385; x_wconf 64' lang='lat' dir='ltr'>quesn-mes.</span> <span class='ocrx_word' id='word_1_381' title='bbox 1539 352 1582 383; x_wconf 79' lang='lat' dir='ltr'>cf.</span> 
     </span>
     <span class='ocr_line' id='line_1_71' title="bbox 872 383 1585 424; baseline 0.018 -12"><span class='ocrx_word' id='word_1_382' title='bbox 872 383 994 414; x_wconf 80' lang='lat' dir='ltr'>Caecin.</span> <span class='ocrx_word' id='word_1_383' title='bbox 1012 385 1064 416; x_wconf 66' lang='grc'>96.</span> <span class='ocrx_word' id='word_1_384' title='bbox 1089 387 1161 416; x_wconf 79' lang='lat' dir='ltr'>Act.</span> <span class='ocrx_word' id='word_1_385' title='bbox 1180 388 1198 416; x_wconf 86' lang='lat' dir='ltr'>i.</span> <span class='ocrx_word' id='word_1_386' title='bbox 1217 388 1306 418; x_wconf 81' lang='lat' dir='ltr'>Verr.</span> <span class='ocrx_word' id='word_1_387' title='bbox 1327 394 1353 420; x_wconf 89' lang='lat' dir='ltr'>l.</span> <span class='ocrx_word' id='word_1_388' title='bbox 1378 393 1450 422; x_wconf 77' lang='lat' dir='ltr'>Mil.</span> <span class='ocrx_word' id='word_1_389' title='bbox 1468 396 1519 424; x_wconf 72' lang='lat'>3¹2.</span> <span class='ocrx_word' id='word_1_390' title='bbox 1535 394 1585 424; x_wconf 83' lang='lat' dir='ltr'>di-</span> 
     </span>
     <span class='ocr_line' id='line_1_72' title="bbox 870 427 1584 476; baseline 0.018 -21"><span class='ocrx_word' id='word_1_391' title='bbox 870 427 958 456; x_wconf 87' lang='lat' dir='ltr'>citur</span> <span class='ocrx_word' id='word_1_392' title='bbox 983 427 1022 457; x_wconf 86' lang='lat' dir='ltr'>de</span> <span class='ocrx_word' id='word_1_393' title='bbox 1050 430 1124 465; x_wconf 81' lang='lat' dir='ltr'>reis,</span> <span class='ocrx_word' id='word_1_394' title='bbox 1148 431 1203 468; x_wconf 88' lang='lat' dir='ltr'>qui</span> <span class='ocrx_word' id='word_1_395' title='bbox 1230 434 1380 470; x_wconf 79' lang='lat' dir='ltr'>pecnnia,</span> <span class='ocrx_word' id='word_1_396' title='bbox 1399 439 1516 474; x_wconf 73' lang='lat' dir='ltr'>gratia,</span> <span class='ocrx_word' id='word_1_397' title='bbox 1540 439 1584 476; x_wconf 78' lang='lat' dir='ltr'>vi,</span> 
     </span>
     <span class='ocr_line' id='line_1_73' title="bbox 870 472 1583 512; baseline 0.017 -14"><span class='ocrx_word' id='word_1_398' title='bbox 870 479 998 509; x_wconf 67' lang='lat' dir='ltr'>posnam</span> <span class='ocrx_word' id='word_1_399' title='bbox 1030 472 1176 502; x_wconf 80' lang='lat' dir='ltr'>evadunt</span> <span class='ocrx_word' id='word_1_400' title='bbox 1197 480 1231 503; x_wconf 86' lang='lat' dir='ltr'>et</span> <span class='ocrx_word' id='word_1_401' title='bbox 1254 475 1476 508; x_wconf 72' lang='lat' dir='ltr'>absolvuntur.</span> <span class='ocrx_word' id='word_1_402' title='bbox 1510 484 1526 500; x_wconf 76' lang='lat'><em>⁰</em></span> <span class='ocrx_word' id='word_1_403' title='bbox 1543 481 1583 512; x_wconf 83' lang='lat' dir='ltr'>de</span> 
     </span>
     <span class='ocr_line' id='line_1_74' title="bbox 869 514 1585 554; baseline 0.018 -13"><span class='ocrx_word' id='word_1_404' title='bbox 869 514 1016 543; x_wconf 80' lang='lat' dir='ltr'>oratione</span> <span class='ocrx_word' id='word_1_405' title='bbox 1046 515 1201 545; x_wconf 85' lang='lat' dir='ltr'>sublimi:</span> <span class='ocrx_word' id='word_1_406' title='bbox 1233 519 1291 546; x_wconf 84' lang='lat' dir='ltr'>Or.</span> <span class='ocrx_word' id='word_1_407' title='bbox 1314 520 1365 548; x_wconf 67' lang='lat'>28.</span> <span class='ocrx_word' id='word_1_408' title='bbox 1396 519 1464 550; x_wconf 80' lang='lat' dir='ltr'>hoec</span> <span class='ocrx_word' id='word_1_409' title='bbox 1489 523 1585 554; x_wconf 88' lang='lat' dir='ltr'>modo</span> 
     </span>
     <span class='ocr_line' id='line_1_75' title="bbox 864 555 1583 600; baseline 0.015 -15"><span class='ocrx_word' id='word_1_410' title='bbox 864 555 1056 596; x_wconf 59' lang='lat' dir='ltr'>perfringit,</span> <span class='ocrx_word' id='word_1_411' title='bbox 1095 559 1190 588; x_wconf 89' lang='lat' dir='ltr'>modo</span> <span class='ocrx_word' id='word_1_412' title='bbox 1229 560 1341 600; x_wconf 85' lang='lat' dir='ltr'>irrepit</span> <span class='ocrx_word' id='word_1_413' title='bbox 1380 562 1413 591; x_wconf 84' lang='lat' dir='ltr'>in</span> <span class='ocrx_word' id='word_1_414' title='bbox 1457 574 1583 596; x_wconf 84' lang='lat' dir='ltr'>sensus.</span> 
     </span>
     <span class='ocr_line' id='line_1_76' title="bbox 869 599 1584 642; baseline 0.014 -14"><span class='ocrx_word' id='word_1_415' title='bbox 869 599 962 629; x_wconf 84' lang='lat' dir='ltr'>Brut.</span> <span class='ocrx_word' id='word_1_416' title='bbox 992 605 1022 635; x_wconf 84' lang='grc'>9.</span> <span class='ocrx_word' id='word_1_417' title='bbox 1047 601 1294 642; x_wconf 79' lang='lat' dir='ltr'>Theophrastus</span> <span class='ocrx_word' id='word_1_418' title='bbox 1329 604 1391 634; x_wconf 80' lang='lat' dir='ltr'>fuit</span> <span class='ocrx_word' id='word_1_419' title='bbox 1421 608 1584 638; x_wconf 83' lang='lat' dir='ltr'>suavitate</span> 
     </span>
     <span class='ocr_line' id='line_1_77' title="bbox 867 645 1585 690; baseline 0.015 -20"><span class='ocrx_word' id='word_1_420' title='bbox 867 653 919 678; x_wconf 77' lang='lat' dir='ltr'>ca,</span> <span class='ocrx_word' id='word_1_421' title='bbox 936 653 1001 681; x_wconf 79' lang='lat' dir='ltr'>qua</span> <span class='ocrx_word' id='word_1_422' title='bbox 1024 645 1235 683; x_wconf 72' lang='lat' dir='ltr'>perfunderet</span> <span class='ocrx_word' id='word_1_423' title='bbox 1263 647 1403 686; x_wconf 74' lang='lat' dir='ltr'>animos,</span> <span class='ocrx_word' id='word_1_424' title='bbox 1429 658 1495 679; x_wconf 87' lang='lat' dir='ltr'>non</span> <span class='ocrx_word' id='word_1_425' title='bbox 1520 660 1585 690; x_wconf 77' lang='lat' dir='ltr'>qua</span> 
     </span>
     <span class='ocr_line' id='line_1_78' title="bbox 862 686 1093 725; baseline 0.013 -11"><span class='ocrx_word' id='word_1_426' title='bbox 862 686 1093 725; x_wconf 59' lang='lat' dir='ltr'>peyringerel.</span> 
     </span>
    </p>

    <p class='ocr_par' dir='ltr' id='par_1_14' title="bbox 866 729 1585 856">
     <span class='ocr_line' id='line_1_79' title="bbox 912 729 1585 775; baseline 0.015 -17"><span class='ocrx_word' id='word_1_427' title='bbox 912 729 1120 768; x_wconf 64' lang='lat' dir='ltr'>l’myizgium.</span> <span class='ocrx_word' id='word_1_428' title='bbox 1165 731 1298 763; x_wconf 83' lang='lat' dir='ltr'>Cluent.</span> <span class='ocrx_word' id='word_1_429' title='bbox 1339 736 1387 768; x_wconf 85' lang='lat'>19.</span> <span class='ocrx_word' id='word_1_430' title='bbox 1424 735 1585 775; x_wconf 73' lang='lat' dir='ltr'>perfugia</span> 
     </span>
     <span class='ocr_line' id='line_1_80' title="bbox 867 776 1584 816; baseline 0.015 -16"><span class='ocrx_word' id='word_1_431' title='bbox 867 782 1054 809; x_wconf 65' lang='lat' dir='ltr'>causarum,</span> <span class='ocrx_word' id='word_1_432' title='bbox 1079 781 1156 803; x_wconf 80' lang='lat' dir='ltr'>sunt</span> <span class='ocrx_word' id='word_1_433' title='bbox 1182 776 1335 814; x_wconf 78' lang='lat' dir='ltr'>artificia,</span> <span class='ocrx_word' id='word_1_434' title='bbox 1353 778 1471 816; x_wconf 85' lang='lat' dir='ltr'>quibus</span> <span class='ocrx_word' id='word_1_435' title='bbox 1488 780 1584 811; x_wconf 66' lang='lat' dir='ltr'>malo</span> 
     </span>
     <span class='ocr_line' id='line_1_81' title="bbox 866 816 1284 856; baseline 0.012 -13"><span class='ocrx_word' id='word_1_436' title='bbox 866 824 972 845; x_wconf 68' lang='lat' dir='ltr'>causae</span> <span class='ocrx_word' id='word_1_437' title='bbox 989 816 1120 846; x_wconf 83' lang='lat' dir='ltr'>defendi</span> <span class='ocrx_word' id='word_1_438' title='bbox 1137 824 1284 856; x_wconf 81' lang='lat' dir='ltr'>possunt.</span> 
     </span>
    </p>

    <p class='ocr_par' dir='ltr' id='par_1_15' title="bbox 865 858 1584 1018">
     <span class='ocr_line' id='line_1_82' title="bbox 911 858 1584 898; baseline 0.013 -10"><span class='ocrx_word' id='word_1_439' title='bbox 911 858 1101 898; x_wconf 55' lang='lat' dir='ltr'>I&#39;cgy&#39;unctio</span> <span class='ocrx_word' id='word_1_440' title='bbox 1123 859 1295 892; x_wconf 82' lang='lat' dir='ltr'>honorum.</span> <span class='ocrx_word' id='word_1_441' title='bbox 1326 863 1383 894; x_wconf 91' lang='lat' dir='ltr'>Or.</span> <span class='ocrx_word' id='word_1_442' title='bbox 1407 865 1453 895; x_wconf 84' lang='lat' dir='ltr'>iii.</span> <span class='ocrx_word' id='word_1_443' title='bbox 1480 866 1510 896; x_wconf 74' lang='lat'>2.</span> <span class='ocrx_word' id='word_1_444' title='bbox 1532 870 1584 898; x_wconf 78' lang='lat' dir='ltr'>est</span> 
     </span>
     <span class='ocr_line' id='line_1_83' title="bbox 866 902 1583 947; baseline 0.013 -17"><span class='ocrx_word' id='word_1_445' title='bbox 866 911 940 931; x_wconf 91' lang='lat' dir='ltr'>cum</span> <span class='ocrx_word' id='word_1_446' title='bbox 959 902 1152 933; x_wconf 81' lang='lat' dir='ltr'>consulatus</span> <span class='ocrx_word' id='word_1_447' title='bbox 1169 911 1280 941; x_wconf 86' lang='lat' dir='ltr'>gestus</span> <span class='ocrx_word' id='word_1_448' title='bbox 1305 912 1367 942; x_wconf 89' lang='lat' dir='ltr'>est,</span> <span class='ocrx_word' id='word_1_449' title='bbox 1393 906 1425 936; x_wconf 86' lang='lat' dir='ltr'>in</span> <span class='ocrx_word' id='word_1_450' title='bbox 1441 918 1507 947; x_wconf 86' lang='lat' dir='ltr'>quo</span> <span class='ocrx_word' id='word_1_451' title='bbox 1531 915 1583 940; x_wconf 78' lang='lat' dir='ltr'>est</span> 
     </span>
     <span class='ocr_line' id='line_1_84' title="bbox 865 944 1582 989; baseline 0.014 -16"><span class='ocrx_word' id='word_1_452' title='bbox 865 944 939 973; x_wconf 68' lang='lat' dir='ltr'>finis</span> <span class='ocrx_word' id='word_1_453' title='bbox 954 945 1115 976; x_wconf 78' lang='lat' dir='ltr'>honorum</span> <span class='ocrx_word' id='word_1_454' title='bbox 1136 952 1172 976; x_wconf 95' lang='lat' dir='ltr'>ut</span> <span class='ocrx_word' id='word_1_455' title='bbox 1188 947 1323 978; x_wconf 77' lang='lat' dir='ltr'>ultimus</span> <span class='ocrx_word' id='word_1_456' title='bbox 1340 950 1471 989; x_wconf 73' lang='lat' dir='ltr'>gradus,</span> <span class='ocrx_word' id='word_1_457' title='bbox 1489 955 1526 982; x_wconf 89' lang='lat' dir='ltr'>ut</span> <span class='ocrx_word' id='word_1_458' title='bbox 1538 953 1582 983; x_wconf 82' lang='lat' dir='ltr'>ibi</span> 
     </span>
     <span class='ocr_line' id='line_1_85' title="bbox 865 987 1044 1018; baseline 0.006 -1"><span class='ocrx_word' id='word_1_459' title='bbox 865 987 898 1017; x_wconf 85' lang='lat' dir='ltr'>in</span> <span class='ocrx_word' id='word_1_460' title='bbox 916 988 1044 1018; x_wconf 65' lang='lat' dir='ltr'>Crasso.</span> 
     </span>
    </p>

    <p class='ocr_par' dir='ltr' id='par_1_16' title="bbox 857 1030 1582 1159">
     <span class='ocr_line' id='line_1_86' title="bbox 907 1030 1581 1071; baseline 0.012 -11"><span class='ocrx_word' id='word_1_461' title='bbox 907 1030 1125 1070; x_wconf 66' lang='lat' dir='ltr'>Perjundm,</span> <span class='ocrx_word' id='word_1_462' title='bbox 1142 1042 1269 1063; x_wconf 75' lang='lat' dir='ltr'>vexare.</span> <span class='ocrx_word' id='word_1_463' title='bbox 1287 1034 1382 1066; x_wconf 76' lang='lat' dir='ltr'>Rosc.</span> <span class='ocrx_word' id='word_1_464' title='bbox 1398 1035 1437 1066; x_wconf 85' lang='lat' dir='ltr'>A.</span> <span class='ocrx_word' id='word_1_465' title='bbox 1453 1038 1504 1071; x_wconf 85' lang='lat'>29.</span> <span class='ocrx_word' id='word_1_466' title='bbox 1521 1047 1581 1068; x_wconf 74' lang='lat' dir='ltr'>nos</span> 
     </span>
     <span class='ocr_line' id='line_1_87' title="bbox 857 1073 1582 1119; baseline 0.012 -17"><span class='ocrx_word' id='word_1_467' title='bbox 857 1073 1057 1113; x_wconf 69' lang='lat' dir='ltr'>petyilndme</span> <span class='ocrx_word' id='word_1_468' title='bbox 1066 1075 1206 1113; x_wconf 80' lang='lat' dir='ltr'>judicio,</span> <span class='ocrx_word' id='word_1_469' title='bbox 1219 1086 1370 1108; x_wconf 83' lang='lat' dir='ltr'>accusare</span> <span class='ocrx_word' id='word_1_470' title='bbox 1387 1086 1498 1110; x_wconf 84' lang='lat' dir='ltr'>autem</span> <span class='ocrx_word' id='word_1_471' title='bbox 1512 1090 1582 1119; x_wconf 66' lang='lat'>⁶:0⁵,</span> 
     </span>
     <span class='ocr_line' id='line_1_88' title="bbox 863 1117 1399 1159; baseline 0.011 -14"><span class='ocrx_word' id='word_1_472' title='bbox 863 1126 883 1146; x_wconf 91' lang='lat' dir='ltr'>a</span> <span class='ocrx_word' id='word_1_473' title='bbox 898 1117 1016 1154; x_wconf 80' lang='lat' dir='ltr'>quibus</span> <span class='ocrx_word' id='word_1_474' title='bbox 1032 1119 1215 1148; x_wconf 78' lang='lat' dir='ltr'>mercedem</span> <span class='ocrx_word' id='word_1_475' title='bbox 1232 1122 1399 1159; x_wconf 84' lang='lat' dir='ltr'>accepisti.</span> 
     </span>
    </p>

    <p class='ocr_par' dir='ltr' id='par_1_17' title="bbox 859 1158 1582 1503">
     <span class='ocr_line' id='line_1_89' title="bbox 906 1158 1579 1200; baseline 0.01 -11"><span class='ocrx_word' id='word_1_476' title='bbox 906 1158 1086 1199; x_wconf 68' lang='lat' dir='ltr'>Pety‘uugi,</span> <span class='ocrx_word' id='word_1_477' title='bbox 1101 1172 1119 1191; x_wconf 88' lang='lat' dir='ltr'>c</span> <span class='ocrx_word' id='word_1_478' title='bbox 1146 1161 1259 1200; x_wconf 82' lang='lat' dir='ltr'>regula</span> <span class='ocrx_word' id='word_1_479' title='bbox 1278 1162 1579 1196; x_wconf 82' lang='lat' dir='ltr'>Grammaticorum</span> 
     </span>
     <span class='ocr_line' id='line_1_90' title="bbox 863 1201 1578 1242; baseline 0.013 -11"><span class='ocrx_word' id='word_1_480' title='bbox 863 1201 902 1232; x_wconf 89' lang='lat' dir='ltr'>de</span> <span class='ocrx_word' id='word_1_481' title='bbox 914 1202 1006 1232; x_wconf 87' lang='lat' dir='ltr'>bonis</span> <span class='ocrx_word' id='word_1_482' title='bbox 1024 1204 1118 1234; x_wconf 90' lang='lat' dir='ltr'>rebus</span> <span class='ocrx_word' id='word_1_483' title='bbox 1135 1204 1269 1242; x_wconf 83' lang='lat' dir='ltr'>dicitur,</span> <span class='ocrx_word' id='word_1_484' title='bbox 1286 1211 1323 1236; x_wconf 89' lang='lat' dir='ltr'>ut</span> <span class='ocrx_word' id='word_1_485' title='bbox 1338 1206 1379 1236; x_wconf 88' lang='lat' dir='ltr'>ad</span> <span class='ocrx_word' id='word_1_486' title='bbox 1395 1207 1471 1238; x_wconf 84' lang='lat' dir='ltr'>Div.</span> <span class='ocrx_word' id='word_1_487' title='bbox 1489 1208 1530 1238; x_wconf 85' lang='lat' dir='ltr'>iv.</span> <span class='ocrx_word' id='word_1_488' title='bbox 1547 1212 1578 1240; x_wconf 86' lang='lat'>5.</span> 
     </span>
     <span class='ocr_line' id='line_1_91' title="bbox 862 1246 1582 1288; baseline 0.01 -14"><span class='ocrx_word' id='word_1_489' title='bbox 862 1246 1015 1276; x_wconf 84' lang='lat' dir='ltr'>omnibus</span> <span class='ocrx_word' id='word_1_490' title='bbox 1042 1257 1142 1287; x_wconf 87' lang='lat' dir='ltr'>prope</span> <span class='ocrx_word' id='word_1_491' title='bbox 1165 1247 1258 1278; x_wconf 84' lang='lat' dir='ltr'>bonis</span> <span class='ocrx_word' id='word_1_492' title='bbox 1275 1248 1484 1288; x_wconf 67' lang='lat' dir='ltr'>perfunctam</span> <span class='ocrx_word' id='word_1_493' title='bbox 1499 1261 1582 1282; x_wconf 88' lang='lat' dir='ltr'>esse.</span> 
     </span>
     <span class='ocr_line' id='line_1_92' title="bbox 862 1288 1579 1332; baseline 0.01 -14"><span class='ocrx_word' id='word_1_494' title='bbox 862 1288 925 1318; x_wconf 86' lang='lat' dir='ltr'>Sed</span> <span class='ocrx_word' id='word_1_495' title='bbox 956 1295 1006 1319; x_wconf 87' lang='lat' dir='ltr'>est</span> <span class='ocrx_word' id='word_1_496' title='bbox 1032 1291 1132 1320; x_wconf 80' lang='lat' dir='ltr'>etiam</span> <span class='ocrx_word' id='word_1_497' title='bbox 1159 1290 1198 1320; x_wconf 90' lang='lat' dir='ltr'>de</span> <span class='ocrx_word' id='word_1_498' title='bbox 1226 1291 1334 1329; x_wconf 87' lang='lat' dir='ltr'>malis,</span> <span class='ocrx_word' id='word_1_499' title='bbox 1365 1298 1401 1324; x_wconf 88' lang='lat' dir='ltr'>ut</span> <span class='ocrx_word' id='word_1_500' title='bbox 1431 1292 1579 1332; x_wconf 73' lang='lat' dir='ltr'>defungi.</span> 
     </span>
     <span class='ocr_line' id='line_1_93' title="bbox 861 1331 1580 1375; baseline 0.008 -14"><span class='ocrx_word' id='word_1_501' title='bbox 861 1331 1010 1362; x_wconf 86' lang='lat' dir='ltr'>Marcell.</span> <span class='ocrx_word' id='word_1_502' title='bbox 1038 1336 1085 1364; x_wconf 79' lang='lat'>10.</span> <span class='ocrx_word' id='word_1_503' title='bbox 1102 1333 1282 1374; x_wconf 69' lang='lat' dir='ltr'>persiam-ta</span> <span class='ocrx_word' id='word_1_504' title='bbox 1307 1345 1391 1375; x_wconf 86' lang='lat' dir='ltr'>resp.</span> <span class='ocrx_word' id='word_1_505' title='bbox 1417 1343 1468 1366; x_wconf 83' lang='lat' dir='ltr'>est</span> <span class='ocrx_word' id='word_1_506' title='bbox 1494 1336 1580 1367; x_wconf 91' lang='lat' dir='ltr'>bello</span> 
     </span>
     <span class='ocr_line' id='line_1_94' title="bbox 860 1375 1578 1410; baseline 0.008 -6"><span class='ocrx_word' id='word_1_507' title='bbox 860 1375 991 1405; x_wconf 81' lang='lat' dir='ltr'>misere.</span> <span class='ocrx_word' id='word_1_508' title='bbox 1008 1376 1050 1406; x_wconf 82' lang='lat' dir='ltr'>cf.</span> <span class='ocrx_word' id='word_1_509' title='bbox 1067 1376 1148 1407; x_wconf 86' lang='lat' dir='ltr'>Har.</span> <span class='ocrx_word' id='word_1_510' title='bbox 1172 1376 1212 1407; x_wconf 88' lang='lat' dir='ltr'>R.</span> <span class='ocrx_word' id='word_1_511' title='bbox 1243 1380 1273 1408; x_wconf 78' lang='lat'>3.</span> <span class='ocrx_word' id='word_1_512' title='bbox 1303 1378 1344 1408; x_wconf 92' lang='lat' dir='ltr'>ad</span> <span class='ocrx_word' id='word_1_513' title='bbox 1370 1379 1446 1409; x_wconf 79' lang='lat' dir='ltr'>niv.</span> <span class='ocrx_word' id='word_1_514' title='bbox 1473 1389 1501 1410; x_wconf 92' lang='lat' dir='ltr'>v.</span> <span class='ocrx_word' id='word_1_515' title='bbox 1530 1381 1578 1410; x_wconf 72' lang='lat'>12.</span> 
     </span>
     <span class='ocr_line' id='line_1_95' title="bbox 860 1418 1578 1460; baseline 0.01 -13"><span class='ocrx_word' id='word_1_516' title='bbox 860 1418 879 1435; x_wconf 61' lang='lat'>³</span> <span class='ocrx_word' id='word_1_517' title='bbox 894 1419 1047 1459; x_wconf 86' lang='lat' dir='ltr'>particip.</span> <span class='ocrx_word' id='word_1_518' title='bbox 1064 1419 1144 1459; x_wconf 83' lang='lat' dir='ltr'>perf.</span> <span class='ocrx_word' id='word_1_519' title='bbox 1161 1420 1261 1449; x_wconf 86' lang='lat' dir='ltr'>etiam</span> <span class='ocrx_word' id='word_1_520' title='bbox 1281 1422 1406 1460; x_wconf 72' lang='lat' dir='ltr'>passive</span> <span class='ocrx_word' id='word_1_521' title='bbox 1422 1425 1473 1452; x_wconf 89' lang='lat' dir='ltr'>est</span> <span class='ocrx_word' id='word_1_522' title='bbox 1487 1424 1578 1454; x_wconf 80' lang='lat' dir='ltr'>sext.</span> 
     </span>
     <span class='ocr_line' id='line_1_96' title="bbox 859 1462 1414 1503; baseline 0.009 -13"><span class='ocrx_word' id='word_1_523' title='bbox 859 1463 889 1491; x_wconf 88' lang='lat'>4.</span> <span class='ocrx_word' id='word_1_524' title='bbox 915 1463 1074 1492; x_wconf 87' lang='lat' dir='ltr'>memoria</span> <span class='ocrx_word' id='word_1_525' title='bbox 1084 1462 1250 1503; x_wconf 58' lang='lat' dir='ltr'>perfuncti</span> <span class='ocrx_word' id='word_1_526' title='bbox 1265 1465 1414 1503; x_wconf 82' lang='lat' dir='ltr'>periculi.</span> 
     </span>
    </p>

    <p class='ocr_par' dir='ltr' id='par_1_18' title="bbox 859 1501 1581 1588">
     <span class='ocr_line' id='line_1_97' title="bbox 903 1501 1581 1548; baseline 0.007 -14"><span class='ocrx_word' id='word_1_527' title='bbox 903 1501 1117 1536; x_wconf 69' lang='lat' dir='ltr'>Perieulasus.</span> <span class='ocrx_word' id='word_1_528' title='bbox 1146 1506 1215 1536; x_wconf 82' lang='lat' dir='ltr'>Att.</span> <span class='ocrx_word' id='word_1_529' title='bbox 1240 1507 1308 1536; x_wconf 85' lang='lat' dir='ltr'>xiii.</span> <span class='ocrx_word' id='word_1_530' title='bbox 1338 1509 1388 1539; x_wconf 70' lang='lat'>25.</span> <span class='ocrx_word' id='word_1_531' title='bbox 1408 1509 1581 1548; x_wconf 72' lang='lat' dir='ltr'>periculosi</span> 
     </span>
     <span class='ocr_line' id='line_1_98' title="bbox 859 1546 1329 1588; baseline 0.009 -12"><span class='ocrx_word' id='word_1_532' title='bbox 859 1546 894 1576; x_wconf 89' lang='lat' dir='ltr'>in</span> <span class='ocrx_word' id='word_1_533' title='bbox 910 1549 1127 1588; x_wconf 84' lang='lat' dir='ltr'>nosmetipsos</span> <span class='ocrx_word' id='word_1_534' title='bbox 1144 1548 1329 1580; x_wconf 78' lang='lat' dir='ltr'>fuissemus.</span> 
     </span>
    </p>

    <p class='ocr_par' dir='ltr' id='par_1_19' title="bbox 846 1590 1580 2883">
     <span class='ocr_line' id='line_1_99' title="bbox 902 1590 1579 1634; baseline 0.007 -14"><span class='ocrx_word' id='word_1_535' title='bbox 902 1590 1382 1631; x_wconf 80' lang='lat' dir='ltr'>Periculum‚judicium‚quod</span> <span class='ocrx_word' id='word_1_536' title='bbox 1393 1595 1579 1634; x_wconf 72' lang='lat' dir='ltr'>periculum</span> 
     </span>
     <span class='ocr_line' id='line_1_100' title="bbox 858 1634 1580 1677; baseline 0.008 -15"><span class='ocrx_word' id='word_1_537' title='bbox 858 1634 974 1673; x_wconf 79' lang='lat' dir='ltr'>capitis</span> <span class='ocrx_word' id='word_1_538' title='bbox 1002 1635 1109 1665; x_wconf 77' lang='lat' dir='ltr'>afl&#39;ert.</span> <span class='ocrx_word' id='word_1_539' title='bbox 1133 1635 1185 1664; x_wconf 79' lang='lat' dir='ltr'>Sic</span> <span class='ocrx_word' id='word_1_540' title='bbox 1208 1635 1304 1666; x_wconf 85' lang='lat' dir='ltr'>Rosc.</span> <span class='ocrx_word' id='word_1_541' title='bbox 1320 1636 1394 1667; x_wconf 84' lang='lat' dir='ltr'>Am.</span> <span class='ocrx_word' id='word_1_542' title='bbox 1420 1640 1472 1668; x_wconf 82' lang='lat'>30.</span> <span class='ocrx_word' id='word_1_543' title='bbox 1489 1640 1580 1677; x_wconf 79' lang='lat' dir='ltr'>peri-</span> 
     </span>
     <span class='ocr_line' id='line_1_101' title="bbox 856 1678 1578 1718; baseline 0.008 -12"><span class='ocrx_word' id='word_1_544' title='bbox 856 1678 967 1707; x_wconf 79' lang='lat' dir='ltr'>culum</span> <span class='ocrx_word' id='word_1_545' title='bbox 994 1688 1118 1715; x_wconf 85' lang='lat' dir='ltr'>creare,</span> <span class='ocrx_word' id='word_1_546' title='bbox 1147 1688 1205 1718; x_wconf 88' lang='lat' dir='ltr'>pro</span> <span class='ocrx_word' id='word_1_547' title='bbox 1234 1688 1399 1710; x_wconf 85' lang='lat' dir='ltr'>accusare.</span> <span class='ocrx_word' id='word_1_548' title='bbox 1421 1680 1519 1712; x_wconf 85' lang='lat' dir='ltr'>Arch.</span> <span class='ocrx_word' id='word_1_549' title='bbox 1546 1683 1578 1712; x_wconf 84' lang='lat'>6.</span> 
     </span>
     <span class='ocr_line' id='line_1_102' title="bbox 851 1721 1580 1763; baseline 0.008 -14"><span class='ocrx_word' id='word_1_550' title='bbox 851 1721 999 1759; x_wconf 79' lang='lat' dir='ltr'>pericula</span> <span class='ocrx_word' id='word_1_551' title='bbox 1029 1722 1223 1752; x_wconf 83' lang='lat' dir='ltr'>amicorum.</span> <span class='ocrx_word' id='word_1_552' title='bbox 1247 1721 1364 1753; x_wconf 83' lang='lat' dir='ltr'>Manil.</span> <span class='ocrx_word' id='word_1_553' title='bbox 1386 1726 1411 1753; x_wconf 91' lang='lat'>1.</span> <span class='ocrx_word' id='word_1_554' title='bbox 1428 1725 1580 1763; x_wconf 75' lang='lat' dir='ltr'>periculo</span> 
     </span>
     <span class='ocr_line' id='line_1_103' title="bbox 858 1763 1579 1805; baseline 0.008 -13"><span class='ocrx_word' id='word_1_555' title='bbox 858 1763 1073 1802; x_wconf 80' lang='lat' dir='ltr'>privatorum.</span> <span class='ocrx_word' id='word_1_556' title='bbox 1091 1767 1109 1786; x_wconf 63' lang='lat'>⁴*</span> <span class='ocrx_word' id='word_1_557' title='bbox 1126 1765 1167 1795; x_wconf 89' lang='lat' dir='ltr'>ad</span> <span class='ocrx_word' id='word_1_558' title='bbox 1175 1764 1250 1795; x_wconf 83' lang='lat' dir='ltr'>Div.</span> <span class='ocrx_word' id='word_1_559' title='bbox 1266 1766 1334 1796; x_wconf 87' lang='lat' dir='ltr'>xiii.</span> <span class='ocrx_word' id='word_1_560' title='bbox 1347 1767 1398 1797; x_wconf 84' lang='lat'>68.</span> <span class='ocrx_word' id='word_1_561' title='bbox 1409 1767 1488 1805; x_wconf 81' lang='lat' dir='ltr'>quid</span> <span class='ocrx_word' id='word_1_562' title='bbox 1503 1777 1579 1798; x_wconf 87' lang='lat' dir='ltr'>scn-</span> 
     </span>
     <span class='ocr_line' id='line_1_104' title="bbox 854 1807 1578 1850; baseline 0.007 -15"><span class='ocrx_word' id='word_1_563' title='bbox 854 1807 952 1844; x_wconf 83' lang='lat' dir='ltr'>tiam,</span> <span class='ocrx_word' id='word_1_564' title='bbox 969 1816 1034 1837; x_wconf 89' lang='lat' dir='ltr'>non</span> <span class='ocrx_word' id='word_1_565' title='bbox 1053 1816 1140 1847; x_wconf 83' lang='lat' dir='ltr'>saepe</span> <span class='ocrx_word' id='word_1_566' title='bbox 1166 1808 1320 1844; x_wconf 87' lang='lat' dir='ltr'>scribam,</span> <span class='ocrx_word' id='word_1_567' title='bbox 1336 1817 1471 1848; x_wconf 87' lang='lat' dir='ltr'>propter</span> <span class='ocrx_word' id='word_1_568' title='bbox 1489 1812 1578 1850; x_wconf 72' lang='lat' dir='ltr'>peri-</span> 
     </span>
     <span class='ocr_line' id='line_1_105' title="bbox 855 1850 1577 1892; baseline 0.008 -14"><span class='ocrx_word' id='word_1_569' title='bbox 855 1850 966 1879; x_wconf 83' lang='lat' dir='ltr'>culum</span> <span class='ocrx_word' id='word_1_570' title='bbox 980 1850 1141 1888; x_wconf 80' lang='lat' dir='ltr'>ejusmodi</span> <span class='ocrx_word' id='word_1_571' title='bbox 1155 1850 1337 1881; x_wconf 86' lang='lat' dir='ltr'>literarum.</span> <span class='ocrx_word' id='word_1_572' title='bbox 1354 1851 1372 1870; x_wconf 51' lang='lat' dir='ltr'><strong>ff</strong></span> <span class='ocrx_word' id='word_1_573' title='bbox 1387 1853 1577 1892; x_wconf 82' lang='lat' dir='ltr'>Specimen,</span> 
     </span>
     <span class='ocr_line' id='line_1_106' title="bbox 855 1892 1575 1933; baseline 0.006 -11"><span class='ocrx_word' id='word_1_574' title='bbox 855 1892 942 1930; x_wconf 83' lang='lat' dir='ltr'>quod</span> <span class='ocrx_word' id='word_1_575' title='bbox 967 1893 1246 1933; x_wconf 84' lang='lat' dir='ltr'>experiundarum</span> <span class='ocrx_word' id='word_1_576' title='bbox 1270 1894 1387 1924; x_wconf 89' lang='lat' dir='ltr'>virium</span> <span class='ocrx_word' id='word_1_577' title='bbox 1404 1904 1503 1931; x_wconf 78' lang='lat' dir='ltr'>causa</span> <span class='ocrx_word' id='word_1_578' title='bbox 1525 1897 1575 1926; x_wconf 82' lang='lat' dir='ltr'>fit.</span> 
     </span>
     <span class='ocr_line' id='line_1_107' title="bbox 855 1935 1575 1977; baseline 0.007 -12"><span class='ocrx_word' id='word_1_579' title='bbox 855 1935 935 1975; x_wconf 86' lang='lat' dir='ltr'>Leg.</span> <span class='ocrx_word' id='word_1_580' title='bbox 951 1936 972 1966; x_wconf 88' lang='lat' dir='ltr'>i.</span> <span class='ocrx_word' id='word_1_581' title='bbox 994 1939 1020 1967; x_wconf 93' lang='lat' dir='ltr'>l.</span> <span class='ocrx_word' id='word_1_582' title='bbox 1045 1936 1173 1966; x_wconf 82' lang='lat' dir='ltr'>faciunt</span> <span class='ocrx_word' id='word_1_583' title='bbox 1197 1937 1363 1977; x_wconf 85' lang='lat' dir='ltr'>imperite,</span> <span class='ocrx_word' id='word_1_584' title='bbox 1379 1938 1435 1976; x_wconf 89' lang='lat' dir='ltr'>qui</span> <span class='ocrx_word' id='word_1_585' title='bbox 1456 1939 1490 1968; x_wconf 93' lang='lat' dir='ltr'>in</span> <span class='ocrx_word' id='word_1_586' title='bbox 1509 1940 1575 1970; x_wconf 87' lang='lat' dir='ltr'>isto</span> 
     </span>
     <span class='ocr_line' id='line_1_108' title="bbox 849 1979 1575 2019; baseline 0.006 -11"><span class='ocrx_word' id='word_1_587' title='bbox 849 1979 1008 2017; x_wconf 82' lang='lat' dir='ltr'>periculo,</span> <span class='ocrx_word' id='word_1_588' title='bbox 1026 1989 1091 2009; x_wconf 88' lang='lat' dir='ltr'>non</span> <span class='ocrx_word' id='word_1_589' title='bbox 1109 1984 1147 2010; x_wconf 86' lang='lat' dir='ltr'>ut</span> <span class='ocrx_word' id='word_1_590' title='bbox 1162 1989 1181 2009; x_wconf 90' lang='lat' dir='ltr'>a</span> <span class='ocrx_word' id='word_1_591' title='bbox 1196 1984 1305 2019; x_wconf 61' lang='lat' dir='ltr'>polita,</span> <span class='ocrx_word' id='word_1_592' title='bbox 1327 1979 1384 2010; x_wconf 84' lang='lat' dir='ltr'>sed</span> <span class='ocrx_word' id='word_1_593' title='bbox 1401 1988 1438 2010; x_wconf 94' lang='lat' dir='ltr'>ut</span> <span class='ocrx_word' id='word_1_594' title='bbox 1454 1991 1474 2011; x_wconf 91' lang='lat' dir='ltr'>a</span> <span class='ocrx_word' id='word_1_595' title='bbox 1488 1987 1575 2012; x_wconf 83' lang='lat' dir='ltr'>teste</span> 
     </span>
     <span class='ocr_line' id='line_1_109' title="bbox 855 2023 1576 2061; baseline 0.007 -11"><span class='ocrx_word' id='word_1_596' title='bbox 855 2023 1026 2052; x_wconf 71' lang='lat' dir='ltr'>veritatem</span> <span class='ocrx_word' id='word_1_597' title='bbox 1051 2023 1197 2061; x_wconf 75' lang='lat' dir='ltr'>exigant.</span> <span class='ocrx_word' id='word_1_598' title='bbox 1221 2026 1239 2043; x_wconf 48' lang='grc' dir='ltr'><em>ἦ</em></span> <span class='ocrx_word' id='word_1_599' title='bbox 1255 2023 1347 2053; x_wconf 84' lang='lat' dir='ltr'>Verr.</span> <span class='ocrx_word' id='word_1_600' title='bbox 1364 2023 1410 2053; x_wconf 86' lang='lat' dir='ltr'>iii.</span> <span class='ocrx_word' id='word_1_601' title='bbox 1427 2027 1479 2059; x_wconf 87' lang='lat'>79.</span> <span class='ocrx_word' id='word_1_602' title='bbox 1494 2027 1576 2055; x_wconf 87' lang='lat' dir='ltr'>scri·</span> 
     </span>
     <span class='ocr_line' id='line_1_110' title="bbox 853 2065 1576 2107; baseline 0.006 -13"><span class='ocrx_word' id='word_1_603' title='bbox 853 2065 901 2094; x_wconf 82' lang='lat' dir='ltr'>bis</span> <span class='ocrx_word' id='word_1_604' title='bbox 925 2065 1049 2095; x_wconf 67' lang='lat' dir='ltr'>tabulae</span> <span class='ocrx_word' id='word_1_605' title='bbox 1073 2066 1215 2105; x_wconf 78' lang='lat' dir='ltr'>publieae</span> <span class='ocrx_word' id='word_1_606' title='bbox 1238 2067 1447 2106; x_wconf 79' lang='lat' dir='ltr'>periculaque</span> <span class='ocrx_word' id='word_1_607' title='bbox 1471 2069 1576 2107; x_wconf 84' lang='lat' dir='ltr'>magi-</span> 
     </span>
     <span class='ocr_line' id='line_1_111' title="bbox 852 2108 1574 2142; baseline 0.006 -5"><span class='ocrx_word' id='word_1_608' title='bbox 852 2113 1018 2138; x_wconf 85' lang='lat' dir='ltr'>stratuum</span> <span class='ocrx_word' id='word_1_609' title='bbox 1035 2110 1305 2139; x_wconf 85' lang='lat' dir='ltr'>committuntur.</span> <span class='ocrx_word' id='word_1_610' title='bbox 1329 2108 1488 2140; x_wconf 81' lang='lat' dir='ltr'>Pericula</span> <span class='ocrx_word' id='word_1_611' title='bbox 1504 2110 1574 2142; x_wconf 88' lang='lat' dir='ltr'>scil.</span> 
     </span>
     <span class='ocr_line' id='line_1_112' title="bbox 852 2151 1574 2192; baseline 0.006 -12"><span class='ocrx_word' id='word_1_612' title='bbox 852 2156 931 2180; x_wconf 87' lang='lat' dir='ltr'>sunt</span> <span class='ocrx_word' id='word_1_613' title='bbox 946 2151 1090 2188; x_wconf 84' lang='lat' dir='ltr'>tabellae,</span> <span class='ocrx_word' id='word_1_614' title='bbox 1113 2151 1225 2189; x_wconf 87' lang='lat' dir='ltr'>libelli,</span> <span class='ocrx_word' id='word_1_615' title='bbox 1245 2152 1278 2181; x_wconf 93' lang='lat' dir='ltr'>in</span> <span class='ocrx_word' id='word_1_616' title='bbox 1305 2153 1422 2191; x_wconf 81' lang='lat' dir='ltr'>quibus</span> <span class='ocrx_word' id='word_1_617' title='bbox 1448 2153 1574 2192; x_wconf 88' lang='lat' dir='ltr'>aliquid</span> 
     </span>
     <span class='ocr_line' id='line_1_113' title="bbox 852 2193 1573 2234; baseline 0.004 -11"><span class='ocrx_word' id='word_1_618' title='bbox 852 2194 1019 2232; x_wconf 80' lang='lat' dir='ltr'>scribitur,</span> <span class='ocrx_word' id='word_1_619' title='bbox 1036 2193 1148 2233; x_wconf 85' lang='lat' dir='ltr'>quales</span> <span class='ocrx_word' id='word_1_620' title='bbox 1172 2200 1251 2224; x_wconf 88' lang='lat' dir='ltr'>sunt</span> <span class='ocrx_word' id='word_1_621' title='bbox 1277 2195 1405 2225; x_wconf 86' lang='lat' dir='ltr'>codices</span> <span class='ocrx_word' id='word_1_622' title='bbox 1433 2195 1573 2234; x_wconf 79' lang='lat' dir='ltr'>Pisonis,</span> 
     </span>
     <span class='ocr_line' id='line_1_114' title="bbox 852 2236 1571 2279; baseline 0.006 -13"><span class='ocrx_word' id='word_1_623' title='bbox 852 2236 943 2267; x_wconf 86' lang='lat' dir='ltr'>Verr.</span> <span class='ocrx_word' id='word_1_624' title='bbox 970 2238 991 2267; x_wconf 91' lang='lat' dir='ltr'>i.</span> <span class='ocrx_word' id='word_1_625' title='bbox 1022 2238 1074 2268; x_wconf 83' lang='lat'>46.</span> <span class='ocrx_word' id='word_1_626' title='bbox 1099 2238 1179 2268; x_wconf 91' lang='lat' dir='ltr'>item</span> <span class='ocrx_word' id='word_1_627' title='bbox 1197 2237 1318 2268; x_wconf 86' lang='lat' dir='ltr'>tabulae</span> <span class='ocrx_word' id='word_1_628' title='bbox 1334 2238 1446 2268; x_wconf 86' lang='lat' dir='ltr'>Verris</span> <span class='ocrx_word' id='word_1_629' title='bbox 1469 2239 1571 2279; x_wconf 71' lang='lat' dir='ltr'>ipsius</span> 
     </span>
     <span class='ocr_line' id='line_1_115' title="bbox 852 2280 1571 2321; baseline 0.007 -13"><span class='ocrx_word' id='word_1_630' title='bbox 852 2280 885 2310; x_wconf 86' lang='lat' dir='ltr'>ii.</span> <span class='ocrx_word' id='word_1_631' title='bbox 899 2282 960 2310; x_wconf 71' lang='lat'>42:</span> <span class='ocrx_word' id='word_1_632' title='bbox 985 2290 1185 2319; x_wconf 76' lang='lat' dir='ltr'>quamquain</span> <span class='ocrx_word' id='word_1_633' title='bbox 1201 2280 1348 2318; x_wconf 75' lang='lat' dir='ltr'>Grotius,</span> <span class='ocrx_word' id='word_1_634' title='bbox 1365 2282 1571 2321; x_wconf 80' lang='lat' dir='ltr'>Sirmondus,</span> 
     </span>
     <span class='ocr_line' id='line_1_116' title="bbox 850 2322 1571 2364; baseline 0.006 -12"><span class='ocrx_word' id='word_1_635' title='bbox 850 2322 971 2362; x_wconf 87' lang='lat' dir='ltr'>aliique</span> <span class='ocrx_word' id='word_1_636' title='bbox 988 2323 1106 2353; x_wconf 83' lang='lat' dir='ltr'>malint</span> <span class='ocrx_word' id='word_1_637' title='bbox 1117 2324 1270 2364; x_wconf 66' lang='lat' dir='ltr'>pericula</span> <span class='ocrx_word' id='word_1_638' title='bbox 1295 2323 1372 2363; x_wconf 81' lang='lat' dir='ltr'>legi.</span> <span class='ocrx_word' id='word_1_639' title='bbox 1409 2324 1472 2355; x_wconf 87' lang='lat' dir='ltr'>Sed</span> <span class='ocrx_word' id='word_1_640' title='bbox 1498 2325 1571 2356; x_wconf 82' lang='lat' dir='ltr'>vide</span> 
     </span>
     <span class='ocr_line' id='line_1_117' title="bbox 850 2365 1572 2407; baseline 0.004 -12"><span class='ocrx_word' id='word_1_641' title='bbox 850 2366 1014 2405; x_wconf 86' lang='lat' dir='ltr'>inprimis,</span> <span class='ocrx_word' id='word_1_642' title='bbox 1041 2376 1139 2404; x_wconf 90' lang='lat' dir='ltr'>quem</span> <span class='ocrx_word' id='word_1_643' title='bbox 1165 2365 1217 2396; x_wconf 85' lang='lat' dir='ltr'>hic</span> <span class='ocrx_word' id='word_1_644' title='bbox 1242 2366 1388 2398; x_wconf 81' lang='lat' dir='ltr'>Graevius</span> <span class='ocrx_word' id='word_1_645' title='bbox 1411 2367 1572 2407; x_wconf 78' lang='lat' dir='ltr'>laudavit,</span> 
     </span>
     <span class='ocr_line' id='line_1_118' title="bbox 850 2409 1572 2442; baseline 0.006 -4"><span class='ocrx_word' id='word_1_646' title='bbox 850 2409 989 2439; x_wconf 76' lang='lat' dir='ltr'>Salmas.</span> <span class='ocrx_word' id='word_1_647' title='bbox 1002 2409 1090 2440; x_wconf 85' lang='lat' dir='ltr'>mod.</span> <span class='ocrx_word' id='word_1_648' title='bbox 1101 2409 1199 2440; x_wconf 83' lang='lat' dir='ltr'>Usur.</span> <span class='ocrx_word' id='word_1_649' title='bbox 1216 2419 1245 2440; x_wconf 84' lang='lat' dir='ltr'>c.</span> <span class='ocrx_word' id='word_1_650' title='bbox 1264 2412 1313 2441; x_wconf 79' lang='lat'>15.</span> <span class='ocrx_word' id='word_1_651' title='bbox 1326 2416 1361 2440; x_wconf 87' lang='lat' dir='ltr'>ct</span> <span class='ocrx_word' id='word_1_652' title='bbox 1376 2411 1512 2441; x_wconf 85' lang='lat' dir='ltr'>Bosium</span> <span class='ocrx_word' id='word_1_653' title='bbox 1529 2411 1572 2442; x_wconf 86' lang='lat' dir='ltr'>ad</span> 
     </span>
     <span class='ocr_line' id='line_1_119' title="bbox 850 2452 1572 2492; baseline 0.004 -10"><span class='ocrx_word' id='word_1_654' title='bbox 850 2452 972 2492; x_wconf 84' lang='lat' dir='ltr'>Nepot.</span> <span class='ocrx_word' id='word_1_655' title='bbox 989 2452 1143 2492; x_wconf 85' lang='lat' dir='ltr'>Epamin.</span> <span class='ocrx_word' id='word_1_656' title='bbox 1161 2456 1191 2483; x_wconf 73' lang='grc'>8.</span> <span class='ocrx_word' id='word_1_657' title='bbox 1214 2452 1405 2483; x_wconf 70' lang='lat' dir='ltr'>Gothori-ed.</span> <span class='ocrx_word' id='word_1_658' title='bbox 1432 2453 1474 2484; x_wconf 82' lang='lat' dir='ltr'>ad</span> <span class='ocrx_word' id='word_1_659' title='bbox 1490 2454 1572 2485; x_wconf 84' lang='lat' dir='ltr'>eod.</span> 
     </span>
     <span class='ocr_line' id='line_1_120' title="bbox 847 2494 1572 2536; baseline 0.006 -12"><span class='ocrx_word' id='word_1_660' title='bbox 847 2494 974 2524; x_wconf 80' lang='lat' dir='ltr'>Tlieod.</span> <span class='ocrx_word' id='word_1_661' title='bbox 993 2496 1045 2525; x_wconf 89' lang='lat' dir='ltr'>tit.</span> <span class='ocrx_word' id='word_1_662' title='bbox 1061 2495 1101 2525; x_wconf 83' lang='lat' dir='ltr'>de</span> <span class='ocrx_word' id='word_1_663' title='bbox 1122 2496 1296 2526; x_wconf 81' lang='lat' dir='ltr'>sententiis</span> <span class='ocrx_word' id='word_1_664' title='bbox 1318 2506 1336 2526; x_wconf 88' lang='lat' dir='ltr'>e</span> <span class='ocrx_word' id='word_1_665' title='bbox 1355 2497 1498 2536; x_wconf 77' lang='lat' dir='ltr'>periculo</span> <span class='ocrx_word' id='word_1_666' title='bbox 1519 2507 1572 2528; x_wconf 87' lang='lat' dir='ltr'>re-</span> 
     </span>
     <span class='ocr_line' id='line_1_121' title="bbox 849 2537 1572 2580; baseline 0.006 -13"><span class='ocrx_word' id='word_1_667' title='bbox 849 2537 1014 2576; x_wconf 77' lang='lat' dir='ltr'>citandis;</span> <span class='ocrx_word' id='word_1_668' title='bbox 1039 2543 1076 2568; x_wconf 94' lang='lat' dir='ltr'>ut</span> <span class='ocrx_word' id='word_1_669' title='bbox 1099 2539 1179 2568; x_wconf 82' lang='lat' dir='ltr'>alios</span> <span class='ocrx_word' id='word_1_670' title='bbox 1204 2544 1388 2576; x_wconf 80' lang='lat' dir='ltr'>taceamus,</span> <span class='ocrx_word' id='word_1_671' title='bbox 1414 2540 1471 2578; x_wconf 90' lang='lat' dir='ltr'>qui</span> <span class='ocrx_word' id='word_1_672' title='bbox 1497 2549 1572 2580; x_wconf 84' lang='lat' dir='ltr'>pas-</span> 
     </span>
     <span class='ocr_line' id='line_1_122' title="bbox 848 2581 1569 2620; baseline 0.006 -10"><span class='ocrx_word' id='word_1_673' title='bbox 848 2581 910 2610; x_wconf 88' lang='lat' dir='ltr'>sim</span> <span class='ocrx_word' id='word_1_674' title='bbox 931 2581 1061 2620; x_wconf 84' lang='lat' dir='ltr'>copiose</span> <span class='ocrx_word' id='word_1_675' title='bbox 1089 2581 1277 2612; x_wconf 75' lang='lat' dir='ltr'>laudantur.</span> <span class='ocrx_word' id='word_1_676' title='bbox 1301 2582 1320 2600; x_wconf 69' lang='lat'>‘</span> <span class='ocrx_word' id='word_1_677' title='bbox 1336 2581 1429 2613; x_wconf 88' lang='lat' dir='ltr'>Verr.</span> <span class='ocrx_word' id='word_1_678' title='bbox 1455 2583 1489 2613; x_wconf 85' lang='lat' dir='ltr'>ii.</span> <span class='ocrx_word' id='word_1_679' title='bbox 1516 2585 1569 2615; x_wconf 76' lang='lat'>43.</span> 
     </span>
     <span class='ocr_line' id='line_1_123' title="bbox 849 2623 1571 2663; baseline 0.006 -10"><span class='ocrx_word' id='word_1_680' title='bbox 849 2623 980 2654; x_wconf 78' lang='lat' dir='ltr'>videtur</span> <span class='ocrx_word' id='word_1_681' title='bbox 991 2623 1054 2654; x_wconf 85' lang='lat' dir='ltr'>dici</span> <span class='ocrx_word' id='word_1_682' title='bbox 1072 2634 1130 2663; x_wconf 82' lang='lat' dir='ltr'>pro</span> <span class='ocrx_word' id='word_1_683' title='bbox 1147 2624 1266 2663; x_wconf 82' lang='lat' dir='ltr'>elogio,</span> <span class='ocrx_word' id='word_1_684' title='bbox 1278 2634 1312 2654; x_wconf 86' lang='lat' dir='ltr'>n.</span> <span class='ocrx_word' id='word_1_685' title='bbox 1329 2626 1360 2656; x_wconf 78' lang='lat'>2.</span> <span class='ocrx_word' id='word_1_686' title='bbox 1376 2630 1411 2656; x_wconf 84' lang='lat' dir='ltr'>te</span> <span class='ocrx_word' id='word_1_687' title='bbox 1425 2625 1459 2656; x_wconf 85' lang='lat' dir='ltr'>in</span> <span class='ocrx_word' id='word_1_688' title='bbox 1474 2625 1571 2656; x_wconf 84' lang='lat' dir='ltr'>Sthe-</span> 
     </span>
     <span class='ocr_line' id='line_1_124' title="bbox 849 2667 1570 2705; baseline 0.006 -9"><span class='ocrx_word' id='word_1_689' title='bbox 849 2667 893 2696; x_wconf 90' lang='lat' dir='ltr'>nii</span> <span class='ocrx_word' id='word_1_690' title='bbox 904 2667 1181 2705; x_wconf 60' lang='lat' dir='ltr'>pmimaeloinimici</span> <span class='ocrx_word' id='word_1_691' title='bbox 1195 2668 1266 2705; x_wconf 80' lang='lat' dir='ltr'>ejus</span> <span class='ocrx_word' id='word_1_692' title='bbox 1281 2668 1415 2698; x_wconf 88' lang='lat' dir='ltr'>nomine</span> <span class='ocrx_word' id='word_1_693' title='bbox 1429 2669 1570 2700; x_wconf 82' lang='lat' dir='ltr'>abusum</span> 
     </span>
     <span class='ocr_line' id='line_1_125' title="bbox 847 2709 1568 2750; baseline 0.004 -11"><span class='ocrx_word' id='word_1_694' title='bbox 847 2719 929 2739; x_wconf 81' lang='lat' dir='ltr'>esse.</span> <span class='ocrx_word' id='word_1_695' title='bbox 975 2709 1103 2749; x_wconf 82' lang='lat' dir='ltr'>Nempe</span> <span class='ocrx_word' id='word_1_696' title='bbox 1119 2709 1334 2741; x_wconf 83' lang='lat' dir='ltr'>adscribendo</span> <span class='ocrx_word' id='word_1_697' title='bbox 1363 2712 1568 2750; x_wconf 78' lang='lat' dir='ltr'>cognitorem</span> 
     </span>
     <span class='ocr_line' id='line_1_126' title="bbox 847 2751 1571 2793; baseline 0.006 -12"><span class='ocrx_word' id='word_1_698' title='bbox 847 2751 1036 2782; x_wconf 79' lang='lat' dir='ltr'>Claudium.</span> <span class='ocrx_word' id='word_1_699' title='bbox 1083 2752 1170 2783; x_wconf 88' lang='lat' dir='ltr'>Nam</span> <span class='ocrx_word' id='word_1_700' title='bbox 1185 2763 1286 2793; x_wconf 86' lang='lat' dir='ltr'>supra</span> <span class='ocrx_word' id='word_1_701' title='bbox 1301 2753 1341 2784; x_wconf 90' lang='lat' dir='ltr'>de</span> <span class='ocrx_word' id='word_1_702' title='bbox 1356 2754 1473 2784; x_wconf 86' lang='lat' dir='ltr'>eodem</span> <span class='ocrx_word' id='word_1_703' title='bbox 1497 2754 1571 2785; x_wconf 75' lang='lat' dir='ltr'>dix-</span> 
     </span>
     <span class='ocr_line' id='line_1_127' title="bbox 846 2795 1570 2837; baseline 0.006 -13"><span class='ocrx_word' id='word_1_704' title='bbox 846 2800 931 2832; x_wconf 80' lang='lat' dir='ltr'>erat,</span> <span class='ocrx_word' id='word_1_705' title='bbox 944 2795 975 2825; x_wconf 91' lang='lat' dir='ltr'>in</span> <span class='ocrx_word' id='word_1_706' title='bbox 989 2795 1117 2826; x_wconf 84' lang='lat' dir='ltr'>Sthenii</span> <span class='ocrx_word' id='word_1_707' title='bbox 1132 2796 1280 2834; x_wconf 81' lang='lat' dir='ltr'>nomine,</span> <span class='ocrx_word' id='word_1_708' title='bbox 1294 2807 1322 2826; x_wconf 90' lang='lat' dir='ltr'>c.</span> <span class='ocrx_word' id='word_1_709' title='bbox 1334 2798 1387 2828; x_wconf 82' lang='lat'>42.</span> <span class='ocrx_word' id='word_1_710' title='bbox 1403 2797 1492 2836; x_wconf 85' lang='lat' dir='ltr'>quod</span> <span class='ocrx_word' id='word_1_711' title='bbox 1506 2801 1570 2837; x_wconf 77' lang='lat' dir='ltr'>est,</span> 
     </span>
     <span class='ocr_line' id='line_1_128' title="bbox 848 2837 1571 2883; baseline 0.008 -15"><span class='ocrx_word' id='word_1_712' title='bbox 848 2839 883 2869; x_wconf 86' lang='lat' dir='ltr'>iu</span> <span class='ocrx_word' id='word_1_713' title='bbox 909 2838 1018 2878; x_wconf 79' lang='lat' dir='ltr'>capite</span> <span class='ocrx_word' id='word_1_714' title='bbox 1043 2837 1083 2870; x_wconf 81' lang='lat' dir='ltr'>de</span> <span class='ocrx_word' id='word_1_715' title='bbox 1109 2838 1292 2873; x_wconf 64' lang='lat' dir='ltr'>Sthenium</span> <span class='ocrx_word' id='word_1_716' title='bbox 1314 2849 1426 2880; x_wconf 77' lang='lat' dir='ltr'>causa,</span> <span class='ocrx_word' id='word_1_717' title='bbox 1445 2840 1571 2883; x_wconf 60' lang='lat' dir='ltr'>(sumt,</span> 
     </span>
    </p>
   </div>
  </div>
 </body>
</html>
