1804 3178
621 113 765 143 mnnx
801 113 1090 145 LA'rmrrA‘ns.

90 197 161 230 mi·
183 200 432 240 magistratibus
455 201 562 232 functi
582 205 706 239 essent,
723 208 822 241 atque

90 241 141 271 ita
151 242 286 274 civitate
299 245 395 276 Rom.
409 250 545 285 accepta
555 245 695 275 honores
707 245 821 276 Roma*

95 290 220 324 petere.
244 297 273 318 v.
287 289 400 329 Sigon.
422 289 500 319 Ant.
528 288 552 318 Ι.
584 288 657 319 Lat.
683 289 702 318 i.
726 291 756 318 4.
788 294 822 319 et

91 327 216 368 Spanh.
254 331 456 363 oux-imm.
487 331 507 361 1.
537 332 558 361 i.
592 342 620 361 c.
649 334 679 363 8.
716 331 822 362 Hoto-

91 379 206 403 mann.
222 373 263 404 ad
278 378 362 405 orat.
378 384 437 414 pro
451 374 533 405 Rab.
549 375 644 405 Perti.
662 378 691 406 5.

90 415 242 487 ¹¹‘Latia
266 418 363 448 Dom.
391 420 444 449 90.
473 418 505 448 in
533 419 604 458 ipsa
630 420 747 450 latione
773 429 820 449 sc.

123 468 184 498 gis.

134 502 296 540 latitare,
313 504 347 534 in
370 503 442 534 soro
464 509 515 534 est
537 504 638 541 idem,
660 505 748 544 quod
772 505 819 535 la-

86 549 168 575 tere.
191 545 309 586 Quint.
321 548 374 578 523.
396 558 456 585 ego
468 549 608 588 experiri
619 558 685 579 non
699 550 816 589 potui?

88 589 231 619 latitavit
246 602 257 622 .-
296 597 543 630 procuratorem
578 592 709 622 nullum
743 592 819 624 reli-

88 634 173 670 quit..
188 632 275 663 conf.
295 643 324 664 c.
346 637 393 668 17.
415 638 461 669 19.

132 674 289 706 latitudo
313 678 498 708 verborum.
531 679 587 708 Or.
614 678 649 709 ii.
677 680 730 709 Q‘Z.
766 684 816 709 est

85 723 179 750 vasta
201 724 235 750 et
257 722 381 751 rustica
397 723 640 762 pronunciatio,
656 723 726 751 siue
743 733 817 762 gra-

84 761 144 792 tia.

131 805 291 845 Lalrare,
303 808 342 838 de
358 808 493 846 rabulis,
505 808 600 839 malis
612 808 813 838 oratoribus-z

83 847 142 879 Or.
160 850 203 880 iii.
221 854 272 882 34.
297 854 422 882 latr-are
433 852 474 882 ad
485 852 699 892 clepsydram.
721 851 813 882 Brut.

90 895 138 923 15.
169 895 296 926 latrant
313 895 385 935 jam
413 895 547 934 quidam
571 901 730 934 oratores,
748 904 813 925 non

85 934 281 976 loquuntur.
669 977 673 982 ἡ

130 979 249 1018 Iam,
266 982 353 1020 eris;
391 982 425 1012 in
442 987 572 1012 oratore
587 989 666 1012 sunt
683 981 812 1022 pulmo-

88 1031 161 1060 nes,
178 1030 292 1055 nostro
308 1035 398 1056 more
415 1025 570 1065 loquendi
585 1038 592 1056 z
618 1025 746 1066 Nempe
764 1026 824 1055 vi·-

83 1075 136 1096 ηε
149 1067 197 1098 sic
212 1067 372 1100 dicuntur
385 1079 446 1106 eae,
458 1079 598 1108 quarum
611 1069 759 1099 defectus
777 1069 810 1098 in

85 1108 188 1140 latere
210 1113 368 1150 sentitur,
384 1117 421 1143 ut
445 1123 465 1143 a
487 1113 710 1150 currentibus,
733 1122 811 1142 can—

81 1154 247 1192 tantibus,
263 1155 463 1194 dicentibus,
480 1157 685 1196 potantibus,
702 1156 810 1186 Vene—

84 1206 155 1228 rem
169 1200 417 1230 exercentibus:
451 1201 484 1230 in
501 1201 618 1239 quibus
635 1199 809 1239 generibus

85 1241 243 1273 omnibus
270 1244 377 1274 latera
400 1254 458 1284 pro
487 1244 611 1274 viribus
640 1243 811 1273 dicuntur.

86 1283 139 1315 De
163 1287 358 1326 potantibus
389 1291 441 1318 est
464 1287 548 1317 Phil.
563 1288 597 1318 ii.
627 1289 679 1318 95.
712 1287 770 1317 Or.
789 1286 810 1316 i.

80 1328 136 1359 60.
171 1338 355 1369 numquam
385 1331 538 1362 lateribus
577 1336 637 1360 aut
666 1329 809 1360 clamore

83 1372 339 1405 contenderent.
363 1374 420 1404 Or.
447 1375 468 1404 i.
496 1375 549 1406 25.
573 1376 691 1411 latero,
715 1374 810 1404 vires.

81 1414 147 1446 Sed
160 1414 214 1446 hic
236 1416 390 1448 Pearcius
417 1417 544 1456 mallet,
571 1417 658 1457 quod
682 1417 716 1447 in
740 1417 809 1448 MS.

78 1457 181 1489 Joan.
197 1461 332 1500 reperit,
347 1470 521 1502 reponere:
548 1463 690 1492 laterum
713 1461 812 1492 vires.

81 1501 118 1532 in
135 1502 261 1534 Catone
283 1514 360 1534 vero
376 1515 404 1534 c.
421 1508 452 1539 9.
475 1514 533 1544 pro
549 1507 690 1535 laterum
707 1504 809 1534 etiam

81 1546 265 1585 etvirium,
289 1547 354 1588 legi
377 1549 522 1579 laterum
545 1548 649 1578 etiam
676 1548 810 1585 virium,

79 1594 122 1620 ut
137 1590 307 1630 exemplar
319 1601 424 1622 unum
450 1595 620 1622 vetustum
646 1591 759 1628 habet,
775 1596 811 1622 et

81 1632 145 1673 ipsi
160 1633 289 1665 Graevio
306 1635 424 1675 placet.
448 1635 592 1666 Frustra.
615 1635 702 1666 Nam
715 1635 810 1675 paul-

80 1675 114 1706 lo
129 1681 208 1708 ante
223 1681 276 1708 est
290 1679 411 1709 etiam:
437 1680 592 1710 lateribus
607 1681 642 1708 et
665 1678 808 1708 lacertis.

81 1719 123 1750 ad
138 1720 215 1751 Div.
230 1721 273 1752 iv.
288 1725 320 1756 7.
343 1722 460 1753 laeerti
485 1727 521 1753 et
547 1723 641 1752 vires.
664 1722 809 1761 Sicjun·

81 1763 175 1803 gitur
201 1765 304 1795 etiam
334 1765 429 1796 Verr.
461 1766 503 1796 iv.
538 1769 590 1798 30.
614 1775 687 1804 quae
718 1766 807 1795 vox?

77 1816 154 1846 quae
169 1809 276 1839 latera
288 1809 306 1839 ,7
329 1818 403 1849 quae
418 1810 502 1839 vires
517 1809 617 1847 liujus
632 1809 732 1839 unius
748 1809 811 1839 cri-

81 1851 182 1882 minis
212 1852 454 1891 querimoniam
483 1853 611 1893 possint
632 1853 808 1884 sustinere.

80 1893 134 1924 Sic
149 1897 184 1925 et
197 1895 336 1926 Ovidius
353 1896 470 1934 junxit
484 1896 523 1926 A.
545 1896 585 1927 A.
601 1896 637 1926 ii.
660 1897 734 1930 673.
758 1898 807 1926 la-

81 1941 135 1968 tus
150 1943 185 1968 et
200 1938 285 1970 vires
300 1949 502 1979 operamque
526 1939 653 1970 adferte
677 1939 809 1980 puellis.

75 1980 96 1999 ⁸
108 1980 220 2011 Vatin.
238 1985 268 2013 5.
284 1992 343 2022 per
357 1987 457 2014 tuum
472 1985 559 2014 latus
572 1983 750 2013 saucietur.

126 2024 247 2063 Latus,
263 2025 329 2064 adj.
343 2030 494 2064 ornatus,
518 2028 681 2067 copiosus.
710 2026 806 2057 Orat.

78 2069 133 2103 27.
157 2070 232 2099 latae
247 2068 489 2110 disputationes
503 2081 513 2108 ;
536 2070 595 2100 ubi
612 2069 698 2100 male
713 2070 808 2100 Guli-

76 2111 186 2142 elmus
202 2110 299 2143 laetae.
330 2113 383 2143 Sic
399 2113 442 2143 ad
457 2113 533 2144 Div.
548 2114 637 2148 vi.'7.
661 2113 808 2144 scriben-

60 2158 64 2164 '
77 2155 111 2186 di
127 2165 233 2195 genus
248 2165 316 2186 non
338 2156 436 2186 modo
459 2157 614 2194 liberum,
630 2156 688 2187 sed
703 2157 805 2187 etiam

78 2199 259 2230 incitatum
287 2204 388 2238 atque
430 2201 536 2230 latum
549 2212 560 2230 .-
597 2200 653 2231 ubi
691 2204 807 2230 tamen

77 2242 228 2274 Graevius
243 2243 328 2273 bene
338 2246 502 2283 reposuit:
519 2243 658 2274 elatum.
672 2242 692 2261 ⁴*
705 2243 806 2274 Acad.

78 2287 120 2317 iv.
151 2287 200 2317 19.
225 2295 332 2326 pauca
347 2286 507 2317 dicemus.
530 2287 621 2324 Non,
648 2296 713 2327 quo
741 2296 807 2317 non

77 2331 168 2361 latus
190 2327 284 2361 locus'
308 2330 353 2360 sit
369 2330 428 2360 διο.
451 2330 471 2349 ²*
485 2330 563 2361 ibid.
585 2333 636 2361 20.
661 2330 806 2360 rationes

76 2382 198 2413 sequor
211 2375 325 2404 latiore
349 2374 472 2414 specie,
488 2383 556 2404 non
573 2373 613 2403 ad
627 2378 730 2405 tenue
746 2373 806 2404 eli-

78 2421 208 2447 matas:
245 2416 278 2447 h.
294 2427 324 2446 e.
347 2417 584 2457 populariores,
602 2418 712 2447 minus
727 2417 805 2446 sub-

74 2460 162 2490 tiles.
184 2459 204 2479 ⁴
219 2461 255 2490 in
280 2460 532 2500 pronunciando
558 2460 645 2490 idern
662 2466 714 2490 est
729 2460 806 2490 viti-

76 2513 149 2541 um,
164 2503 251 2543 quod
272 2507 308 2534 et
327 2510 457 2534 vastum
483 2504 615 2534 dicitur.
637 2503 731 2534 Orat.
757 2504 804 2533 iii.

80 2549 129 2578 12.
153 2548 224 2578 laea
239 2547 359 2578 Cottae.
396 2548 415 2566 ⁴*
432 2547 549 2578 Pax-tit.
566 2550 617 2578 30.
640 2546 712 2577 haee
727 2556 802 2586 quae
835 2576 837 2578 ,

75 2590 219 2630 primam
234 2590 485 2622 contentionem
506 2591 631 2621 habent
647 2601 686 2620 ex
703 2599 802 2629 argu-

71 2633 159 2664 endo
173 2638 209 2664 et
223 2634 419 2672 resistendo,
431 2636 513 2672 lata,
524 2638 565 2664 ut
580 2633 660 2671 dixi,
676 2638 711 2664 et
724 2643 804 2663 con-

73 2675 150 2707 fusa
164 2681 244 2707 sunt
266 2678 433 2708 rationum
450 2683 484 2709 et
513 2678 801 2708 firmamentorum

75 2720 250 2750 contentio
273 2720 410 2752 adducit
430 2723 465 2753 in
489 2726 670 2761 angustum
697 2720 803 2751 disce-

73 2762 273 2804 ptationem.

111 2805 304 2838 Laudabile
336 2818 414 2840 cum
440 2818 580 2850 praepos.
602 2808 654 2839 ab.
677 2807 803 2838 Heren.

73 2848 124 2881 iii.
136 2852 169 2881 4.

112 2892 294 2934 ..baudana
317 2904 423 2935 genus
447 2894 633 2928 testimonii
663 2893 802 2936 publici,

1509 111 1587 150 3⁴1

869 201 955 240 quod
972 203 1216 241 magistratibus
1242 207 1494 246 provincialibus
1507 219 1525 240 a
1540 210 1588 239 oi-

867 244 1025 274 vitatibus
1052 255 1110 286 per
1133 246 1254 284 leg-utos
1279 250 1391 281 Romre
1414 252 1587 290 tribuitur,

867 297 944 317 cuni
963 289 1007 317 rei
1025 288 1064 318 (lc
1082 291 1268 328 repetundis
1285 294 1361 324 savii
1378 300 1467 325 sunt.
1493 295 1586 326 Font.

866 332 898 360 9.
934 331 1013 360 item
1045 332 1087 361 ab
1109 332 1193 369 aliir,
1216 334 1248 364 in
1274 336 1345 365 :iliis
1375 337 1521 374 judit-iis..
1545 339 1585 368 ad

867 373 941 404 Div.
966 375 985 404 i.
1010 379 1041 409 9.
1071 374 1107 405 ln
1133 375 1274 406 verrinis
1303 379 1416 409 lurum
1446 381 1586 411 laudati·

865 426 967 447 onum
997 418 1196 448 creberrima
1220 422 1357 458 nuntio,
1380 428 1411 450 vt
1433 435 1450 451 υ
1476 434 1504 454 v.
1529 428 1584 455 95.

866 467 958 499 patet
976 470 1151 492 numerum
1166 462 1372 494 laudatorum
1398 465 1583 506 legitimum

863 503 1036 534 denarium
1051 505 1162 535 fuisse.

910 547 1106 578 laureatus.
1129 549 1199 579 Att.
1217 550 1283 579 viii.
1307 553 1352 580 10.
1369 550 1498 581 lictores
1515 554 1587 583 lau-

863 592 958 627 reati,
973 591 1130 622 dicuutur
1141 593 1195 631 qui
1211 593 1314 622 fasces
1331 596 1491 625 laureatos
1504 605 1585 635 prae-

863 633 975 664 serunt
993 634 1185 676 Imperatori
1203 637 1328 666 victori.

907 677 1081 712 Laureolo,
1105 679 1305 719 triumphum
1329 680 1370 710 ad
1390 680 1465 711 Div.
1483 682 1514 712 ii.
1536 685 1583 713 10.

864 722 1048 759 negotium,
1064 722 1150 761 quod
1173 729 1257 753 esset
1271 724 1309 753 ad
1326 725 1503 755 laureolam
1525 726 1584 766 (sc.

860 764 1054 803 parandam,
1071 766 1276 804 merendam)
1295 768 1386 797 satis.

907 807 1009 843 Laus,
1040 818 1099 848 pro
1129 809 1223 839 rebus
1252 811 1348 841 laude
1369 811 1489 849 dignis.
1511 811 1586 842 Mil.

862 852 913 880 30.
937 853 1076 891 praeuiia
1102 853 1217 883 laudis.
1241 853 1281 883 aul
1308 854 1383 884 Div.
1399 855 1433 884 ii.
1449 857 1481 885 4.
1505 865 1586 894 qua-

860 903 932 923 rum
951 896 1084 925 laudum
1102 896 1239 935 gloriam
1256 897 1428 927 adamar-is.

903 937 1045 975 Lautus,
1073 938 1171 969 lotus.
1204 940 1261 970 Or.
1292 941 1313 970 i.
1339 945 1370 975 7.
1401 940 1581 980 *elegans

858 979 951 1010 Verr.
970 982 990 1011 i.
1007 982 1037 1011 6.
1062 992 1137 1011 cum
1154 983 1304 1013 homines
1321 986 1416 1022 lauti,
1436 990 1470 1014 et
1488 985 1585 1014 urba-

858 1023 905 1061 ni,
921 1033 1088 1054 sermones
1099 1025 1323 1065 hujuscemodi
1337 1027 1583 1068 ‹lissipavissent

858 1067 917 1096 Rae.
943 1067 1047 1098 Flacc.
1072 1070 1124 1102 29.
1157 1069 1243 1108 quod
1270 1071 1344 1100 unis
1378 1071 1583 1101 vestimentis

857 1110 986 1141 tamdiu
1004 1113 1169 1142 lautus-138.
1186 1113 1228 1142 cs.
1246 1113 1285 1143 ad
1301 1114 1376 1144 Div.
1392 1115 1446 1144 vii.
1469 1117 1516 1145 14.

900 1153 1102 1192 Lautumioe,
1131 1165 1242 1186 carcer
1268 1157 1386 1187 Sieilioe
1410 1157 1584 1187 celeberri-

860 1206 946 1228 mus.
973 1208 1002 1227 v.
1018 1198 1112 1228 Verr.
1129 1199 1150 1228 i.
1168 1202 1197 1229 5.
1220 1209 1248 1229 v.
1266 1202 1317 1234 27.
1341 1200 1427 1230 banc
1442 1201 1584 1240 scriptu-

859 1250 928 1271 ram
951 1241 1040 1271 verbi
1065 1241 1214 1272 defendit
1239 1248 1274 1272 et
1304 1244 1480 1274 confirmat
1503 1244 1586 1274 Gro-

858 1292 932 1314 nov.
956 1284 997 1314 ad
1020 1284 1091 1315 Liv.
1116 1286 1235 1316 xxxvii.
1259 1289 1290 1316 3.
1313 1286 1352 1316 de
1369 1297 1403 1318 re
1420 1287 1484 1318 vid.
1499 1287 1586 1318 Dor·

856 1327 923 1358 vill.
942 1327 1010 1358 Iter
1024 1328 1185 1358 Siculum.
1197 1339 1229 1369 p.
1250 1332 1319 1360 181.
1336 1334 1360 1360 t.
1376 1330 1397 1361 i.

901 1371 996 1402 Loxe
1011 1382 1069 1412 pro
1082 1371 1182 1411 large.
1202 1372 1242 1402 ad
1258 1373 1328 1403 Att.
1344 1384 1396 1405 xv.
1411 1375 1464 1405 20.

904 1415 1047 1446 Lectica.
1071 1415 1163 1446 Vei-r.
1179 1426 1208 1446 v.
1231 1419 1277 1446 11.
1295 1418 1406 1447 lectica
1425 1417 1585 1458 octopho-

861 1466 924 1488 ros.
961 1458 1001 1488 de
1037 1460 1154 1490 lecticis
1186 1469 1216 1490 v.
1247 1459 1388 1491 collecta
1416 1470 1436 1490 a
1472 1461 1586 1502 Lipsio

857 1501 964 1532 Elect.
978 1502 1000 1532 i.
1023 1505 1068 1538 ¹9·

901 1545 1111 1576 Lecticarius.
1155 1546 1214 1587 qui
1253 1547 1395 1577 lecticam
1429 1547 1505 1578 fert.
1540 1547 1582 1579 ad

856 1587 933 1619 Div.
949 1589 992 1619 vi.
1013 1591 1061 1620 12.

900 1632 1096 1663 Lectissime.
1121 1633 1178 1663 Or.
1206 1633 1259 1664 68.
1283 1634 1448 1664 lectissime
1461 1633 1582 1666 dicere.

855 1675 913 1705 sed
927 1675 1057 1706 videtur
1071 1676 1249 1715 legendum
1267 1677 1460 1707 tectissime.

900 1719 1031 1757 Lectus,
1042 1719 1215 1760 epitheton
1230 1720 1442 1751 feminarum.
1469 1720 1540 1752 lnv.
1557 1721 1581 1752 i.

853 1765 906 1793 31.
930 1762 1000 1793 Att.
1017 1773 1048 1793 x.
1065 1766 1096 1793 8.
1343 1773 1347 1778 ’

898 1806 1017 1836 Lectus
1032 1811 1164 1837 aeratus.
1179 1817 1209 1836 v.
1221 1812 1354 1837 aeratus.

897 1850 1042 1889 Legatio.
1064 1849 1105 1880 ad
1128 1850 1204 1880 Div.
1222 1851 1277 1880 xii.
1294 1853 1346 1881 Ql.
1372 1852 1528 1889 legatione
1541 1851 1580 1882 li·

852 1892 931 1923 bera
946 1893 1086 1933 legatus.
1111 1893 1216 1923 Flacc.
1237 1896 1288 1925 34.
1312 1895 1484 1932 legationes
1498 1894 1578 1924 libe-

851 1946 903 1966 ras
917 1946 1059 1967 sumere.
1082 1936 1185 1967 Attio.
1201 1937 1235 1966 ii.
1260 1940 1307 1968 18.
1331 1937 1433 1967 libera
1458 1939 1578 1976 legatio

850 1980 918 2010 voti
934 1990 1034 2010 causa
1048 1979 1155 2010 datur.
1200 1980 1248 2010 Ex
1271 1990 1335 2019 quo
1361 1980 1432 2010 loco
1454 1981 1579 2012 intelli-

850 2024 952 2063 gitur,
969 2034 988 2053 a
1004 2023 1107 2053 libera
1121 2025 1280 2063 legatione
1295 2033 1360 2053 non
1377 2023 1507 2054 differre
1532 2026 1577 2055 le-

848 2068 1014 2106 gationem
1042 2067 1198 2104 votivam,
1227 2066 1284 2096 sed
1316 2067 1386 2106 ejus
1415 2069 1575 2107 speeiem,

849 2110 918 2141 Att.
942 2110 1006 2140 xiv.
1038 2111 1090 2142 22.
1114 2109 1154 2139 ‹le
1188 2109 1290 2139 libera
1323 2111 1481 2148 legatione
1509 2111 1573 2141 vid.

851 2152 925 2184 lnd.
947 2152 1028 2191 Leg.
1055 2154 1088 2183 in
1106 2152 1176 2191 lege
1191 2153 1282 2183 Juiia
1298 2152 1337 2182 de
1364 2155 1576 2192 legationibus

849 2196 970 2227 liberis.
997 2200 1015 2218 ί
1033 2196 1078 2234 id,
1092 2197 1184 2235 eujus
1201 2206 1300 2226 (eausa
1312 2195 1472 2236 legamnr.
1488 2197 1573 2228 Phil.

848 2241 892 2271 ix.
912 2244 939 2271 l.
962 2240 1157 2270 renunciare
1174 2241 1382 2278 leg-ationem.-
1399 2239 1432 2269 h.
1449 2250 1479 2270 e.
1492 2240 1573 2280 quid

848 2284 882 2314 in
905 2284 1063 2322 legatione
1096 2289 1208 2313 actum
1238 2284 1291 2313 sit.
1325 2283 1366 2313 ad
1396 2283 1471 2313 Div.
1495 2283 1517 2314 i.
1540 2286 1573 2315 4.

849 2327 911 2357 nisi
936 2327 1145 2365 legationibus
1168 2325 1344 2366 perfectis:
1381 2325 1413 2356 h.
1443 2336 1472 2356 e.
1507 2327 1572 2357 nisi

848 2377 926 2400 ante
940 2373 1075 2400 senatus
1088 2369 1282 2409 decreverit,
1297 2368 1381 2409 quid·
1392 2371 1507 2409 legatis
1521 2380 1573 2401 re-

845 2413 1077 2455 spondendum
1092 2413 1147 2443 sit.

893 2457 1096 2495 Legaaeoraeus.
1119 2456 1189 2487 Att.
1206 2466 1257 2486 xv.
1272 2459 1305 2491 9.
1328 2455 1441 2496 aliqua
1451 2456 1571 2496 legato-

844 2502 897 2532 ria
911 2500 1090 2540 provincia.

893 2544 1031 2582 Legare.
1047 2545 1190 2580 legatum
1207 2541 1315 2571 facere
1326 2540 1481 2580 aliquem.
1498 2541 1571 2573 Att.

845 2598 895 2618 xv.
914 2590 960 2617 11.
978 2584 1151 2617 Dolabella
1164 2594 1215 2614 me
1227 2585 1286 2614 sibi
1299 2586 1429 2624 legavit.
1444 2584 1488 2616 ib.
1500 2585 1568 2616 xiii.

846 2632 877 2662 6.
901 2640 967 2660 non
989 2629 1101 2659 solitos
1123 2638 1193 2657 esse
1217 2628 1356 2666 majores
1380 2633 1509 2658 nostros
1525 2630 1570 2658 le-

843 2683 927 2714 gare
942 2674 975 2703 in
993 2671 1199 2709 decemviris,
1219 2672 1273 2710 qui
1290 2675 1403 2701 essent
1427 2672 1569 2711 impera-

842 2724 954 2748 torum
985 2715 1172 2746 necessarii.
1207 2713 1437 2745 *vocabulum
1467 2719 1570 2745 testa-

846 2760 1059 2791 mentarium.
1081 2759 1166 2798 Top.
1190 2761 1221 2789 4.
1252 2759 1397 2798 legarea
1420 2757 1509 2788 filio:
1535 2757 1568 2788 h.

845 2815 875 2835 e.
891 2808 930 2834 ut
946 2803 1034 2832 filius
1060 2802 1155 2832 heres
1176 2802 1282 2832 solvat
1305 2803 1461 2840 legatum.
1489 2801 1566 2831 ibid.

844 2851 875 2880 3.
893 2857 913 2877 a
927 2847 1007 2876 viro.
1028 2855 1059 2876 v.
1075 2846 1211 2877 Hotom.
1225 2844 1306 2876 obs.
1320 2845 1342 2877 i.
1357 2846 1410 2876 24.
1434 2843 1508 2876 add.
1525 2843 1567 2874 ad

843 2891 915 2922 Att.
931 2890 999 2922 xiii.
1013 2889 1067 2922 46.

868 2942 888 2966 z
911 2936 931 2966 3
