1790 3219
124 64 208 103 444

173 160 396 198 Succlamam,
423 158 618 191 acclamare.
653 157 695 188 ad
720 158 796 189 Div.
825 158 869 188 xi.

134 207 182 236 13.
206 207 445 236 succlamatum
460 207 512 234 est
531 203 722 243 frequenter
741 211 761 232 a
784 202 871 232 mili-

128 249 231 279 tibus.

173 291 339 323 Succones.
371 291 444 322 Att.
468 290 521 320 vii.
550 292 598 320 13.
631 289 755 329 Oppios
779 289 869 318 enim

128 334 168 366 de
183 335 279 366 Velia
291 345 436 366 saccones
453 333 545 364 dieis.
588 333 707 364 Bosius
727 336 762 362 et
787 332 870 371 Pop-

128 389 185 409 ma
210 379 273 409 hoc
295 379 433 408 verbum
459 377 652 408 Ciceronem
679 379 799 416 putant
822 375 871 404 di-

128 423 213 453 xisse
241 433 260 452 a
289 432 390 460 succa,
418 421 599 460 lusisseque
632 421 666 449 in
692 429 744 456 eo,
768 417 869 457 quod,

128 466 409 505 quemadmodum
431 464 563 495 Atticus
587 462 794 501 argentarios
810 471 870 491 seu

127 509 342 541 foeneratores
359 509 491 539 acerbos
512 507 585 537 lusu
609 505 752 544 quodam
769 504 869 544 Opios

126 552 192 583 azan}
205 552 257 583 τοῦ
270 552 342 583 ὀποῦ
355 552 503 589 dixisset,
521 551 567 580 ita
589 549 656 588 ipse
681 548 782 578 latine
799 557 870 577 sue-

127 606 216 627 cones
239 606 258 626 a
272 606 371 626 succo.
418 594 592 625 Manutius
609 596 721 621 autem
740 595 774 620 et
789 591 870 620 Gro-

128 641 246 670 novius
262 639 429 670 salacones
446 636 624 676 legendum
642 638 791 664 censent.

174 683 388 714 Suom-escere.
427 682 483 711 Or.
511 680 557 709 iii.
583 678 645 708 ult.
681 687 747 708 non
778 677 869 707 cuim

128 725 185 757 ille
211 726 382 757 mediocris
407 729 518 754 orator
539 726 657 752 vestrae
681 721 774 760 quasi
800 731 870 751 snc-

127 772 241 800 crescit
256 769 359 800 aetati.
403 769 457 797 Sic
476 767 559 796 dixit
581 770 616 795 et
642 765 751 795 Livius
768 775 799 794 x.
822 767 869 795 13.

128 814 203 844 add.
220 813 337 843 Scheff.
354 811 394 842 ad
409 811 535 840 sustin.
553 809 596 839 xi.
614 812 645 843 9.

173 858 385 888 Succurrere.
419 854 531 885 Rabir.
558 852 652 882 Perd.
682 855 710 882 l.
735 861 869 882 succur-

126 910 200 930 rere
215 899 315 929 saluti
330 898 512 929 communi.

173 943 308 980 saccus,
336 943 370 972 in
401 942 550 971 oratione
579 939 701 970 dicitur
728 938 768 968 de
794 948 869 968 sen-

127 987 247 1017 tentia.
274 987 331 1017 Or.
349 985 382 1015 ii.
398 987 450 1016 ⁶22.
481 993 596 1014 omnes
612 982 712 1012 etiam
726 985 801 1012 tum
820 991 870 1012 re-

126 1031 281 1060 tinebant
309 1029 404 1059 illum
435 1026 553 1058 Pericli
580 1035 725 1063 succum,
750 1025 808 1055 sed
837 1035 870 1055 e-

127 1078 203 1104 rant
218 1072 329 1114 paullo
345 1073 495 1103 uberiore
512 1071 580 1101 filo.
597 1069 675 1100 ibid.
690 1069 735 1099 iii.
750 1071 801 1100 ⁶25.
818 1078 871 1098 or-

126 1125 230 1148 natur
254 1116 360 1147 oratio
385 1125 505 1155 genere
532 1115 692 1155 primum,
715 1118 751 1143 et
776 1113 868 1151 quasi

129 1160 236 1191 colore
266 1160 408 1200 quodam
435 1163 471 1188 et
495 1168 585 1189 succo
610 1167 683 1187 suo·
724 1166 802 1186 nam
832 1160 871 1186 ut

127 1205 247 1243 gravis,
263 1207 301 1234 ut
315 1203 436 1240 suavis,
453 1206 492 1232 ut
507 1201 649 1237 erudita,
665 1203 705 1230 ut
726 1199 869 1230 liberalis

127 1248 173 1278 sit
199 1248 258 1278 &c.
296 1257 363 1277 non
393 1250 443 1276 est
473 1245 681 1285 singulorum
714 1243 870 1274 articulo-

126 1300 201 1322 rum
214 1303 221 1321 :
247 1292 281 1321 in
296 1294 368 1321 toto
380 1294 576 1329 spectantur
590 1288 661 1317 haec
677 1296 826 1326 corpore.

173 1334 358 1366 Succussus.
391 1333 491 1363 Tusc.
517 1332 551 1362 ii.
579 1333 630 1362 21.
661 1330 868 1370 pedetentim

125 1378 188 1416 ite,
205 1388 246 1408 ne
261 1387 413 1408 succussu
428 1376 566 1416 arripiat
581 1373 688 1413 major
703 1373 806 1404 dolor.

173 1422 312 1453 Suculae.
356 1420 436 1450 Nat.
465 1420 508 1450 D.
542 1419 575 1448 ii.
602 1420 655 1449 43.
697 1417 819 1457 hyades
850 1427 870 1447 a

125 1464 291 1505 pluendo:
321 1462 374 1495 fluv
397 1464 487 1493 enim
511 1467 561 1492 est
585 1461 710 1502 pluere.
755 1461 868 1491 Nostri

127 1509 280 1549 imperite
294 1509 438 1544 suculas,
454 1506 547 1545 quasi
570 1515 590 1534 a
611 1505 724 1535 suibus
744 1511 868 1542 essent,

128 1561 194 1583 non
213 1552 252 1582 ab
268 1551 428 1581 imbribus
446 1549 637 1579 nominatae.

171 1595 314 1633 Sudore,
343 1594 503 1630 laborare,
531 1593 622 1631 angi,
649 1591 689 1621 de
722 1590 774 1628 iis,
798 1591 868 1630 qui,

126 1639 293 1678 quomodo
319 1638 507 1678 perficiant,
534 1635 621 1674 quod
650 1634 780 1671 volunt,
809 1640 869 1664 aut

124 1682 291 1721 quomodo
306 1691 340 1711 se
356 1691 396 1711 ex
418 1679 612 1710 difficultate
636 1677 747 1717 aliqua
769 1687 868 1717 expe-

126 1726 235 1763 diant,
259 1735 325 1755 non
349 1725 428 1754 satis
451 1723 632 1762 reperiunt.
662 1722 704 1751 ad
728 1721 803 1751 Div.
819 1721 866 1751 iii.

128 1772 178 1800 12.
208 1769 298 1799 vides
319 1768 440 1798 sudare
462 1766 611 1805 me,jam
636 1765 762 1795 dudum
779 1764 868 1794 labo-

123 1817 269 1850 rantem,
295 1811 459 1850 quomodo
485 1820 524 1840 ea
549 1815 659 1846 tuear,
684 1818 758 1847 quae
786 1807 865 1838 mihi

124 1856 252 1886 tuenda
266 1859 358 1892 sunt,
376 1861 410 1884 et
425 1859 459 1884 te
483 1863 550 1883 non
574 1852 751 1882 offendam.
782 1851 866 1881 Phil.

125 1899 159 1930 ii.
176 1902 228 1930 34.
259 1903 399 1939 apparet
418 1907 488 1928 esse
505 1901 731 1927 commotum:
756 1895 866 1933 sudat,

124 1943 239 1983 pallet.

169 1983 423 2025 Szgffarraucus.
454 1984 583 2023 Fragm.
601 1984 717 2013 inc-ert.
743 1991 775 2021 p.
795 1984 865 2015 109.

125 2039 177 2069 ap.
202 2030 288 2059 Plin.
312 2030 355 2060 H.
379 2029 422 2059 N.
446 2028 502 2057 vii.
526 2030 579 2058 43.
612 2027 646 2056 P.
669 2025 865 2056 Ventidium

124 2072 313 2103 Mulionem
363 2076 565 2102 castrensem
614 2067 866 2109 suffarraneum

123 2116 235 2147 fuisse.
281 2116 345 2147 Sed
367 2116 443 2146 viris
458 2114 578 2151 doctis,
593 2113 763 2150 Turnebo,
780 2112 867 2143 Har-

124 2160 239 2197 duino,
267 2159 403 2199 aliisque
435 2158 506 2188 haec
531 2167 592 2187 vox
622 2160 778 2196 suspecta
804 2160 864 2185 est.

125 2204 160 2233 Si
185 2208 236 2233 est
261 2213 281 2233 a
305 2203 463 2234 Cicerone.
490 2211 528 2231 ac
552 2200 673 2237 Plinio,
697 2199 866 2238 significat

124 2246 307 2285 hominem,
330 2247 387 2287 qui
415 2246 625 2276 frumentum
652 2242 807 2274 subvehit
829 2243 864 2272 in

124 2293 242 2320 castra.

170 2333 338 2373 Szffcere,
362 2333 395 2363 in
420 2331 532 2362 locum
561 2331 698 2362 alterius
729 2339 862 2359 creare:

125 2375 165 2406 de
195 2377 456 2415 magistratibus,
480 2375 632 2416 inprimis
659 2372 863 2411 consulibus,

125 2420 181 2458 qui
207 2420 241 2448 in
268 2419 378 2449 locum
405 2420 528 2449 mortui
556 2417 714 2455 consulis,
737 2421 799 2447 aut
823 2416 863 2447 de

125 2462 252 2493 ambitu
276 2463 422 2492 damnati
447 2463 507 2492 ἃς.
523 2466 690 2492 creantur.
722 2460 761 2490 de
785 2469 864 2490 con-

124 2506 195 2536 sule
218 2510 267 2535 est
290 2505 421 2536 Muren.
437 2509 490 2537 38.
513 2515 605 2542 nam,
621 2515 663 2534 ne
678 2503 864 2544 szffciatm·

124 2548 252 2585 consul,
269 2558 335 2578 non
350 2549 483 2579 timent.
516 2548 555 2578 de
572 2548 772 2587 magistratu
788 2557 864 2587 pro-

122 2591 256 2622 vinciali
282 2591 323 2620 ad
350 2592 479 2622 Divers.
502 2602 533 2622 v.
563 2595 611 2622 10.
650 2592 676 2621 si
702 2590 800 2630 Appii
827 2600 862 2621 os

123 2632 294 2672 haberem,
310 2635 344 2664 in
367 2636 461 2673 cujus
477 2636 589 2665 locum
603 2632 761 2674 suffectus
776 2644 862 2664 sum.

123 2679 303 2714 *inficere‚
330 2678 489 2716 imbuere,
512 2678 721 2718 praeparandi
751 2687 861 2708 causa.

123 2723 243 2760 fragm.
263 2720 430 2750 Hortensii
447 2732 498 2760 ap.
515 2722 674 2752 Nonium.
699 2721 754 2760 qui
772 2731 862 2750 com-

123 2765 191 2796 bibi
215 2773 396 2804 purpuram
423 2764 549 2801 volunt,
574 2764 741 2805 sufficiunt
771 2766 861 2803 prius

123 2809 233 2842 lanam
244 2807 494 2837 medicamentis
503 2808 711 2845 quibusdam.
721 2818 751 2838 ν.
759 2807 860 2838 Grou.

124 2853 232 2883 Diatr.
250 2851 284 2881 in
299 2851 443 2882 Statium
460 2861 492 2892 p.
511 2853 562 2886 59.

661 70 809 100 INDEX
837 69 1132 99 LA'rlNl'rA'rls.

959 156 1136 198 Sufflatus,
1165 156 1313 194 inflatus,
1336 155 1499 195 tumidus,
1522 155 1562 187 de
1585 165 1659 187 ora-

912 202 1014 232 tionis
1038 202 1131 232 vitio.
1163 200 1286 230 Heren.
1312 200 1354 230 iv.
1378 203 1427 230 10.
1456 201 1547 239 gravi
1571 200 1658 239 figu-

912 254 970 283 rae,
1002 254 1076 284 quae
1106 243 1274 275 laudanda
1302 248 1366 281 est,
1390 243 1575 283 propinqua
1605 248 1658 273 est

912 298 964 326 ea,
977 298 1050 327 quae
1068 292 1157 318 recte
1173 286 1339 318 videbitur
1354 285 1528 327 appellari,
1543 286 1571 316 si
1585 285 1655 326 sus-

903 330 997 371 flata
1014 331 1251 361 nominabitur.

957 372 1138 413 Sqffbcare.
1161 374 1231 404 Att.
1249 374 1290 404 ix.
1307 377 1338 407 7.
1362 369 1525 414 suffimare
1539 371 1657 403 urbem

913 420 947 447 et
962 417 1095 447 Italiam
1112 417 1211 448 fame.

958 455 1170 500 Stgffrctgaii,
1197 460 1344 498 laudare,
1374 460 1496 490 favere.
1526 458 1607 498 Leg.
1634 457 1657 487 i.

916 506 944 533 1.
977 503 1094 534 videris
1119 504 1256 534 fratrem
1282 504 1447 534 laudando
1470 499 1659 542 suffragari

912 547 983 576 tibi.
1020 547 1061 576 ad
1088 547 1163 577 Div.
1188 548 1244 577 xii.
1273 550 1321 581 17.
1349 545 1538 587 suffragari.
1563 545 1658 576 libro.

913 591 1012 621 Dom.
1042 593 1090 620 10.
1126 591 1153 620 si
1176 591 1246 628 ejus
1270 591 1426 629 dignitati
1448 587 1658 630 suffragatus

914 633 1052 663 viderer.
1097 633 1139 663 ad
1177 634 1254 664 Div.
1286 634 1341 664 xii.
1378 637 1425 664 14.
1469 631 1659 674 suffragari

914 676 1001 707 laudi
1021 676 1171 716 alicujus.
1198 676 1376 716 *inprimis
1393 681 1506 707 autem
1521 677 1556 707 in
1573 676 1659 717 peti-

912 721 1058 750 tionibus
1096 722 1356 760 magistratuum
1392 717 1581 760 suff'mgari
1609 719 1660 750 di-

913 771 1049 802 cuntur,
1076 764 1133 803 qui
1165 763 1366 794 Candidatus
1398 763 1506 803 gratia
1535 772 1596 793 sua
1621 763 1657 792 in

913 808 1075 847 petitione
1100 809 1234 847 juvant.
1272 807 1406 838 Muren.
1431 809 1483 838 34.
1514 806 1541 836 si
1573 805 1657 836 nihil

913 852 990 889 erit,
1007 855 1129 891 praeter
1152 852 1300 891 ipsorum
1323 850 1533 890 suffragium,
1553 851 1657 879 tenue

912 899 981 924 est:
1017 895 1057 932 si,
1086 898 1124 924 ut
1150 892 1400 934 suffragantur,
1428 892 1514 924 nihil
1542 892 1658 923 valent

913 939 1032 976 gratia.
1061 938 1126 968 Off.
1142 939 1164 968 i.
1181 941 1233 972 39.
1264 938 1380 968 domus
1396 934 1590 977 suffragata
1605 939 1657 967 est

912 981 1061 1019 domino,
1089 981 1219 1012 homini
1245 991 1342 1012 novo.
1379 981 1461 1011 Sull.
1487 983 1539 1012 24.
1577 989 1655 1010 cum

914 1024 1067 1055 Catilinae
1092 1023 1355 1065 suffragaretur.
1387 1024 1500 1054 Plane.
1527 1027 1554 1054 l.
1586 1033 1656 1053 me-

900 1065 1054 1098 ‘moriam
1082 1079 1234 1099 meorum
1259 1073 1449 1108 temporum
1475 1068 1506 1097 ei
1531 1064 1657 1107 szgffira-

909 1113 990 1151 ,ξαν-ι’
1013 1112 1177 1142 videbam.
1214 1112 1323 1142 *eum
1350 1114 1390 1141 de
1416 1111 1544 1150 legibus
1575 1110 1656 1141 dici-

913 1162 981 1194 tur,
1001 1161 1053 1186 est
1075 1156 1225 1186 suadere.
1254 1155 1349 1185 Verr.
1366 1165 1396 1184 v.
1413 1155 1465 1189 69.
1496 1154 1561 1193 legi
1583 1152 1655 1194 suf-

900 1197 1062 1239 fragari,
1079 1199 1260 1240 opponitur
1277 1199 1318 1239 τῷ
1341 1197 1516 1228 adversari.
1545 1197 1564 1216 ²*
1577 1197 1654 1228 hine

913 1252 972 1282 pro
996 1244 1123 1282 juvare.
1169 1244 1205 1272 in
1236 1242 1347 1273 Caecil.
1376 1245 1408 1276 7.
1455 1241 1656 1272 Hortensius

911 1287 973 1316 tibi
995 1284 1224 1326 svffiugatur.
1254 1286 1296 1316 ad
1317 1286 1413 1317 Brut.
1436 1295 1488 1326 ep.
1514 1288 1562 1316 10.
1592 1293 1655 1315 nec

912 1329 1026 1360 destiti
1057 1340 1212 1360 accusare
1250 1331 1321 1368 ejus
1353 1329 1568 1366 necessarios,
1598 1328 1655 1368 qui

912 1373 982 1413 ejus
999 1374 1174 1413 cupiditati
1197 1371 1483 1413 suffiogarentur.
1513 1371 1555 1402 ad
1576 1372 1656 1403 Div.

911 1427 943 1446 x.
968 1420 998 1448 5.
1036 1417 1173 1447 fortuna
1200 1414 1423 1457 szgff'ragante,
1454 1415 1573 1446 videris
1603 1425 1655 1446 res

912 1461 1073 1491 maximas
1103 1465 1315 1491 consecutus.
1375 1460 1512 1491 Dicitur
1539 1463 1655 1490 tamen

911 1504 1013 1534 etiam
1045 1514 1105 1544 pro
1131 1504 1329 1543 suffragium
1354 1503 1452 1534 ferre.
1490 1503 1596 1543 Legg.
1618 1502 1654 1533 ii.

914 1550 963 1578 15.
981 1551 1066 1577 extr.

955 1588 1179 1630 Szgff'ragatio,
1193 1590 1439 1620 commendatio
1455 1590 1514 1621 διο.
1538 1600 1567 1620 ν.
1583 1589 1654 1620 suf-

909 1632 1042 1673 fragari.
1071 1634 1204 1664 Muren.
1224 1638 1272 1668 19.
1300 1631 1576 1673 suffragationem
1600 1644 1656 1664 ur-

910 1677 1031 1708 banam
1058 1677 1194 1708 militari
1220 1677 1407 1717 anteponis
1445 1687 1463 1707 e
1493 1677 1590 1707 rebus
1618 1681 1654 1708 et

909 1722 1038 1751 meritis
1048 1721 1181 1751 urbanis
1191 1720 1526 1751 commendationem.
1537 1720 1652 1752 Plane.

909 1765 940 1794 6.
964 1764 1095 1795 sublata
1110 1768 1190 1795 sunt
1211 1765 1335 1803 studia,
1351 1765 1510 1795 extinctae
1525 1762 1653 1805 suffra-

906 1809 1064 1846 gationes.
1235 1822 1238 1825 ·

953 1850 1182 1891 Suffragcetor,
1199 1851 1254 1891 qui
1279 1851 1338 1881 nos
1361 1852 1394 1881 in
1417 1851 1569 1892 petendis
1592 1850 1653 1882 ho-

908 1896 1043 1925 noribus
1061 1897 1169 1934 gratia
1182 1895 1360 1934 suajuvat.
1375 1895 1507 1925 Muren.
1519 1898 1550 1930 7.
1562 1896 1615 1926 21.

952 1936 1235 1978 S24ff3·ag·at01-ias‚
1266 1938 1513 1978 suffragationis
1551 1948 1654 1969 causa

908 1989 1131 2022 comparatus,
1164 1982 1262 2012 Petit.
1280 1982 1416 2013 Consul.
1431 1986 1462 2018 7.
1491 1982 1600 2013 brevis
1615 1986 1652 2013 et

906 2023 1150 2065 szqff'ragatovw
1165 2026 1326 2056 amicitia.

951 2067 1120 2110 Stgffuszcs.
1150 2070 1191 2099 ad
1208 2069 1284 2100 Div.
1301 2070 1323 2099 i.
1337 2074 1368 2104 9.
1399 2069 1474 2100 novi
1498 2069 1650 2099 animum

906 2116 1019 2150 tuum,
1031 2118 1107 2143 tum
1124 2113 1206 2143 mihi
1222 2113 1475 2149 amicissimum,
1487 2118 1562 2143 tum
1574 2112 1651 2143 nul-

907 2155 939 2186 la
955 2157 990 2186 in
1006 2160 1132 2187 ceteros
1149 2156 1385 2186 malevolentia
1397 2153 1574 2196 suffusum.

951 2200 1090 2238 Sugere.
1113 2200 1214 2230 Tusc.
1226 2200 1274 2231 iii.
1290 2203 1318 2231 l.
1339 2201 1488 2231 suximus
1503 2209 1649 2230 errorem

907 2253 984 2273 cum
1001 2243 1087 2274 lacte
1104 2243 1257 2274 nutricis.

950 2286 1148 2326 Suggerere.
1182 2286 1267 2317 Phil.
1283 2287 1317 2316 ii.
1333 2288 1386 2321 27.
1417 2286 1541 2317 damna
1562 2286 1651 2318 alea-

905 2331 993 2360 toria
1019 2331 1303 2371 suggerebantur.-
1333 2330 1368 2361 h.
1391 2340 1420 2361 e.
1447 2330 1651 2363 accedebant

905 2374 1057 2405 subinde.

950 2417 1163 2457 Suggestum,
1180 2417 1273 2448 locus
1289 2417 1413 2455 editus,
1429 2427 1468 2448 ex
1490 2426 1556 2456 quo
1572 2427 1649 2448 con-

906 2461 1018 2491 ciones
1045 2461 1223 2492 habentur.
1252 2460 1353 2492 Tusc.
1377 2471 1407 2491 v.
1429 2463 1481 2492 20.
1511 2470 1589 2491 cum
1613 2461 1648 2492 in

905 2505 1139 2535 communibus
1176 2506 1337 2544 suggestis
1367 2505 1547 2534 consistere
1579 2513 1648 2535 non

905 2549 1057 2585 auderet,
1080 2549 1270 2579 concionari
1297 2558 1337 2578 ex
1360 2548 1445 2577 turri
1470 2546 1538 2577 alta
1563 2547 1649 2578 sole-

904 2592 973 2621 bat.
1006 2591 1175 2622 *Athenis
1193 2592 1294 2622 etiam
1311 2600 1383 2621 reos
1407 2590 1446 2620 de
1471 2600 1572 2622 causa
1593 2601 1648 2622 ca-

905 2635 982 2675 pitis
1008 2645 1026 2665 e
1052 2640 1209 2675 suggesto
1239 2644 1371 2665 causam
1405 2633 1524 2664 dixisse
1553 2638 1649 2674 patet

905 2689 945 2709 ex
971 2678 1047 2709 Div.
1072 2679 1093 2708 i.
1118 2681 1171 2710 54.
1200 2687 1307 2718 neque
1331 2676 1415 2707 illud
1439 2682 1646 2717 suggestum,

905 2722 939 2751 in
964 2732 1028 2760 quo
1045 2732 1180 2752 causam
1200 2722 1343 2758 dixerat,
1359 2720 1587 2759 adscendenti,
1604 2722 1648 2752 si-

905 2774 1011 2804 gnum
1041 2766 1103 2795 sibi
1126 2765 1248 2803 ullum,
1272 2763 1373 2803 quod,
1399 2768 1603 2802 consuesset,
1627 2774 1648 2794 a

905 2808 980 2883 geo,
1003 2809 1097 2848 quasi
1127 2808 1206 2841 mali
1233 2808 1374 2848 alicujus
1406 2807 1646 2854 impendentis,

929 2856 1034 2884 atum.
