1800 3131
179 73 232 120 78

179 175 321 214 virgines
338 175 490 214 Athenis,
507 185 581 216 quae
604 177 639 207 in
655 179 755 209 sacris
772 178 900 209 Cereris

178 219 325 249 canistra
338 219 489 250 ferebant
504 221 538 250 iu
555 221 732 260 capitibus.
774 221 902 253 Statum

178 263 264 293 hanc
273 262 434 302 figuram
450 262 626 303 rgferentes
641 266 674 296 Ιι.
690 267 712 296 I.
729 266 903 305 Canepho-

178 315 223 336 rae
234 306 401 337 dicuntur.
413 307 452 338 de
468 308 664 347 Caneplwrz's
678 319 709 340 v.
722 309 849 349 Spaula.
858 310 904 340 ad

183 350 311 381 Gallim.
323 351 370 381 H.
388 352 420 381 in
439 351 598 382 Cererem.

226 393 392 432 Canidius,
408 395 450 424 ad
466 395 542 425 Div.
559 406 590 425 x.
608 397 660 426 21.
691 395 822 434 legatus
839 397 902 427 Le-

177 437 246 478 pidi
263 437 388 475 Illviri,
406 444 464 468 aut
478 439 556 469 trib.
575 446 634 469 aut
647 439 755 469 simile
772 440 861 478 quid.

226 481 395 518 Canidius,
412 493 437 512 s.
457 484 577 521 potius,
602 487 639 513 ut
655 487 793 523 putant,
816 483 902 513 Cali-

176 524 260 562 dius,
285 524 326 554 ad
350 525 425 556 Div.
448 526 516 556 viii.
540 530 572 560 9.
602 525 756 556 disertus.
803 526 903 556 Cani-

175 568 250 598 dius
273 570 372 599 etiam
394 569 529 609 quidam
551 570 590 599 de
613 570 731 609 Lepide·
758 572 903 600 ezerez'tu

176 617 378 643 memoratur
399 613 446 643 ad
465 612 546 644 Dzv.
569 623 601 643 x.
632 615 686 644 21.
723 614 779 652 qui
801 615 904 652 legati

175 660 236 686 aut
252 657 375 686 tribuni
392 666 526 686 munere
530 654 676 695 functus
689 657 830 695 videtur,
842 668 903 697 quo

176 709 254 730 usus
275 704 306 730 et
332 700 475 739 Lepidus
497 700 543 730 ad
564 700 682 731 milites
708 701 901 740 incitandos,

174 747 212 773 ut
220 753 337 783 pacem
341 742 557 783 flagitarent.

225 787 258 818 C.
293 786 460 824 Caninius,
492 787 621 825 Gallus,
645 787 687 818 ad
709 787 786 819 Div.
811 789 845 819 ii.
870 792 900 820 8.

176 839 197 859 a
219 830 380 860 Cicerone
403 830 607 862 defenditur.
629 832 685 862 vii.
713 835 741 863 1.
773 833 901 863 amicus

176 873 224 904 M.
244 874 401 904 Varronis
424 878 459 904 et
482 874 663 905 Ciceronis·
687 876 732 905 ix.
753 877 783 907 2.
806 876 837 906 6.
860 876 904 907 ad

175 917 252 947 Div.
271 918 293 948 i.
317 919 348 949 2.
378 918 455 948 trib.
478 918 524 958 pl.
546 918 744 949 Marcellino
768 924 803 949 et
825 919 903 950 Phi-

174 960 264 1001 lippo
289 961 380 992 Coss.
402 961 482 992 ibid.
505 968 640 1002 tempus
664 961 902 994 Caninianum.

174 1005 229 1034 ubi
244 1014 273 1035 v.
289 1004 425 1036 stIanut.

219 1049 259 1080 T.
291 1049 462 1086 Caninius,
486 1049 633 1080 Rebilus.
665 1049 737 1080 Att.
761 1050 819 1080 xii.
847 1053 900 1084 37.

175 1091 305 1132 leg-atus
330 1092 468 1123 Caesaris
491 1094 526 1123 in
550 1093 668 1124 Gallia.
691 1093 733 1124 ad
751 1093 828 1125 Div.
844 1095 900 1125 vii.

176 1138 228 1166 30.
263 1136 389 1166 Consul
411 1137 496 1177 prid.
513 1136 589 1168 Kal.
612 1137 691 1168 Jan.
713 1147 800 1168 anno
822 1142 901 1168 ante

174 1183 311 1210 mortem
333 1180 478 1211 Caesaris.

224 1223 384 1254 &ninius
401 1225 550 1262 Satrius,
566 1225 638 1256 Att.
656 1225 677 1255 i.
697 1229 725 1255 l.

223 1267 256 1297 C.
278 1268 412 1306 Canius,
428 1269 492 1299 Off.
508 1269 554 1299 iii.
574 1271 624 1300 14.
660 1279 760 1308 eques
775 1269 898 1300 Roma-

175 1319 238 1341 nus
254 1311 382 1342 facetus
398 1317 433 1343 et
448 1312 613 1343 literatus.
643 1313 819 1353 Syracusas
835 1314 900 1343 oti-

176 1355 253 1385 andi
278 1365 377 1386 causa
402 1366 436 1386 se
462 1356 618 1386 contulit.
641 1356 681 1386 de
705 1356 762 1387 Or.
786 1357 822 1387 ii.
845 1357 898 1392 69.

176 1398 230 1429 ubi
244 1401 360 1438 vulgg.
378 1401 496 1430 habent
512 1400 672 1431 Cannius.

224 1443 412 1480 Canuleius,
427 1444 498 1474 Att.
515 1455 546 1474 x.
565 1448 594 1475 5.

219 1485 261 1515 L.
285 1487 473 1524 Canuleius,
490 1488 525 1517 in
541 1487 634 1518 Verr.
652 1488 687 1519 ii.
702 1491 756 1522 70.
771 1487 807 1518 in
824 1498 899 1529 por-

175 1533 213 1559 tu
229 1530 435 1569 Syracusano
450 1531 661 1572 publicanus.

217 1573 267 1603 M.
288 1575 477 1613 Canuleius,
493 1574 549 1606 ΒΓ.
565 1577 618 1610 92.

224 1618 376 1648 Canuss.
394 1618 522 1649 Kanus.
545 1619 617 1650 Att.
633 1619 703 1650 xiii.
719 1622 772 1650 31.
795 1623 842 1649 est

176 1661 303 1691 Gellius
320 1662 442 1693 Canus.
466 1673 496 1693 v.
511 1662 708 1693 Tunstallus
724 1673 757 1703 p.
777 1664 850 1694 162.

220 1705 264 1736 P.
286 1705 457 1743 Canutius,
475 1706 528 1737 ΒΓ.
545 1707 597 1737 56.
619 1706 720 1737 homo
743 1707 899 1738 disertus.

175 1749 353 1786 subiecisse
380 1751 504 1780 dicitur
529 1751 565 1780 P.
592 1750 736 1791 Sulpitio
765 1756 899 1781 mortuo

175 1794 353 1824 orationes.
367 1794 502 1824 Cluent.
521 1797 571 1825 18.
589 1794 833 1825 Scamandrum
844 1804 899 1825 ac-

175 1842 281 1868 cusat.
305 1838 348 1868 ib.
370 1841 418 1868 10.
445 1844 620 1868 accusator
635 1838 824 1878 Oppianici.

220 1881 272 1911 Ter.
294 1881 468 1919 Canutius,
487 1882 578 1923 (trib.
594 1881 655 1922 pl.)
675 1882 717 1912 ad
739 1882 817 1913 Div.
840 1882 898 1913 xii.

174 1928 205 1955 3.
225 1925 421 1955 Ciceronem
438 1926 604 1966 producit.
635 1925 715 1956 ibid.
731 1927 784 1957 23.
812 1926 897 1957 Phil.

174 1969 220 1998 iii.
236 1973 266 2003 9.
290 1979 322 2000 v.
339 1970 452 2000 Periz.
467 1970 509 2000 A.
526 1969 574 2000 H.
590 1979 617 1999 e.
633 1971 664 2000 2.
869 1988 873 1993 -

223 2013 342 2052 Capho,
360 2013 446 2044 Phil.
462 2024 494 2044 x.
515 2017 564 2044 10.
588 2013 633 2044 xi.
651 2017 681 2045 5.
708 2017 899 2044 veteranus,

173 2056 242 2086 viii.
259 2060 290 2087 3.
319 2057 358 2087 de
381 2066 483 2097 grege
505 2056 645 2088 Antonii
668 2056 804 2096 nebulo,
821 2067 900 2088 cen-

173 2107 274 2130 turio.

223 2144 256 2174 C.
278 2145 401 2184 Capim,
417 2145 488 2176 Att.
505 2145 575 2175 xiii.
593 2148 645 2176 33.
677 2144 896 2175 Caesarianus.

173 2187 215 2216 ad
228 2188 303 2218 Div.
320 2189 388 2219 viii.
406 2192 436 2220 8.
460 2189 529 2219 xiii.
543 2191 595 2224 29.
610 2198 785 2228 cognomen
787 2187 900 2229 fami-

174 2232 224 2261 lice
238 2232 349 2262 Ateioe.
374 2242 404 2263 v.
419 2233 544 2263 Ateius.

218 2276 261 2305 L.
293 2276 416 2316 Capito,
441 2277 482 2316 Ω.
500 2277 551 2307 Fr.
576 2276 623 2306 iii.
651 2279 679 2307 l.
703 2279 732 2308 5.
757 2286 834 2306 cum
860 2276 897 2307 C.

175 2318 337 2349 Memmio
351 2320 429 2350 trib.
445 2320 490 2359 pl.
508 2320 689 2351 Gabinium
706 2319 865 2360 postulat.

223 2363 355 2402 CapiuS,
373 2363 414 2393 ad
430 2363 506 2394 Div.
522 2365 579 2395 vii.
596 2366 648 2395 24.
666 2364 794 2393 histrio.
834 2363 901 2393 Sed

174 2407 350 2445 legendum
361 2411 442 2446 puto
456 2407 585 2445 Catius,
602 2418 619 2437 e
635 2408 778 2446 vestigiis
792 2407 898 2438 MSS.

173 2451 230 2488 qui
253 2451 372 2480 habent
400 2450 525 2481 Citius:
550 2452 614 2482 m'si
637 2452 673 2481 id
693 2455 740 2481 est
755 2460 819 2490 pro
844 2450 900 2480 Ci-

175 2493 261 2532 pius,
279 2499 318 2524 ut
344 2494 446 2524 habet
469 2495 584 2525 Festus
609 2496 643 2524 in
667 2504 731 2524 uon
753 2495 900 2525 omnibus

173 2537 308 2573 dormio,
325 2542 362 2567 ut
378 2540 490 2576 placet
504 2539 584 2568 Aac.
599 2539 799 2577 Augustino,
815 2539 901 2577 quod

173 2580 407 2620 esselfamiliu
436 2581 539 2621 Cipi«,
556 2583 613 2612 sed
634 2592 696 2611 non
713 2587 760 2611 est
776 2592 899 2612 necesse

174 2634 289 2654 nomen
313 2626 348 2654 id
369 2635 433 2655 esse
443 2625 604 2664 J'amt'lioe,
622 2635 699 2656 cum
717 2626 771 2656 ille
788 2626 833 2657 sit
849 2626 899 2656 hi-

172 2675 264 2698 strio.

223 2712 374 2750 Caprius.
391 2711 472 2742 Nat.
488 2713 531 2743 D.
555 2713 602 2742 iii.
620 2714 672 2743 223.
700 2717 797 2753 pater
819 2712 900 2743 Dio-

174 2756 259 2794 nysi,
276 2765 334 2785 seu
353 2755 475 2785 Bacchi
491 2756 677 2794 cujusdam.

223 2799 335 2835 Carbo,
354 2799 395 2828 ad
418 2799 495 2829 Div.
512 2800 556 2829 ix.
572 2802 624 2830 21.
649 2809 825 2838 cognomen
835 2798 900 2839 sa-

173 2843 272 2872 milia>
289 2843 429 2881 Papiriae
440 2844 583 2883 plebeiae.
621 2843 676 2874 De
692 2843 901 2883 hacfamiliu

173 2887 306 2927 epistola
328 2888 387 2916 illa
410 2888 545 2917 classica
567 2891 624 2918 eso*-
669 2886 724 2920 De
745 2886 899 2918 Carboni-

857 1619 898 1660 Ω.
941 1618 1022 1649 dum
1044 1619 1220 1649 Porcinam
1243 1618 1390 1649 studiose
1407 1618 1545 1649 audivit.

705 87 850 117 INDEX
879 87 1160 118 HISTORICUS.

945 179 1004 209 bus
1040 181 1176 219 egregia
1212 181 1371 218 congessit
1404 179 1591 212 Vaillantus
1627 181 1672 212 de'

946 223 1054 253 Num.
1070 223 1165 254 Fam.
1183 223 1226 254 R.
1248 224 1306 254 sed
1326 234 1356 254 v.
1379 226 1466 264 inpr.
1490 224 1603 256 Per-iz.
1625 225 1668 257 A.

945 266 993 296 H.
1010 276 1037 296 c.
1054 269 1085 297 3.

993 309 1026 340 C.
1048 310 1161 347 Carbo,
1177 311 1316 342 Arvina.
1339 312 1381 342 ad
1403 311 1480 342 Div.
1503 311 1548 341 ix.
1571 313 1624 342 21.
1647 321 1668 342 a.

944 352 984 382 L.
1014 353 1219 394 Damasippo
1258 362 1399 395 praetore
1436 355 1565 386 occisus
1601 360 1666 386 est.

946 395 1041 426 Unus
1067 407 1085 426 e.
1110 398 1317 429 Carbonihus
1345 400 1450 429 bonus
1478 399 1557 428 civis
1588 398 1666 429 fuit.

946 439 1090 477 Pighius
1104 440 1150 470 ad
1162 441 1203 471 A.
1219 449 1352 472 Dcrxix.
1365 446 1467 482 putat
1481 452 1546 472 esse
1547 441 1667 482 filium

950 482 1032 519 Caii,
1049 485 1106 522 qui
1121 493 1143 513 a
1162 484 1277 515 Crasso
1291 491 1465 517 accusatus
1480 491 1537 517 est.

993 526 1053 556 Cn.
1082 537 1141 557 seu
1177 528 1210 558 C.
1245 529 1346 559 Carbo
1376 535 1411 560 et
1441 531 1512 568 ejus
1548 529 1669 567 frater,

944 579 1070 641 scurra,
1087 570 1129 600 ad
1143 571 1220 602 Div.
1238 572 1281 603 ix.
1297 574 1350 604 21.
1373 573 1550 604 homines
1542 583 1668 614 impro-

953 623 976 642 21

994 656 1050 687 Cn.
1073 657 1185 695 Girba,
1202 658 1244 688 ad
1267 659 1368 689 Div.
1360 670 1403 690 ix.
1420 661 1473 691 21.
1497 670 1518 691 a
1532 660 1581 691 M.
1597 660 1667 692 An-

943 701 1038 730 tonio
1085 707 1261 732 accusatus
1305 708 1495 734 atramento
1539 705 1670 735 sutorio

944 750 1056 774 sumto
1088 746 1240 776 moritur.
1285 745 1330 776 P.
1359 745 1535 777 Manutius
1564 751 1668 788 putat

944 797 1009 817 esse
1025 788 1151 819 Metelli
1179 790 1331 830 Caprarii
1353 791 1388 819 in
1410 793 1583 822 consulatu
1604 793 1668 822 col-

944 833 1064 870 legam.
1108 830 1211 873 Ejus,
1236 837 1368 864 aueeore
1402 833 1562 873 ciem-one,
1590 836 1613 866 l.
1639 845 1668 866 c.

944 876 1086 915 tresfilii
1102 877 1135 906 1ιὶ
1150 881 1228 907 szmt
1240 890 1250 906 .-

993 918 1049 949 Cn.
1079 920 1191 958 Carbo,
1218 920 1292 951 Act.
1317 921 1339 951 i.
1362 921 1397 951 in
1423 921 1518 952 Verr.
1533 924 1564 952 4.
1588 920 1669 951 Pro-

944 972 1035 992 cons.
1061 963 1191 1000 Gafliae,
1214 969 1378 1003 quaestore
1400 965 1514 995 Verre.
1539 965 1580 995 de
1594 965 1666 995 .Or.

943 1006 990 1035 iii.
1007 1009 1037 1036 3.
1069 1012 1122 1036 ter
1146 1007 1270 1037 Consul
1293 1008 1369 1038 fuit.
1393 1009 1435 1038 ad
1458 1009 1535 1039 Div.
1551 1009 1594 1039 ix.
1611 1011 1668 1040 21.

943 1059 961 1078 a
979 1049 1041 1079 Cn.
1059 1050 1216 1090 Pompeio
1233 1051 1372 1091 Lilybaei
1388 1052 1587 1083 interfectus
1603 1059 1665 1083 est.

943 1092 1054 1123 Homo
1085 1093 1359 1133 improbissimus.
1405 1097 1449 1126 In
1476 1096 1550 1126 edd.
1573 1098 1667 1135 vulg.

941 1138 1015 1166 olim
1031 1141 1104 1167 erat
1121 1138 1155 1167 P.
1166 1147 1229 1177 pro
1246 1139 1308 1169 Cn.
1325 1148 1397 1178 quoe
1412 1149 1465 1169 res
1484 1140 1538 1170 kic
1550 1140 1669 1170 turbas

941 1181 1101 1220 quasdam
1131 1182 1231 1218 dedu,
1260 1186 1300 1212 ut
1332 1183 1423 1223 apud
1457 1181 1592 1214 Manut.
1621 1184 1669 1214 ad

941 1225 1029 1266 hauc⁴
1040 1227 1129 1264 epist.
1149 1234 1186 1264 p.
1203 1228 1255 1256 33.
1271 1226 1320 1256 ed.
1343 1227 1450 1257 Groev.
1466 1230 1498 1256 et
1514 1227 1667 1257 Vaillan-

940 1272 1012 1298 tum
1032 1268 1070 1299 T.
1090 1269 1141 1299 II.
1158 1279 1195 1309 p.
1219 1271 1293 1300 205.
1315 1270 1351 1301 iu
1366 1270 1528 1302 Nummis
1543 1269 1667 1302 Famil.

942 1311 1036 1342 Rom..

983 1355 1034 1386 M.
1054 1356 1166 1393 Carbo,
1183 1356 1225 1386 ad
1248 1357 1324 1388 Div.
1348 1357 1393 1388 ix.
1410 1359 1463 1389 21.
1487 1357 1524 1388 Ρ.
1547 1357 1667 1389 Flacco

940 1406 1120 1430 accusante
1136 1400 1392 1432 condemnatur.
1437 1400 1504 1432 Fur
1522 1411 1668 1442 magnus

941 1453 959 1472 e
975 1443 1099 1474 Sicilia.

989 1487 1023 1518 C.
1044 1488 1158 1524 Carbo,
1173 1488 1270 1518 Brut.
1285 1489 1339 1522 27.
1355 1490 1408 1519 43.
1431 1487 1667 1528 eloquentissi-

941 1541 1028 1562 mus.
1045 1531 1101 1562 Or.
1119 1532 1142 1561 i.
1157 1534 1211 1562 34.
1233 1532 1304 1571 ejus
1319 1532 1576 1563 exercitationes
1592 1543 1666 1563 ora-

939 1575 1047 1605 toriae.
1076 1575 1172 1605 Brut.
1199 1577 1252 1606 25.
1286 1575 1334 1605 Μ.
1361 1575 1537 1606 AEmilium
1566 1576 1668 1616 Lepi-

1569 1620 1626 1650 Or.
1643 1621 1667 1651 i.

944 1665 994 1693 10.
1026 1662 1117 1692 Juris
1144 1662 1249 1692 civilis
1275 1666 1311 1692 et
1335 1672 1468 1693 morum
1499 1663 1667 1703 majorum

941 1707 1077 1746 ignarus
1093 1706 1170 1736 fuit.
1200 1715 1281 1737 uam
1304 1706 1348 1736 ibi
1366 1716 1430 1746 pro
1457 1706 1519 1736 Cn.
1541 1717 1606 1738 esse
1622 1709 1666 1737 le-

938 1750 1087 1790 gendum
1110 1750 1148 1780 C.
1172 1760 1225 1780 res
1247 1751 1319 1789 ipsa
1345 1751 1491 1789 loquitur
1512 1754 1545 1780 et
1570 1750 1667 1782 MSti

943 1794 1100 1825 Lambini
1128 1795 1282 1833 probant.
1318 1795 1385 1824 vid.
1425 1793 1588 1825 Pearcius
1621 1795 1671 1825 ad

942 1839 1030 1868 hunc
1039 1839 1154 1868 locum.
1177 1837 1235 1868 Or.
1247 1837 1282 1868 ii.
1294 1839 1347 1869 25.
1358 1837 1436 1868 trib.
1453 1837 1498 1878 pl.
1511 1847 1551 1868 eo
1561 1847 1666 1876 anno,

942 1892 1008 1921 quo
1028 1881 1104 1912 Tib.
1128 1881 1299 1911 Gracchus
1322 1891 1426 1911 caesus
1449 1885 1514 1919 est,
1530 1881 1668 1912 seditio-

941 1935 997 1955 sus
1021 1926 1109 1964 fuit3
1135 1925 1170 1955 ir.
1194 1924 1373 1955 consulatu
1400 1929 1517 1955 autem
1539 1926 1673 1963 sanior,

942 1978 1021 1999 nam
1046 1969 1086 2000 L.
1111 1968 1299 2009 Opimium,
1323 1969 1380 2008 qui
1411 1968 1449 1999 C.
1475 1968 1666 2000 Gracchum

941 2012 1170 2049 interfecerat,
1210 2012 1253 2042 ad
1296 2011 1460 2052 populum
1504 2012 1668 2043 defendit.

942 2056 1016 2087 Mil.
1031 2059 1063 2088 3.
1085 2057 1211 2087 tribun.
1229 2055 1273 2096 pl.
1290 2056 1326 2087 P.
1341 2056 1539 2087 Africanum
1560 2056 1667 2086 inter·

942 2105 1038 2139 rogat
1067 2101 1103 2130 in
1127 2100 1301 2137 concione,
1324 2100 1405 2139 quid
1430 2099 1470 2129 de
1496 2099 1587 2130 caede
1612 2099 1667 2131 Ti.

942 2143 1084 2174 Gracchi
1099 2143 1236 2174 sentiat.
1262 2143 1320 2173 Or.
1336 2143 1371 2173 ii.
1386 2145 1440 2174 40.
1463 2143 1506 2174 ad
1526 2143 1603 2174 Div.
1619 2143 1666 2174 ix.

941 2190 994 2219 21.
1019 2189 1053 2217 in
1078 2187 1167 2217 caede
1194 2187 1230 2217 P.
1254 2187 1403 2217 Africani
1428 2188 1538 2217 socius
1562 2187 1667 2218 fuisse

942 2237 1081 2271 putatus
1105 2236 1166 2261 est.
1188 2231 1285 2261 Brut.
1308 2232 1361 2264 27.
1381 2233 1436 2261 43.
1457 2231 1552 2261 Verr.
1568 2231 1616 2261 iii.
1635 2234 1665 2262 1.

942 2275 984 2305 ad
999 2276 1076 2306 Div.
1093 2276 1136 2305 ix.
1153 2277 1207 2305 21.
1238 2284 1259 2304 a
1279 2274 1319 2304 L.
1336 2274 1455 2304 Crasso
1469 2275 1511 2305 oh
1530 2274 1667 2305 seditio-

942 2329 1020 2349 nem
1036 2318 1267 2348 Gracchanam
1290 2322 1480 2355 accusatus,
1496 2318 1666 2349 canthari-

942 2362 999 2393 das
1022 2363 1145 2393 sumsit
1166 2366 1202 2391 et
1224 2370 1259 2391 se
1276 2361 1408 2400 judicio
1425 2362 1474 2391 ita
1488 2362 1668 2394 subtraxit.

942 2406 982 2436 de
999 2406 1106 2436 Amic.
1119 2408 1172 2437 25.
1194 2404 1305 2443 legem
1320 2404 1387 2435 fert
1402 2405 1443 2435 de
1457 2406 1603 2436 tribunis
1619 2405 1667 2446 pl.

943 2456 993 2488 ut,
1017 2451 1147 2489 quoties
1177 2448 1281 2478 vellet
1308 2447 1417 2488 plebs,
1443 2458 1500 2479 eos
1529 2449 1667 2479 reficere

942 2493 1069 2524 liceret.
1087 2492 1186 2523 Arch.
1210 2494 1242 2522 4.
1275 2491 1386 2531 legem
1412 2492 1479 2523 fert
1502 2502 1579 2523 cum
1603 2492 1667 2524 Sil-

941 2547 1026 2567 vano
1042 2538 1083 2567 de
1098 2537 1246 2567 civitate.

991 2581 1024 2611 C.
1045 2582 1160 2618 Carbo,
1189 2579 1223 2610 C.
1247 2579 1312 2612 Fil.
1339 2579 1399 2610 Cn.
1422 2580 1472 2610 N.
1500 2580 1598 2610 Brut.
1612 2580 1668 2612 62.

941 2634 1060 2665 parum
1076 2629 1195 2654 acutus
1212 2628 1335 2654 orator.

985 2669 1032 2699 D.
1061 2667 1274 2708 CaincIenm,
1291 2665 1377 2696 Phil.
1393 2667 1441 2697 iii.
1457 2672 1489 2701 9.
1511 2667 1665 2697 Senator.

942 2712 984 2742 ad
1006 2712 1084 2742 Div.
1107 2722 1138 2741 x.
1162 2714 1214 2742 33.
1238 2710 1368 2749 legatus
1392 2710 1520 2747 Pansae,
1535 2711 1668 2741 interiit

942 2756 977 2785 in
1000 2755 1116 2795 proelio
1139 2754 1326 2785 Mutinensi
1342 2753 1426 2783 duce
1442 2754 1561 2784 Pansa.
1594 2754 1668 2785 Att.

941 2810 994 2829 xv.
1011 2802 1043 2830 4.
1067 2799 1200 2830 transiit
1221 2799 1263 2828 ab
1284 2798 1424 2828 Antonio
1442 2798 1488 2828 ad
1513 2797 1667 2828 Octavia-

941 2853 1035 2873 num.

991 2885 1187 2924 cumeades,
1203 2884 1259 2916 Or.
1284 2884 1306 2916 i.
1323 2887 1372 2916 11.
1398 2884 1592 2925 Cyrenaeus,
1606 2894 1666 2916 au-
