1804 3178
592 111 735 140 mnnx
766 110 865 140 LAT!
872 111 897 138 N
905 112 1018 141 [ΤΑΤΙ
1024 112 1042 139 S
1048 130 1058 140 .

72 204 174 237 Qun
191 197 344 236 imitaris,
356 203 397 230 nt
414 197 443 230 Ε
453 200 675 239 plenissimum
699 199 801 228 dicas.

71 239 144 271 ‘de
167 243 285 279 verbis,
301 243 481 282 opponitur
499 242 717 272 contractioni
742 247 799 272 :iut

71 282 130 314 alii
159 284 382 316 diminutioni.
429 285 485 315 Or.
516 288 568 318 47.
613 285 660 314 sic
698 284 799 323 loqui,

72 335 180 365 nosse,
198 328 366 365 judicasse
389 332 515 364 vetant,
533 329 659 357 novisse
676 328 798 365 jubent

70 370 325 408 etjudicavisse.
348 371 440 410 quasi
457 371 718 400 nesciamus—et
730 373 798 410 ple-

69 421 150 443 num
167 415 300 445 verbum
325 420 415 444 recte
430 413 507 450 dici,
523 419 555 443 et
581 414 796 444 imminutum

67 457 203 487 usitate.

113 498 230 531 I’Iera.
254 499 334 539 Leg-
350 500 396 530 iii.
412 502 443 530 3.
467 501 601 538 antique
616 509 674 540 pro
685 502 795 539 plem-

64 551 137 582 que.
179 552 380 582 quamquam
410 543 588 573 Lambinus
618 550 650 572 vt
681 545 793 574 Dmis.

64 585 198 616 malunt
213 585 333 626 pluria.
356 596 384 614 v.
401 586 480 617 Lex.
498 586 589 616 Fabri
607 587 639 615 in
659 586 689 616 h.
708 597 736 617 v.

109 627 298 659 Plan-beas.
313 629 450 659 Tuscnl.
468 630 488 659 i.
506 632 557 667 22).
573 631 743 670 plumbeus
760 631 792 660 in

63 669 218 711 physicis.
248 671 319 702 Fin.
334 672 374 702 iv.
398 676 444 703 18.
477 674 506 703 Ο
526 674 709 712 plumbeum
735 684 795 713 pu-

64 714 219 753 gionem!
252 715 294 745 ad
316 716 386 746 Att.
410 716 430 746 i.
453 718 500 747 16.
534 716 626 746 illum
644 719 793 756 plumbeo

63 756 378 798 gladiojugnlatum
394 759 442 789 iri.

107 799 241 832 Pm‘mu.
270 801 369 832 Tusc.
388 802 420 831 ii.
442 806 490 832 11.
516 807 670 842 poemata
686 802 788 834 lecta:

61 842 103 873 de
117 843 190 886 βίον
201 855 240 875 ex
257 845 368 885 aliquo
385 850 537 885 poemate
553 853 717 886 excerpta.

106 887 222 918 Pam.
253 888 386 918 Cluent.
407 891 460 919 43.
488 899 583 928 poena
606 890 693 927 vitae,
711 890 791 920 dici—

61 934 120 960 ωι-
136 937 172 960 ut
185 941 280 972 pmia
297 932 415 972 capitis
439 937 472 962 et
495 932 703 963 fortunarum
720 944 791 963 om·-

59 973 166 1004 nium.
195 973 324 1005 *Rosa
343 974 382 1004 Α.
399 977 452 1006 94.
478 985 579 1015 pei-noe
601 982 790 1016 parentum.

59 1015 190 1048 Verrin.
214 1018 236 1047 i.
258 1021 290 1049 3.
319 1028 421 1058 poenoe
443 1019 575 1049 civium.
614 1019 696 1049 Pliil.
721 1021 788 1050 xiii.

56 1061 112 1090 ΞΟ.
143 1062 257 1100 patriae
279 1071 387 1101 poeua.
425 1062 496 1092 Att.
522 1063 564 1092 ix.
598 1065 644 1093 14.
677 1073 790 1103 [να-ηας

56 1101 199 1141 alicujus
225 1106 388 1144 persequi.
435 1104 474 1134 ln
498 1105 546 1135 his
570 1106 723 1136 omnibus
747 1107 790 1136 si—

56 1147 198 1184 gnificat
219 1147 382 1178 ultionem
407 1149 535 1186 injuriae
559 1149 657 1179 alicui
682 1150 788 1180 sactae.

57 1189 129 1219 ‘ad
145 1190 216 1221 Att.
234 1191 295 1220 xiv.
315 1193 364 1222 12.
396 1191 462 1222 odii
480 1202 578 1232 Jvoena
600 1198 634 1222 et
657 1192 787 1223 doloris.

57 1232 181 1264 'Verr.
197 1235 230 1264 ii.
255 1237 306 1269 Ξῖ.
330 1235 496 1273 judicium
520 1235 559 1265 de
577 1236 678 1275 poem'e
700 1246 790 1266 conl-

55 1277 302 1317 promissisque.
339 1278 468 1308 *Furia
496 1278 608 1309 ultrix.
647 1279 709 1309 Pis.
734 1283 787 1313 37.

55 1320 86 1350 Ο
112 1319 242 1351 Poena!
277 1322 306 1352 O
337 1321 435 1352 Furia
463 1322 644 1355 sociorum!
685 1323 785 1353 Dom.

54 1364 86 1394 2.
116 1371 151 1394 et
171 1364 258 1394 forte
280 1365 326 1394 sic
348 1370 400 1395 est
422 1365 457 1395 in
481 1365 689 1404 quibusdam,
714 1376 788 1404 quae

55 1413 135 1436 ante
157 1407 366 1438 adduximus.
403 1408 446 1439 cf.
469 1408 639 1439 Drakenb.
664 1409 705 1439 ad
727 1409 786 1440 Sil.

55 1450 90 1480 ii.
106 1453 163 1482 551
173 1473 181 1481 .

97 1493 243 1531 Poem're,
266 1495 403 1534 antique
431 1504 491 1535 pro
517 1495 649 1535 punire.
684 1496 787 1526 Tusc.

45 1536 75 1566 i.
95 1539 149 1568 44.
179 1537 233 1567 Sic
256 1537 380 1568 habent
402 1539 501 1568 etiam
526 1538 628 1569 Codd.
651 1539 784 1578 qnidam

50 1576 171 1610 Milon.
190 1583 249 1615 ,31.
280 1581 360 1612 item
384 1581 479 1612 Balb.
506 1585 537 1615 ⁷2
575 1582 631 1612 ubi
661 1592 690 1612 v.
715 1587 785 1613 not.

51 1623 106 1653 Sic
128 1624 258 1663 antiqui
281 1624 453 1655 dicebant:
479 1625 643 1663 Poenicus,
660 1635 784 1655 moene-

52 1675 101 1704 ra,
125 1667 232 1705 moeri,
254 1677 316 1708 pro
339 1668 496 1704 Punicus,
517 1678 670 1705 munera,
686 1669 784 1699 muri.

49 1719 81 1739 v.
103 1710 275 1742 Drakenb.
294 1710 316 1741 l.
339 1720 368 1741 c.
392 1712 413 1741 i.
437 1712 511 1742 602.
542 1717 578 1741 et
600 1712 717 1742 Heins.
741 1712 783 1742 ad

49 1752 166 1793 virgil.
189 1754 265 1784 AEn.
289 1755 333 1785 xi.
356 1756 430 1785 382.
455 1755 556 1785 Tusc.
586 1755 606 1784 i.
628 1757 682 1785 44.
715 1765 783 1794 pa·-

48 1797 186 1827 m'antur
199 1807 259 1837 pro
273 1798 426 1838 puniant.

93 1838 249 1878 Paenitet,
258 1842 414 1881 poenieere
426 1851 484 1872 nos
496 1842 568 1881 ejus
582 1841 627 1871 rei
641 1841 782 1873 dicimus

51 1881 236 1921 eleganter,
251 1893 326 1924 quae
348 1894 448 1925 parva
464 1889 527 1921 est,
543 1894 685 1923 quacum
703 1895 781 1916 con-

48 1927 136 1956 tenti
151 1936 219 1957 non
233 1937 361 1965 sumus,
372 1937 446 1967 quae
464 1928 557 1958 nobis
574 1937 640 1958 non
658 1928 779 1968 placet,

49 1970 103 2000 eui
132 1979 250 2010 pamm
280 1971 470 2003 tribuimus.
503 1972 598 2001 Orat.
627 1974 679 2005 37.
712 1981 778 2002 non

43 2014 176 2054 poem'tet
192 2023 258 2050 me,
273 2018 400 2053 quanta
415 2014 494 2044 sint.
523 2015 580 2044 Or.
596 2015 642 2044 iii.
658 2019 690 2047 9.
710 2025 778 2054 pm-

47 2057 129 2087 m'tec
145 2062 270 2087 memet
286 2058 361 2087 mei.
391 2057 432 2086 ad
449 2057 522 2087 Div.
540 2058 561 2087 i.
578 2061 609 2091 7.
633 2057 776 2088 fortunae

47 2109 132 2130 meae
156 2109 198 2130 ne
222 2110 275 2130 me
298 2101 397 2131 nimis
415 2102 592 2140 poeniteret.
621 2101 721 2131 Tusc.
745 2111 775 2131 v.

51 2141 101 2174 13.
138 2144 335 2184 sapientiam
364 2153 534 2182 nunquam
557 2144 606 2174 sui
633 2146 776 2184 poenitet.

47 2185 89 2216 ad
118 2180 195 2218 mv.
226 2187 267 2217 vi.
297 2189 324 2217 1.
363 2187 504 2217 fortunae
534 2196 602 2217 suae
631 2188 775 2218 maxime

47 2239 214 2269 quemque
233 2232 373 2270 poem'tee.
404 2230 478 2260 Div.
497 2231 518 2260 i.
539 2233 587 2261 15.
618 2236 720 2270 negat
741 2241 775 2261 sc

46 2282 162 2304 eorum
178 2274 398 2314 auspiciorum
409 2276 573 2314 poenitere.
597 2273 701 2303 *cum
717 2283 776 2304 no-

48 2316 220 2346 minativo.
251 2316 320 2347 lnv.
338 2317 371 2347 ii.
393 2321 440 2348 13.
470 2322 582 2347 utrum
598 2316 632 2346 id
646 2317 775 2347 facinus

45 2359 102 2397 sit,
115 2360 204 2399 qupd
214 2362 369 2399 paenitere
381 2360 481 2391 fuerit
505 2369 648 2394 necesse.
674 2360 704 2390 Τ
707 2370 775 2390 usc.

46 2412 76 2432 v.
99 2405 152 2442 28.
182 2403 281 2441 nihil,
304 2403 391 2443 quod
413 2405 568 2443 poenitere
590 2404 704 2442 possit,
727 2403 776 2433 sa-

46 2455 132 2476 eere.
163 2446 205 2478 ef.
219 2446 314 2478 ‚Cort.
329 2447 370 2477 ad
381 2447 515 2477 Sallust.
528 2446 610 2486 Jug.
626 2456 653 2476 c.
670 2450 722 2478 85.
740 2457 773 2487 p.

88 2531 229 2571 Paelice,
252 2537 425 2574 pottarum
456 2543 558 2566 more.
590 2533 659 2563 Pin.
684 2542 715 2563 ν.
742 2535 774 2565 4.

44 2579 86 2606 ut
99 2577 227 2615 poetice
242 2576 368 2617 loquar.

89 2619 208 2657 Potite,
224 2620 264 2650 de
280 2630 401 2660 genere
419 2619 582 2650 scribendi
598 2618 705 2655 tenui,
722 2623 774 2648 est

47 2667 159 2700 acute,
175 2663 359 2694 subtiliter:
391 2664 430 2694 de
453 2663 570 2702 quibus
593 2662 658 2692 suis
683 2661 773 2692 locis.

46 2705 147 2736 Acad.
163 2706 183 2735 i.
205 2708 232 2736 1.
261 2716 334 2746 quae
351 2707 512 2737 limantur
527 2717 546 2736 a
561 2716 612 2735 me
631 2706 772 2745 politius.

44 2747 139 2779 Brut.
153 2751 206 2779 30.
231 2749 364 2780 Mucius
380 2750 551 2780 enucleate
569 2748 622 2779 ille
640 2748 773 2787 quidem

44 2795 79 2821 et
90 2792 199 2831 polite,
215 2801 424 2833 nequaquam
441 2796 553 2824 autem
571 2802 609 2822 ea
625 2792 654 2821 vi
671 2798 705 2821 et
721 2800 775 2820 co-

67 2835 100 2864 ia
114 2834 173 2864 ἆυ,

44 2844 66 2878 ν
86 2875 254 2911 Pomm.
276 2877 334 2910 Or.
347 2879 395 2912 iii.
408 2881 460 2913 28.
484 2880 541 2921 qni
557 2889 596 2910 ox
612 2876 776 2921 particula

1496 104 1579 144 ⁸8·

843 207 942 237 parva
954 199 1042 228 urbis
1055 209 1092 228 ae
1105 199 1166 229 lot-i
1178 209 1295 231 nomen
1305 201 1425 231 habent
1438 209 1469 231 rt
1482 202 1570 232 Peri-

845 242 980 280 patetici
1004 242 1199 282 philosophi,
1216 251 1277 273 ant
1302 244 1487 274 Academici
1512 255 1568 275 no·

846 284 1033 314 minantur:
1073 285 1151 314 olim
1185 294 1308 324 autem,
1339 294 1472 326 propter
1500 289 1568 318 exi-

844 327 943 356 miam
969 337 1077 357 rerum
1104 329 1318 359 in·ixiiimruiii
1342 331 1526 365 scientiam,
1550 341 1569 360 a

843 371 964 400 (arm-is
972 371 1095 410 politici
1114 371 1294 410 philosophi
1309 374 1481 409 nominati,
1495 375 1567 403 uni-

843 422 1009 443 versarum
1035 423 1177 454 reruinp.
1204 415 1335 444 nomine
1359 416 1565 455 appellaban-

844 463 908 485 tur.

887 498 1047 529 Pollice-ri.
1081 499 1163 529 l’hil.
1187 500 1254 529 viii.
1280 501 1310 529 9.
1347 502 1500 539 pecunias
1532 503 1565 532 in

843 552 947 580 reinp.
960 545 1113 582 polliceri.

886 585 1145 616 pomeridianas.
1170 585 1233 615 vid.
1251 586 1535 625 postmeridianus.

884 627 1094 659 Fumarium.
1120 629 1198 659 Nat.
1215 629 1256 658 l).
1275 629 1307 658 ii.
1324 631 1354 658 4.
1376 631 1564 668 pomarium

840 671 972 702 intrare.
1006 673 1083 712 quid
1100 673 1140 702 sit
1156 675 1361 711 pomarium,
1378 672 1507 701 videant
1524 674 1566 702 ti-

841 724 935 744 rones
967 726 1017 755 ap.
1051 716 1119 745 Liv.
1144 716 1164 745 i.
1188 718 1240 745 4⁴.
1281 715 1334 744 ubi
1362 725 1390 745 v.
1415 715 1564 745 Perizon.

840 757 945 787 Locus
961 758 1047 788 alter
1061 759 1213 788 classicus
1227 758 1266 787 de
1278 759 1427 797 pomario
1443 766 1492 788 est
1513 769 1566 799 ap.

836 801 941 830 'lucin
959 802 997 832 A.
1016 803 1070 832 xii.
1085 805 1135 832 2²4.

880 843 1020 884 Pompa,
1038 845 1165 885 proprie
1184 850 1246 881 est,
1261 854 1359 883 quain
1384 853 1442 873 nos
1466 843 1562 874 hodie

837 897 1004 925 vocamus,
1024 889 1097 918 eine
1123 889 1324 922 Processmn,
1340 888 1392 916 ein
1416 887 1559 926 Aufzng.

832 931 929 960 Offic.
954 932 975 961 i.
1001 933 1053 962 3ῐί.
1084 939 1121 961 ut
1144 940 1337 971 pomparum
1364 929 1495 960 ferculis
1519 931 1562 960 si-

835 974 930 1003 miles
961 984 1030 1004 esse
1068 975 1246 1005 videamur.
1290 973 1454 1010 *dt-inde,
1485 974 1563 1011 quia

838 1016 902 1046 illae
919 1028 1040 1057 pnmpoe
1063 1018 1237 1057 magnifice
1261 1022 1354 1046 erant
1379 1024 1559 1056 apparare,

836 1068 1009 1099 propterea
1024 1062 1220 1091 transfertur
1235 1060 1275 1089 ad
1299 1060 1481 1089 orationem
1507 1069 1565 1098 ge-

835 1105 922 1133 neris
952 1105 1215 1140 demonstrativi,
1246 1104 1280 1132 in
1313 1113 1379 1141 qna
1406 1103 1560 1132 omnibus

835 1148 1037 1177 ornamentis
1061 1147 1150 1177 locus
1177 1152 1239 1183 est,
1256 1151 1289 1175 et
1312 1155 1384 1184 quae
1409 1146 1559 1184 inprimis

835 1189 875 1219 ad
890 1191 1149 1221 ostentationem
1166 1189 1290 1228 ingenii
1313 1194 1346 1218 et
1361 1189 1560 1226 eloquentia

835 1234 989 1271 pertinet,
1007 1239 1041 1263 et
1064 1233 1205 1264 orationi
1228 1232 1347 1262 forensi
1371 1232 1560 1271 opponitur.

832 1275 932 1306 Tusc.
949 1278 990 1307 iv.
1006 1279 1058 1307 ⁶21.
1087 1287 1104 1306 e
1122 1276 1290 1306 rhetorum
1304 1284 1432 1314 pompa.
1463 1275 1557 1305 Orat.

836 1322 885 1350 13.
916 1330 1029 1350 verum
1046 1320 1116 1350 haee
1132 1319 1324 1358 eloquentia
1342 1317 1493 1348 ludorum
1510 1324 1560 1348 at-

832 1373 895 1401 que
915 1373 1054 1404 pscmpoe5
1087 1372 1145 1393 nos
1169 1369 1281 1393 autem
1299 1362 1369 1400 jam
1395 1361 1427 1390 in
1452 1361 1556 1390 aciem

831 1405 1145 1446 dimicationemque
1168 1406 1350 1435 veniamus.
1380 1404 1436 1434 Or.
1456 1404 1488 1434 ii.
1505 1405 1557 1435 22.

829 1449 887 1478 sed
903 1459 1017 1480 eorum
1034 1455 1201 1480 oratorum
1227 1449 1348 1488 partim
1372 1448 1405 1477 in
1423 1456 1555 1487 pompa,

831 1493 950 1530 partim
976 1494 1009 1523 in
1033 1494 1102 1523 acic
1119 1492 1261 1522 illustres
1277 1500 1346 1521 esse
1369 1489 1557 1520 voluerunt.

829 1535 930 1565 *Atn
961 1537 1029 1566 xiii.
1057 1538 1109 1567 93.
1148 1535 1236 1564 hunc
1267 1535 1306 1563 (le
1331 1543 1468 1573 pompa.-
1499 1533 1557 1563 ho-

831 1579 955 1609 minem
985 1589 1107 1609 vanum
1136 1584 1171 1608 et
1201 1577 1312 1617 gloriae
1342 1577 1439 1606 nimis
1464 1577 1556 1616 cupi·

828 1621 920 1652 dum.

874 1665 1013 1702 Ponere,
1045 1665 1198 1704 abjicere,
1221 1664 1395 1704 deponere.
1424 1662 1480 1692 Or.
1504 1665 1555 1696 59.

823 1718 942 1747 ponere
958 1709 1132 1739 ambitum.
1165 1709 1220 1738 Or.
1238 1708 1283 1737 iii.
1304 1708 1353 1737 12.
1379 1715 1496 1746 ponere
1512 1706 1558 1735 vi-

828 1752 885 1781 tia.
904 1752 944 1782 ad
956 1752 1030 1783 Div.
1042 1752 1108 1782 viii.
1120 1752 1151 1782 6.
1171 1750 1308 1783 candide
1316 1759 1434 1790 ponere
1446 1749 1555 1778 inimi-

828 1795 934 1825 citias.
952 1795 1106 1831 ἀπὶ-ΠΕ,
1118 1802 1389 1828 commemorare,
1401 1792 1509 1822 dicere
1520 1792 1554 1822 in

827 1838 1050 1878 disputatione
1065 1843 1100 1868 ct
1114 1838 1273 1868 oratione.
1297 1835 1377 1866 Coel.
1389 1839 1420 1869 7.
1443 1835 1555 1874 posui-

826 1882 886 1911 stis
909 1880 1281 1919 enim—conjurationis
1308 1878 1398 1909 hunc
1420 1877 1554 1917 partici-

826 1934 901 1964 pem
912 1924 1022 1955 fuisse.
1038 1925 1130 1954 Verr.
1141 1924 1174 1953 ii.
1185 1926 1236 1954 38.
1247 1927 1381 1952 tantum
1392 1920 1489 1950 verbo
1496 1930 1551 1960 po-

824 1969 899 1998 suit.
929 1968 971 1997 cf.
991 1967 1060 1998 Pin.
1075 1968 1108 1998 ii.
1123 1968 1175 1997 26.
1208 1966 1288 2004 Leg.
1305 1966 1338 1994 ii.
1355 1967 1384 1995 3.
1406 1963 1499 2003 Ωιιὶτ.
1517 1973 1551 2003 p.

824 2010 864 2041 R.
893 2015 922 2045 7.
954 2011 1064 2041 Plane.
1088 2012 1140 2045 2²9.
1176 2009 1242 2039 huc
1271 2007 1356 2038 refer
1376 2006 1476 2036 illud:
1508 2006 1550 2036 ad

825 2054 900 2084 Div.
918 2055 961 2084 ix.
983 2057 1030 2084 15.
1048 2063 1150 2094 ponor
1166 2052 1207 2083 ad
1222 2049 1442 2081 scribendum.
1467 2049 1549 2089 ‘pe-

824 2098 923 2127 cunia
945 2098 1047 2128 etiam
1071 2097 1195 2126 dicitur
1221 2096 1309 2135 poni,
1333 2103 1408 2123 cum
1432 2092 1549 2123 foenori

823 2140 930 2170 datur.
960 2141 1051 2170 Verr.
1080 2140 1125 2169 iii.
1152 2143 1204 2173 70.
1235 2147 1311 2167 cum
1338 2138 1440 2176 posita
1462 2140 1551 2166 esset

823 2185 964 2224 pecunia
979 2183 1065 2224 apud
1089 2192 1142 2212 eas
1164 2181 1351 2216 societates,
1367 2179 1454 2209 unde
1478 2184 1551 2209 erat

822 2227 994 2264 attributa,
1026 2226 1110 2256 binis
1149 2223 1337 2255 centesimis
1366 2222 1547 2252 foeneratus

822 2275 893 2308 est;
918 2271 1006 2300 unde
1022 2269 1140 2299 deinde
1164 2265 1387 2307 metaphorice
1402 2268 1546 2302 sumtus,

823 2313 1034 2348 benefic-ium,
1050 2311 1280 2351 tempuS,pomi
1303 2309 1435 2339 dicitur.
1465 2308 1548 2347 ¹'po-

819 2366 894 2387 nere
916 2357 1132 2396 quaestionem
1157 2354 1290 2390 dicitur,
1313 2353 1368 2391 qui
1385 2351 1483 2390 jubet
1505 2350 1546 2381 de

822 2410 856 2429 re
873 2399 982 2438 aliqua
1004 2399 1124 2434 dicere,
1140 2395 1323 2436 cujusmodi
1347 2394 1546 2434 quaestiones

818 2442 895 2473 hinc
917 2442 1007 2476 θέσεις
1031 2440 1250 2481 appellantur.
1281 2439 1321 2468 ad
1345 2438 1419 2468 Div.
1434 2437 1476 2467 ix.
1493 2436 1548 2467 26.

817 2485 916 2516 Tus-c.
931 2487 952 2516 i.
968 2489 998 2516 4.
1028 2485 1084 2515 Or.
1102 2485 1122 2514 i.
1140 2486 1192 2514 ⁶22.
1216 2486 1268 2514 33.
1299 2482 1333 2511 ii.
1354 2483 1380 2511 1.
1397 2481 1456 2510 ὄις,
1486 2480 1545 2510 Or.

819 2529 852 2558 ii.
870 2532 921 2560 41.
953 2538 1002 2558 res
1014 2529 1119 2568 posita
1136 2527 1176 2556 ad
1194 2525 1382 2556 dicendum.
1412 2526 1431 2544 ὓ
1445 2532 1545 2562 appo-

819 2582 908 2609 nere,
935 2572 1126 2607 subornare,
1150 2570 1229 2600 item
1259 2567 1472 2598 constituere.
1501 2565 1543 2596 ad

819 2615 893 2646 Div.
911 2616 976 2644 viii.
994 2617 1040 2646 12².
1059 2623 1176 2654 ponere
1192 2611 1288 2642 alicui
1306 2614 1544 2640 accusatorem.

818 2658 902 2690 Sull.
927 2661 978 2688 98.
1010 2658 1158 2696 judicem
1180 2665 1308 2696 ponere.
1342 2654 1542 2690 *tamquam

818 2711 1008 2733 concessum
1026 2707 1059 2730 et
1074 2709 1187 2729 verum
1203 2706 1343 2728 sumere.
1366 2696 1439 2726 Div.
1457 2695 1477 2724 i.
1493 2696 1544 2724 52.

819 2746 879 2775 hoc
903 2749 1013 2774 autern
1035 2744 1134 2783 posito
1157 2748 1254 2781 atquc
1277 2749 1442 2770 concessu.
1471 2737 1544 2767 Coe-

818 2790 882 2818 cin.
904 2790 949 2817 11.
981 2791 1030 2816 est
1053 2786 1123 2816 hoec
1139 2795 1190 2815 res
1208 2785 1325 2824 posita,
1342 2791 1413 2822 qnae
1433 2781 1473 2810 ab
1488 2779 1545 2809 ad-

817 2831 957 2861 versario
988 2840 1054 2860 non
1084 2834 1236 2867 negatur.
1281 2827 1333 2856 Sic
1359 2832 1392 2854 et
1419 2823 1545 2853 dictum

818 2875 949 2906 videtur
976 2874 1072 2905 Brut.
1103 2875 1155 2903 45.
1195 2872 1221 2902 si
1251 2869 1348 2900 lectio
1376 2876 1456 2898 sana
1485 2869 1550 2897 cst-0

867 2920 953 2949 ec3
