1804 3178
661 161 808 193 11«an
837 161 1116 196 mswomcus.

143 253 191 286 nil
207 251 247 285 ei
261 252 341 284 fano
356 251 482 293 attigit.
495 249 568 282 Aet.
584 251 606 281 i.
626 253 676 283 14.
695 251 804 292 prima
819 261 870 284 re·

142 297 276 328 deuntis
290 307 308 327 c
325 296 410 327 bello
425 294 656 327 Mithridatico
677 296 793 326 concio
814 306 872 327 ne·

144 341 229 372 mini
245 341 413 381 probatur.
436 338 514 369 ibid.
534 339 581 369 12.
604 339 676 377 ejus
690 338 871 370 divortium

147 393 226 415 cum
250 384 365 414 Mucia
387 382 556 423 probatur.
585 381 663 413 ibid.
683 383 731 417 19.
755 383 797 413 ad
820 393 871 414 ro-

144 428 316 466 gauonem
355 426 455 457 flavii
493 426 657 465 agrariam
694 426 871 457 incumbit.

140 468 229 502 Phil.
253 471 287 502 ii.
313 473 361 501 10.
391 479 468 499 eum
492 479 512 499 a
534 469 770 508 conjunctione
793 480 871 500 cum

142 514 273 545 Caesare
288 517 422 544 revocat
437 512 564 543 Cicero.
580 512 651 542 Att.
665 513 699 543 ii.
717 514 765 544 16.
789 513 871 545 dicit

140 567 176 588 se
189 557 327 588 Caesaris
339 556 427 596 leges
439 556 592 596 probare,
601 557 748 587 actiones
761 557 870 597 ipsum

140 605 298 641 prestare
320 605 484 640 oportcre.
518 599 595 630 ibid.
625 603 674 634 19.
705 599 871 631 laceratur

139 643 259 675 edictis
280 642 403 674 Bibuli.
427 643 505 673 ibid.
521 643 542 673 i.
564 644 612 673 16.
636 654 656 673 a
671 643 766 683 plebe
786 644 871 674 Cne-

140 696 182 718 us
197 686 315 718 Cicero
331 686 467 723 dicitur,
483 687 570 725 quod
590 696 668 716 eum
685 688 783 718 nimis
797 687 871 718 ‹lili-

140 735 247 771 geret.
271 729 350 760 ibid.
370 732 419 761 14.
435 729 586 760 laudibus
604 730 772 761 Ciceronis
787 731 872 760 invi-

139 773 209 804 det.
239 774 274 804 ii.
304 775 335 804 3.
382 773 554 813 Epicrates
585 773 717 804 dicitnr.
752 775 787 804 ii.
821 777 870 808 17.

139 816 340 848 Alabarches
355 822 503 847 vocatur.
527 817 600 852 ii.9.
626 816 872 857 Hierosolyma-

140 861 222 891 rius.
252 861 286 891 ii.
307 862 354 892 12.
385 860 648 901 Quindecimvir.
673 860 754 890 Har.
770 860 869 901 Resp.

139 905 195 935 23.
221 913 242 934 a
265 903 382 935 Clodio
402 904 612 944 vituperatur
633 902 674 933 ad
697 903 870 944 populum.

140 946 229 978 Toto
244 957 329 988 pene
338 947 512 978 tribunatu
525 947 595 986 ejus
607 946 739 986 publico
752 948 869 978 caruit.

139 991 235 1031 Quir.
250 1001 283 1031 p.
299 991 381 1022 Red.
396 994 428 1024 7.
451 990 524 1029 ejus
543 991 578 1020 in
603 990 762 1020 Cicerone
779 1001 870 1021 revo-

140 1033 249 1064 cando
264 1033 404 1073 insignis
419 1043 531 1074 opera.
547 1033 588 1064 ad
601 1034 676 1064 Div.
687 1035 706 1064 i.
722 1037 747 1064 1.
765 1035 870 1065 credi-

1556 159 1635 202 139

912 255 984 293 agie
1015 252 1108 286 Plin.
1136 253 1182 287 H.
1208 255 1257 288 N.
1283 256 1338 288 vii.
1366 258 1419 289 26.
1448 257 1501 290 De
1525 261 1634 293 liberi·

916 302 1029 328 autem
1052 309 1083 329 υ.
1107 298 1308 330 Bimardum
1333 299 1425 332 Diss.
1451 302 1472 331 i.
1494 314 1521 332 c.
1538 307 1568 334 ⁴2.
1596 305 1633 336 Τ.

913 341 943 371 1.
980 340 1140 372 The-saur.
1172 343 1323 384 Inscript.
1351 343 1516 377 Μαι-αῖον.
1542 358 1576 386 p.
1602 349 1633 379 G,

913 394 980 426 sqq.
1255 412 1260 417 .

959 427 1017 459 Cn.
1041 428 1230 468 Pompeius,
1248 431 1333 460 alter
1354 429 1475 468 stlagni
1485 430 1543 470 fil.
1566 432 1636 464 Λα.

912 471 967 502 xii.
981 475 1034 506 37.
1059 472 1143 502 Phil.
1157 472 1224 503 xiii.
1236 475 1267 503 4.
1291 482 1350 513 per
1361 472 1523 513 Lepidum
1536 475 1638 505 addu—

912 514 1000 545 citur
1015 516 1056 545 τιεί
1073 525 1200 555 pacem.

954 559 999 600 Q.
1015 557 1200 599 Pompeius,
1217 557 1292 589 Auli
1313 557 1475 599 (tibicinis)
1495 559 1527 589 F.
1543 559 1638 591 Brut.

912 602 965 633 68.
988 601 1183 642 Bithynicus
1207 601 1316 632 dictus
1339 608 1402 639 est,
1424 603 1506 642 quod
1526 613 1638 641 cog-no·

912 644 1136 685 mensamilioe
1150 647 1280 676 mansit.
1305 645 1386 677 Fuit
1413 647 1528 676 consul
1544 657 1575 676 α.
1598 646 1638 678 U.

914 696 1022 719 Dcxn.
1037 689 1076 720 dc
1085 689 1164 729 filio
1178 689 1218 720 A.
1244 687 1398 729 Pompeio
1412 689 1585 728 Bithynico
1606 700 1636 720 v.

911 733 946 762 in
967 730 1152 772 Bithynico.
1184 733 1319 762 biennio
1342 733 1447 771 major
1468 733 1639 764 Cicerone.

912 774 1042 814 doctus,
1070 776 1263 814 laboriosus,
1287 777 1418 806 actione
1445 785 1562 816 parum
1581 776 1637 815 ju-

914 818 1033 848 cunda.

954 862 1000 903 Q.
1024 860 1200 902 Pompeius
1223 861 1342 903 Nepos,
1358 861 1397 892 A.
1420 861 1454 892 F.
1473 862 1568 893 Brut.
1585 864 1638 894 25.

911 903 1045 935 Muren.
1075 908 1106 939 7.
1137 906 1229 936 Verr.
1255 915 1286 936 v.
1315 910 1367 940 70.
1395 905 1495 936 homo
1522 916 1640 945 novus,

911 958 1059 979 summos
1074 948 1213 979 honores
1229 954 1425 978 consecutus
1439 954 1499 979 est.
1517 949 1586 980 Fin.
1603 950 1639 981 ii.

914 994 963 1026 17.
986 992 1051 1023 Off.
1067 992 1112 1022 iii.
1130 996 1182 1023 30.
1206 993 1375 1023 inficiatur
1390 992 1639 1024 Numantinum

909 1035 1029 1073 foedus,
1051 1036 1134 1076 quod
1161 1033 1287 1076 injussu
1315 1040 1446 1066 senatus
1466 1037 1640 1076 populique

139 1084 198 1108 tur
214 1076 433 1108 Ptolemaeum
451 1077 606 1107 reducere
623 1077 715 1108 velle.
743 1077 821 1109 ibid.
838 1081 867 1109 5.
899 1077 1033 1117 fecerat
1047 1089 1131 1110 anno
1146 1087 1262 1110 nexui.
1271 1084 1342 1119 post
1362 1080 1567 1110 Gemmatum
1578 1090 1638 1110 an·

140 1119 305 1153 Milonem
321 1120 500 1151 defendens
518 1121 665 1151 convicio
685 1121 796 1161 populi
816 1122 868 1161 ja-

140 1168 266 1195 ctatur.
292 1164 387 1195 offic.
405 1165 439 1194 ii.
460 1166 508 1195 16.
537 1165 871 1203 magnificentissima

141 1217 283 1238 munera
297 1209 368 1248 ejus
384 1209 418 1238 in
440 1208 586 1238 secundo
610 1207 805 1239 Consulatu.
828 1208 870 1239 ad

138 1251 216 1283 Div.
232 1252 286 1282 vii.
305 1254 333 1282 1.
356 1252 426 1290 ejus
442 1251 511 1281 ludi
528 1252 712 1291 magnifici,
728 1252 762 1281 in
779 1251 870 1282 dedi·

140 1295 274 1325 catione
302 1295 426 1326 theatri
457 1295 540 1332 dati,
571 1295 805 1325 describuntur
834 1299 870 1326 et

140 1343 418 1373 contemnuntur.
433 1339 497 1369 Off.
513 1339 547 1368 ii.
567 1341 604 1373 17
609 1362 616 1369 .
639 1339 710 1378 ejus
723 1338 869 1377 theatra,

140 1383 303 1423 porticus,
315 1382 443 1423 templa
455 1381 746 1422 reprehenduntur
757 1382 871 1412 mode-

138 1431 213 1456 ste:
244 1436 274 1456 v.
306 1425 409 1457 Tacit.
438 1427 560 1457 Annal.
590 1426 655 1456 xiv.
687 1427 740 1457 20.
767 1430 799 1456 et
825 1427 870 1456 ibi

139 1469 233 1510 Lips.
262 1469 304 1500 ad
334 1469 411 1500 Div.
434 1470 502 1499 viii.
533 1472 582 1500 ll.
611 1469 682 1509 ejus
703 1469 869 1500 secundus

141 1511 344 1544 Consulatus
372 1513 563 1552 exagitatur
592 1522 612 1542 a
640 1513 678 1543 C.
710 1513 869 1551 Curione,

138 1555 218 1586 trib.
234 1555 280 1596 pl.
306 1557 380 1587 Att.
396 1557 438 1587 iv.
459 1559 486 1586 1.
512 1556 612 1587 Dom.
632 1559 664 1590 7.
687 1556 718 1586 ei
738 1556 870 1587 Cicero-

138 1600 191 1630 nis
202 1601 373 1630 sententia
386 1609 438 1630 res
452 1600 675 1630 frumentaria
686 1600 871 1631 committi-

138 1648 198 1674 tur
212 1653 289 1674 cum
305 1643 455 1684 imperio.
469 1643 511 1673 ad
524 1643 601 1674 Div.
612 1643 681 1673 viii.
694 1646 725 1675 8.
742 1643 782 1674 de
794 1653 870 1684 pro-

138 1687 258 1718 vinciis
275 1687 414 1718 Caesaris
436 1691 584 1718 statuere
607 1696 675 1717 non
690 1686 774 1717 vult.
796 1687 870 1719 Att.

141 1740 174 1762 x.
199 1733 230 1762 8.
255 1730 504 1762 Themistocleo
527 1730 664 1761 consilio
686 1731 806 1761 utitur.
828 1731 871 1761 ad

139 1774 217 1806 Div.
233 1774 300 1805 viii.
320 1777 370 1805 13.
398 1774 571 1805 stomacho
586 1775 636 1805 ita
649 1773 820 1804 fastidioso
835 1780 871 1805 et

139 1816 322 1857 languente
338 1822 401 1856 est,
417 1822 468 1856 ut,
483 1818 572 1858 quod
586 1819 648 1848 sibi
663 1817 807 1858 placeat,
819 1827 870 1848 re-

139 1861 248 1902 perire
263 1871 332 1892 non
348 1863 464 1902 possit.
479 1862 583 1893 Attie.
597 1863 653 1892 vii.
681 1865 729 1892 11.
760 1871 870 1902 repre-

141 1904 314 1943 henditur,
329 1905 418 1945 quod
442 1905 570 1936 Caesare
593 1905 792 1936 adveniente
815 1915 871 1935 ur-

140 1947 218 1979 bem
249 1948 432 1988 reliquerit.
464 1949 507 1979 ad
531 1950 608 1980 Div.
634 1949 678 1980 iv.
704 1953 735 1983 7.
765 1949 869 1989 copiae

141 1991 214 2030 ejus
236 1996 272 2022 et
294 2001 399 2031 genus
421 1993 587 2023 exercitus
604 2002 671 2022 non
687 1992 871 2033 probantur

140 2035 190 2066 Μ.
217 2034 376 2066 Marcello
402 2039 438 2065 et
464 2035 627 2066 Ciceroni.
653 2036 724 2066 Att.
747 2036 815 2066 viii.
838 2039 870 2067 3.

138 2079 232 2110 initio
254 2079 328 2109 belli
354 2077 462 2110 Civilis
485 2079 531 2109 nil
554 2080 626 2118 agit
646 2080 815 2119 sapienter
835 2083 870 2110 et

140 2121 287 2159 fortiter,
303 2124 417 2153 omnia
432 2127 551 2153 contra
569 2123 737 2153 Ciceronis
763 2123 870 2153 consi-

139 2165 236 2197 lium.
262 2166 428 2197 Caesarcm
443 2166 539 2203 aluit,
556 2167 650 2196 auxit
665 2171 700 2197 et
716 2167 869 2198 armavit.

140 2209 212 2240 Att.
228 2210 271 2240 ix.
291 2212 342 2241 13.
364 2210 405 2241 de
422 2220 502 2250 pace
519 2210 628 2240 mittit
639 2210 682 2241 ad
693 2209 869 2241 Caesarem.

138 2253 240 2284 Tusc.
255 2253 302 2283 iii.
317 2255 370 2288 27.
398 2254 480 2293 fuga
501 2258 577 2293 post
598 2262 746 2293 pugnam
769 2253 871 2284 Phar-

139 2295 289 2328 salicam.
305 2297 348 2327 ad
362 2298 438 2328 Div.
454 2298 509 2327 xii.
530 2299 579 2327 14.
603 2297 637 2327 in
651 2297 731 2336 suga
742 2306 808 2327 non
819 2307 870 2327 re-

139 2341 266 2380 cipitur
287 2350 307 2370 a
327 2340 477 2372 Rhodiis.
503 2340 578 2371 Div.
594 2341 629 2370 ii.
644 2344 676 2374 9.
699 2341 735 2370 in
753 2340 870 2371 solitu-

139 2383 218 2414 dine
232 2385 467 2425 AEgyptiorum
481 2384 683 2421 trucidatur,
699 2387 729 2414 et
741 2383 870 2424 quidem-

139 2427 187 2457 ad
209 2432 349 2458 montem
379 2428 524 2465 Calceum,
548 2428 603 2458 ubi
627 2425 698 2467 ejus
721 2429 871 2459 tumulus

128 2469 218 2511 suit.
233 2469 328 2502 Plin.
346 2471 395 2502 H.
413 2472 462 2502 N.
482 2480 511 2501 v.
536 2473 584 2501 12.
612 2472 667 2501 ubi
688 2470 752 2500 vid.
776 2471 870 2501 Har-

140 2514 232 2545 duin.
246 2514 323 2545 Div.
340 2515 361 2545 i.
382 2517 431 2546 14.
454 2514 562 2545 multa
577 2524 654 2544 enm
665 2513 869 2546 fefellerunt.

140 2557 226 2588 Phil.
243 2557 278 2588 ii.
293 2559 347 2590 42.
371 2558 442 2598 ejus
458 2557 575 2588 domus
592 2562 627 2588 et
642 2557 730 2588 horti
745 2557 787 2587 ad
801 2558 869 2588 An-

139 2601 274 2631 tonium
290 2610 421 2633 venere.
443 2600 539 2632 Brut.
562 2601 614 2632 68.
637 2601 798 2640 majorem
819 2601 869 2631 di-

141 2644 240 2675 cendi
269 2644 409 2685 gloriam
439 2649 638 2676 consecutus
672 2649 772 2681 esset,
804 2644 869 2675 nisi

141 2687 255 2726 gloriae
279 2688 400 2729 cupido
422 2698 500 2719 eum
524 2688 565 2718 ad
589 2697 639 2718 res
662 2687 796 2718 bellicas
812 2688 869 2717 ab-

138 2731 324 2762 straxisset.
338 2732 433 2763 Offic.
450 2733 471 2762 i.
487 2733 540 2762 22.
571 2731 695 2762 frustra
712 2741 746 2761 se
768 2731 868 2761 tertio

138 2774 429 2815 triumphaturum
466 2775 562 2813 dicit,
599 2775 663 2805 nisi
701 2774 868 2804 Ciceronis

140 2817 304 2848 beneficio
326 2819 561 2859 triumpharet.
587 2818 647 2849 &c.
673 2817 790 2848 Milon.
813 2819 865 2848 25.

140 2860 287 2900 Magnus
324 2868 472 2894 vocatur.
512 2862 552 2892 de
587 2872 649 2902 quo
684 2862 869 2900 cognomine

141 2904 269 2944 quando
283 2904 400 2936 datum
420 2915 452 2937 v.
478 2905 602 2944 Scalig.
625 2905 671 2935 ad
692 2904 812 2936 Euseo.
830 2915 866 2944 p.

145 2949 216 2979 154.
233 2948 260 2982 b.
295 2948 348 2981 De
378 2949 476 2985 rebus
505 2949 606 2990 gestis
630 2950 665 2981 in
689 2948 868 2991 compendio

910 1132 950 1151 no
971 1127 1047 1153 ante
1067 1127 1208 1161 gestum.
1230 1122 1326 1153 Brut.
1341 1124 1394 1156 76.
1417 1123 1541 1154 Censor
1562 1133 1639 1154 cum

911 1165 1041 1196 Metello
1056 1165 1266 1196 Blacedonico.
1283 1165 1379 1197 Font.
1394 1170 1425 1200 7.
1443 1176 1462 1196 a
1473 1166 1639 1206 Caepioni-

910 1208 971 1239 bus
987 1213 1161 1239 accusatus
1183 1209 1374 1240 absolvitur.
1391 1209 1496 1240 Amic.
1520 1211 1572 1240 21.
1596 1210 1638 1241 ab

911 1261 950 1282 eo
966 1252 1100 1293 capitali
1115 1252 1203 1290 odio,
1215 1252 1251 1282 C.
1270 1251 1362 1283 Laelii
1379 1262 1490 1290 causa,
1502 1252 1638 1285 dissidet

912 1295 947 1327 P.
962 1296 1070 1336 Scipio
1085 1296 1154 1326 Afr.
1171 1296 1253 1336 quod
1265 1305 1340 1326 cum
1356 1297 1549 1336 promiseeset
1566 1296 1639 1327 Sci-

905 1340 1009 1380 pioni,
1023 1350 1056 1370 se
1080 1339 1114 1370 C.
1139 1339 1233 1370 Loelii
1244 1341 1429 1378 petitionem
1450 1339 1639 1371 Consulatus

910 1381 1122 1424 adjuturum,
1136 1383 1340 1423 semetipsum
1368 1382 1532 1414 Consulem
1542 1383 1637 1423 sece-

910 1431 978 1464 rat,
990 1431 1027 1457 ‘ut
1035 1431 1261 1457 commemorat
1269 1425 1446 1458 Plutarch.
1456 1427 1489 1456 in
1499 1427 1636 1468 Apopht.

904 1480 941 1511 p.
966 1474 1040 1502 200.
1062 1481 1103 1501 ez·
1124 1480 1183 1510 quo
1205 1471 1304 1500 etiam
1325 1470 1532 1509 intelligitur,
1549 1472 1638 1501 hunc

911 1512 1105 1553 Pompeium
1127 1514 1264 1545 tibicinis
1273 1513 1392 1554 filium
1402 1513 1521 1554 fuisse.
1542 1514 1636 1546 Adde

911 1556 950 1588 de
962 1568 996 1588 eo
1013 1556 1121 1588 Vellei.
1137 1557 1171 1586 ii.
1194 1560 1220 1587 1.

954 1601 999 1643 Q.
1029 1600 1215 1641 Pompeius,
1231 1600 1276 1642 Q.
1303 1598 1340 1631 F.
1366 1600 1408 1631 A.
1434 1599 1481 1631 N.
1510 1598 1634 1640 Rzgfus.

911 1643 968 1674 Or.
997 1643 1018 1674 i.
1046 1647 1098 1678 37.
1127 1649 1249 1684 praetor
1271 1643 1415 1674 urbanus
1439 1654 1471 1674 a.
1495 1652 1637 1676 nctxni.

910 1687 1084 1718 familiaris
1101 1687 1210 1718 Crassi
1226 1691 1260 1717 et
1275 1686 1424 1717 Antonii.
1453 1687 1531 1727 Agr.
1546 1687 1567 1717 i.
1586 1690 1637 1720 15.

913 1730 1037 1762 Consul
1067 1740 1144 1762 cum
1181 1730 1220 1760 L.
1258 1729 1361 1768 Sulla,
1391 1740 1477 1761 anno
1514 1738 1637 1762 Dctxv.

910 1774 1015 1805 Amic.
1048 1778 1077 1805 1.
1105 1774 1240 1814 capitali
1270 1774 1346 1804 odio
1377 1784 1397 1804 a
1425 1774 1461 1805 P.
1490 1773 1636 1814 Sulpicio

909 1818 988 1849 trib.
1003 1817 1049 1858 pl.
1064 1816 1205 1859 ejusdem
1219 1818 1300 1848 amn*
1321 1817 1469 1855 dissidet,
1487 1817 1523 1858 (a
1542 1816 1638 1860 cujus

910 1863 1086 1892 emissariis
1113 1862 1212 1892 etiam
1231 1861 1329 1902 filius
1356 1859 1426 1902 ejus
1450 1859 1638 1901 interfectus

910 1910 965 1936 est.
982 1916 1011 1936 v.
1031 1904 1141 1936 Vellei.
1155 1905 1189 1934 ii.
1210 1903 1273 1942 19.)
1291 1914 1367 1934 cum
1383 1908 1462 1935 ante
1478 1905 1639 1935 amicissi-

910 1949 957 1979 mi
973 1949 1126 1980 fuissent.
1147 1948 1243 1980 Brut.
1259 1948 1310 1980 56.
1335 1948 1541 1979 orationibus
1555 1947 1636 1981 AElii

910 1993 1030 2024 utitur.

953 2036 997 2078 Q.
1013 2035 1186 2077 Pompeius
1199 2034 1319 2073 Rufus,
1334 2031 1432 2076 hujus
1445 2034 1576 2075 Quinti,
1588 2034 1634 2076 Q.

910 2078 950 2111 F.
973 2080 1015 2111 A.
1040 2080 1186 2120 Nepotis,
1201 2089 1293 2120 nepos
1314 2088 1354 2109 ex
1369 2078 1411 2109 L.
1429 2077 1530 2108 Suclae
1539 2078 1636 2118 filia,

914 2121 983 2166 ejus
1011 2123 1055 2164 ,ρ-
1081 2123 1229 2164 Pompez'i
1243 2122 1302 2163 fil.
1331 2130 1424 2161 quem
1448 2131 1470 2151 a
1499 2120 1638 2162 Suhpicii

910 2168 1085 2197 emissariis
1095 2166 1302 2207 interfectum
1313 2165 1464 2196 diximus.
1485 2163 1568 2195 Suu.
1584 2168 1635 2200 19.

910 2211 981 2242 Att.
998 2211 1039 2240 iv.
1061 2211 1109 2241 16.
1135 2210 1176 2250 Ω.
1193 2209 1244 2240 Fr.
1259 2209 1305 2239 iii.
1321 2209 1353 2239 2.
1381 2207 1560 2239 Messalam
1575 2209 1638 2239 tri-

910 2254 1020 2284 bunus
1046 2254 1131 2294 pleb.
1153 2263 1185 2284 a.
1207 2260 1285 2282 Dec.
1307 2255 1337 2281 et
1360 2259 1452 2282 ucc1.
1476 2260 1571 2282 reum
1593 2251 1635 2282 de

911 2298 1040 2328 ambitu
1062 2297 1154 2327 facit.
1185 2295 1226 2326 ad
1243 2296 1317 2326 Div.
1333 2295 1401 2324 viii.
1421 2297 1448 2325 1.
1479 2295 1636 2326 inimicus

911 2341 1092 2377 Ciceronis,
1109 2341 1162 2380 qui
1176 2340 1211 2369 in
1225 2348 1325 2369 causa
1340 2337 1472 2369 Milonis
1487 2339 1571 2369 diem
1586 2339 1636 2369 de·-

910 2394 981 2416 cere
1009 2384 1151 2416 Ciceroni
1174 2384 1283 2412 voluit.
1310 2392 1340 2412 v.
1365 2391 1499 2422 argum.
1520 2381 1635 2414 erm.

911 2426 1063 2458 Pedianz'.
1092 2426 1179 2457 unde
1202 2426 1292 2456 fama
1313 2429 1387 2455 orta
1416 2428 1480 2462 est,
1503 2425 1636 2456 Cicero·

911 2480 987 2501 nem
1005 2471 1123 2501 itinere
1138 2471 1173 2500 in
1192 2469 1349 2506 Ciliciam,
1367 2468 1407 2498 ab
1423 2478 1462 2498 eo
1475 2469 1569 2499 exule
1584 2469 1635 2498 in-

908 2514 1087 2544 terfectum
1104 2523 1184 2543 esse.
1207 2512 1304 2554 ‚Quod
1314 2513 1448 2543 comitiis
1463 2511 1549 2543 Com.
1558 2521 1638 2552 per-

904 2563 1002 2598 petuo
1015 2558 1228 2594 obnuntiaret,
1240 2557 1276 2586 in
1285 2565 1447 2586 carcerem
1456 2552 1635 2596 conjectum

909 2604 1134 2632 commemorat
1164 2599 1231 2632 Dio
1272 2599 1400 2630 Cassius
1436 2599 1488 2630 lib.
1522 2599 1566 2630 xl.
1597 2608 1634 2639 p.

915 2647 985 2675 141.
1016 2645 1109 2675 Anno
1126 2648 1196 2684 post
1218 2643 1422 2673 tribunatum
1449 2642 1489 2673 de
1509 2643 1542 2671 vi
1563 2651 1635 2672 con-

909 2688 1081 2718 demnatus
1101 2691 1145 2717 est
1167 2696 1240 2717 cum
1266 2686 1303 2718 T.
1327 2685 1464 2717 Planco.
1494 2685 1535 2715 ad
1558 2685 1634 2716 Div.

909 2731 978 2760 viii.
1006 2734 1032 2761 1.
1062 2730 1173 2761 Baulis
1196 2730 1320 2767 exulat,
1344 2729 1378 2759 in
1401 2738 1533 2759 summa
1554 2738 1636 2769 pau-

910 2778 1052 2814 pei-tate,
1073 2783 1138 2814 qua
1159 2783 1235 2803 eum
1258 2772 1307 2804 M.
1335 2772 1448 2803 Coelizw
1469 2772 1565 2809 idem,
1580 2772 1637 2811 qui

909 2821 986 2847 ante
1006 2821 1228 2855 accusaverat,
1252 2817 1379 2854 liberat,
1402 2815 1538 2855 cogendo
1566 2825 1637 2845 ma-

909 2865 992 2892 trem
1029 2860 1222 2898 Oyrneliam,
1246 2864 1284 2890 ut
1307 2859 1435 2899 praedia
1457 2858 1542 2899 fidei
1569 2866 1636 2888 ⁸11oe

909 2905 1076 2935 commissa
1090 2904 1246 2935 redderet.
1275 2902 1385 2934 Valer.
1400 2902 1449 2933 M.
1465 2902 1506 2932 iv.
1523 2903 1553 2933 2.
1580 2903 1636 2931 hoe

909 2947 988 2980 dieu
1017 2947 1150 2980 avlius:
1182 2956 1289 2987 usque
1316 2956 1356 2979 eo
1382 2945 1642 2978 emboeneticam.
