1800 3131
163 122 248 161 320

172 222 222 250 14.
255 219 295 249 de
311 218 451 249 horridis
466 217 563 248 rebus
579 217 697 257 nitida,
715 219 754 249 de
769 218 898 261 jqjimis

165 263 267 304 plena
278 267 327 293 cst
339 262 444 293 oratio
455 267 527 292 tua.
548 262 642 293 Brut.
657 266 710 294 30.
733 269 814 293 sunt
825 267 896 303 cJus

165 307 332 337 orationes
347 303 483 347 jejunoe.
513 305 532 324 ²*
547 305 721 343 absurdus,
745 307 893 347 ineptus,

165 350 307 380 inutilis.
337 350 394 380 Or.
419 349 452 379 ii.
472 349 521 379 16.
543 347 666 390 jejuna
690 351 893 380 concertatio

163 394 354 423 verborum.
383 393 447 423 Off.
463 394 485 422 i.
501 395 553 424 44.
584 393 732 433 cognitio
748 393 894 432 solivaga

166 441 266 475 atque
281 434 412 478 jejuna.
435 436 605 466 ³“invidus
630 437 706 467 Div.
722 437 755 466 ii.
776 441 824 470 17.
854 436 894 466 il-

165 479 224 511 lud
237 490 311 510 vero
324 479 435 520 pusilli
452 480 554 510 animi
571 484 634 517 est,
653 485 688 509 ct
704 480 775 519 ipsa
790 479 892 509 male-

165 522 430 565 volentiajejuni
446 529 545 562 atquc
563 524 681 553 inanis.

210 568 335 606 Igitur,
356 567 528 606 eleganter
550 570 600 596 est
623 570 696 605 post
719 564 893 604 digressio-

166 620 255 641 nem.
278 612 336 642 Or.
352 611 373 641 i.
390 615 420 644 7.
444 620 520 639 cum
544 611 650 648 igitur
664 608 893 638 vehementius

166 654 226 684 &c.
259 654 300 684 cf.
324 654 425 684 Acad.
450 654 490 683 iv.
515 653 545 683 6.
577 653 648 682 Fin.
669 663 698 682 v.
716 654 768 683 32.
799 652 894 682 Balb.

167 700 198 729 5.
217 698 276 728 &c.

211 741 371 780 Ignarus,
386 739 536 770 timidus.
561 739 683 768 Caecin.
705 739 754 769 16.
779 739 894 777 ignavi

166 784 302 815 milites.
325 784 344 802 *Ψ
357 784 426 813 Fat.
448 785 496 813 12.
522 784 643 822 ignava
659 783 756 813 ratio.
773 793 802 812 ν.
820 782 893 812 Iud.

165 828 223 858 Gr.
240 827 327 870 ἄξγός
345 826 444 866 λόγος.

211 872 316 909 Ignis,
334 871 373 900 de
391 879 491 900 causa
504 869 570 899 odii
584 872 618 899 et
630 869 894 900 inimicitiarum.

167 914 280 945 Rabir.
308 914 396 944 Post.
422 914 452 944 6.
480 913 558 943 huic
574 913 681 943 ordini
706 923 829 943 novum
845 915 896 952 ig-

165 967 239 988 nem
255 957 386 996 subjici.

210 1001 360 1040 Ignotus,
373 1001 478 1031 active
500 1000 593 1031 Verr.
606 1000 627 1030 i.
641 1004 672 1034 7.
696 1000 737 1030 ad
749 1000 821 1031 Att.
838 1000 894 1031 xii.

169 1048 198 1075 1.
223 1049 257 1074 et
272 1044 360 1074 alibi.

210 1089 423 1128 Illaqueatus.
454 1086 535 1118 Har.
567 1087 607 1118 R.
638 1089 670 1117 4.
699 1089 896 1128 illaqueatus

163 1131 279 1171 legum
296 1131 462 1172 periculis.

214 1176 283 1213 Ille,
308 1186 368 1216 pro
394 1175 460 1206 hie.
484 1185 514 1205 v.
542 1174 608 1204 hic.
638 1173 768 1205 *CatiL
795 1175 837 1205 iv.
863 1177 893 1206 ΞΖ.

166 1228 274 1258 neque
298 1224 413 1249 tamen
428 1229 490 1258 ego
505 1229 579 1248 sum
597 1219 651 1248 ille
665 1218 894 1258 ferreus—qui

166 1273 235 1293 non
252 1272 394 1293 movear.

210 1307 386 1345 membra»,
425 1305 564 1336 stimuli.
609 1305 691 1335 Coel.
730 1308 760 1336 5.
799 1310 895 1336 eraut

163 1350 254 1390 apud
284 1361 362 1380 eum
387 1350 542 1380 illecebroe
569 1348 768 1379 libidinum:
804 1349 836 1379 h.
865 1360 893 1380 e.

165 1399 288 1424 natura
299 1404 360 1424 sua
371 1393 411 1423 ad
424 1393 595 1423 libidinem
607 1393 801 1432 propensior
812 1398 895 1424 erat.

164 1437 184 1455 ⁵*
199 1438 296 1468 Catil.
321 1438 354 1467 ii.
378 1440 409 1467 4.
438 1446 511 1475 quae
533 1441 632 1466 tauta
654 1435 722 1466 ullo
745 1446 895 1476 unquam

167 1481 203 1512 in
220 1481 355 1511 homine
372 1482 523 1510 illecebra
533 1480 723 1519 juventutis
739 1479 815 1510 fuit.

208 1525 395 1555 Illiberalis.
427 1524 483 1554 Or.
501 1525 522 1554 i.
549 1525 602 1554 32.
631 1533 698 1553 non
721 1530 773 1553 est
796 1525 895 1554 illibe-

163 1570 235 1599 rale
250 1569 290 1598 ad
305 1567 586 1608 cognoscendum.

210 1613 323 1643 Illicio.
358 1612 439 1642 Nat.
468 1612 512 1642 D.
543 1610 590 1640 iii.
622 1612 675 1644 27.
714 1610 892 1650 conjugem

163 1656 260 1687 illexe
283 1655 324 1685 ad
347 1659 512 1694 stuprum.
543 1654 614 1683 Att.
638 1653 681 1684 ix,
701 1657 751 1684 13.
783 1655 823 1685 ab
841 1655 895 1685 iis-

163 1700 241 1730 dem
263 1700 362 1729 illecti
383 1708 517 1729 sumus:
543 1698 565 1728 i.
588 1707 617 1727 e.
639 1697 781 1736 inducti,
799 1698 895 1728 dece-

189 1744 226 1773 ti.

165 1754 186 1784 p
209 1787 352 1817 Illirlere.
385 1785 467 1816 Har.
496 1785 536 1816 R.
563 1786 616 1816 25.
647 1786 733 1816 illisa
759 1794 893 1825 serpens

164 1831 338 1861 morietur.

210 1874 362 1913 Illigare,
379 1872 574 1913 exprimere.
598 1872 691 1902 Orat.
715 1872 762 1902 iii.
779 1875 831 1902 44.
855 1874 894 1902 il-

165 1918 273 1957 ligare
295 1917 498 1947 sententiam
520 1916 638 1946 verbis.
660 1916 893 1953 *immiscere‚

165 1961 332 1992 adhibere.
355 1962 412 1992 Or.
425 1962 477 1993 ⁶37.
501 1960 535 1989 in
553 1970 618 1999 quo
634 1969 748 1990 omnes
760 1961 894 1999 illigan-

165 2010 222 2036 tur
244 2003 382 2045 lepores.
411 2003 512 2033 Acad.
535 2003 576 2033 iv.
593 2005 623 2034 2.
655 2004 711 2042 qui
734 2004 895 2033 sermoni-

163 2049 225 2079 bus
249 2048 411 2088 cjusmodi
436 2047 544 2077 nolint
562 2057 717 2087 personas
733 2051 803 2077 tam
821 2057 894 2086 gra-

164 2102 220 2123 ves
244 2093 382 2131 illigari.
406 2090 476 2120 *de
500 2091 585 2120 vasis
609 2090 732 2121 caelatis
757 2096 807 2120 est
831 2091 893 2121 hoc

163 2137 315 2166 verbum.
336 2136 430 2166 Verr.
442 2134 484 2164 iv.
498 2137 550 2166 524.
566 2135 699 2173 illigare
713 2134 822 2173 sigilla
837 2145 894 2174 po-

165 2180 259 2210 culis.
306 2179 359 2209 Sic
384 2179 423 2208 de
447 2178 588 2217 gemmis
605 2178 730 2208 Graeci:
755 2177 836 2208 λίθοι
853 2178 894 2207 ἰν-

163 2221 294 2256 &sisaim
308 2222 431 2265 χρυσίῳ.
454 2221 642 2260 *obligare
669 2221 753 2251 Phil.
777 2222 844 2251 xiii.
862 2225 892 2252 4.

164 2267 282 2297 multis
313 2265 506 2306 pignoribus
539 2265 586 2295 M.
612 2265 777 2305 Lepidum
809 2275 895 2305 resp.

164 2311 332 2350 illigatum
355 2314 463 2340 tenet.
509 2309 666 2339 Imitatus
684 2313 734 2338 est
755 2308 893 2339 Tacitus

164 2353 204 2384 A.
227 2355 282 2384 xii.
308 2356 359 2385 25.
390 2353 409 2371 ²*
425 2351 665 2391 constringere.
699 2353 757 2382 Or.
780 2353 814 2382 ii.
844 2355 892 2382 14.

164 2399 314 2435 illigatus
336 2396 419 2427 liber
435 2396 586 2436 angustis
601 2396 894 2436 disputationibus.

165 2440 343 2480 *Elegans
371 2447 422 2471 est
449 2446 484 2470 et
510 2438 591 2469 hoc:
628 2439 765 2470 Tuscul.
791 2439 813 2469 i.
841 2441 894 2471 25.

167 2489 278 2515 motus
294 2484 468 2514 stellarum
484 2483 519 2513 in
535 2483 698 2523 sphaeram
715 2484 866 2522 illigavit.

210 2529 312 2565 Illim,
340 2538 399 2568 pro
426 2527 530 2557 illinc.
565 2527 637 2557 Att.
665 2527 719 2557 vii.
751 2530 800 2558 13.
836 2527 894 2557 ubi

164 2571 237 2611 lege
255 2572 289 2601 P.
306 2570 504 2601 Victorium.

209 2614 444 2655 Illiquefactus.
472 2613 572 2644 Tuse.
597 2613 638 2644 iv.
656 2619 687 2649 9.
718 2624 791 2653 quae
815 2618 895 2644 sunt

165 2668 281 2689 omnes
298 2658 339 2688 ad
353 2657 622 2698 perfundendum
640 2658 792 2687 animum
808 2661 894 2687 tam-

165 2712 266 2743 quam
283 2701 489 2742 illiquefctetoe
505 2701 704 2741 voluptates.

210 2745 367 2782 Illzcdere,
381 2749 607 2775 contemnere.
631 2746 688 2775 Or.
705 2745 738 2775 ii.
752 2748 783 2776 3.
806 2745 895 2785 quod

166 2789 288 2820 merito
303 2790 400 2818 illudi
415 2789 529 2828 possit.

210 2833 334 2868 Illusz'o,
351 2830 483 2873 εἰρωνεία,
499 2831 682 2862 urbanitas.
706 2832 763 2862 Or.
779 2832 824 2861 iii.
841 2834 893 2862 53.

210 2876 420 2912 Illzmzinare,
444 2884 572 2904 ornare.
596 2875 689 2905 Orat.
714 2876 760 2906 iii.
777 2878 828 2905 31.
856 2877 893 2905 il-

163 2921 330 2962 luminare
352 2919 463 2957 verba,
479 2928 525 2949 sc.
541 2919 658 2959 tropis.
689 2918 769 2950 ibid.
793 2919 824 2950 6.
854 2920 893 2950 il-

672 131 819 160 INDEX
858 131 990 160 LATIN
997 131 1151 160 1'1'A'1'1s.

942 221 1105 250 luminare
1127 218 1324 250 orationem.
1346 218 1442 251 Brut.
1465 223 1518 256 37.
1543 222 1669 254 illumi«

939 273 1022 294 nare
1037 264 1220 294 sententias
1238 273 1282 293 sc.
1301 264 1426 303 figuris

984 308 1176 338 Illuminale
1195 307 1314 338 dicere.
1342 308 1436 338 Orat.
1452 307 1499 338 iii.
1519 311 1566 339 14.
1598 309 1620 340 i.
1636 318 1667 340 e.

938 356 1066 381 ornate.

983 395 1205 425 [eluminatus.
1237 394 1332 424 Brut.
1352 396 1404 425 58.
1419 398 1503 425 extr.
1537 392 1586 426 0!
1611 405 1667 435 ge-

938 446 1088 467 nerosam
1107 439 1258 478 stirpem,
1273 442 1307 468 et
1322 441 1493 477 tamquam
1512 438 1546 468 in
1562 448 1666 469 unam

937 480 1087 510 arborem
1112 481 1208 520 plura
1231 491 1365 520 genera,
1382 482 1429 511 sic
1445 481 1479 511 in
1494 482 1593 512 istam
1610 481 1667 512 do-

938 533 1030 553 mum
1046 524 1371 555 multoruminsitam
1386 530 1486 564 atque
1497 526 1668 556 illumina-

938 571 1006 596 tam
1022 568 1233 606 sapientiam.

982 611 1170 648 Ιίῐτιείνανε,
1185 612 1323 651 aperire.
1350 612 1449 642 Catil.
1464 613 1485 642 i.
1499 614 1530 643 3.
1554 612 1581 642 si
1589 613 1669 643 illu-

937 657 1101 690 strantur,
1118 655 1144 683 si
1166 659 1347 694 erumpunt
1369 656 1490 686 omnia.
1515 655 1556 686 cf.
1570 656 1617 685 iii.
1639 659 1668 687 1.

938 696 1098 726 *or-imre.
1132 697 1208 728 Div.
1232 698 1265 728 ii.
1295 701 1320 728 1.
1352 698 1456 736 locus,
1479 699 1535 738 qui
1559 702 1666 730 totam

938 739 1180 780 philosophiam
1211 741 1354 771 maxime
1385 743 1542 773 illustrat.
1576 742 1668 773 *ex-

939 784 1073 823 plicare.
1102 784 1158 814 Or.
1175 784 1208 814 ii.
1222 786 1274 815 33.
1290 788 1340 822 ut,
1356 795 1429 824 quae
1447 785 1515 815 sint
1531 786 1666 825 injure,

938 827 990 857 vel
1025 832 1102 867 apte
1132 827 1330 865 describere,
1359 828 1411 858 ve1
1440 834 1556 859 ornate
1589 831 1668 860 illu-

937 875 1045 901 strare
1061 872 1174 911 possit.
1205 872 1296 901 Orat.
1314 872 1334 901 i.
1352 873 1404 902 23.
1428 873 1604 911 generibus
1627 875 1668 903 il-

938 916 1090 945 lustrata.
1115 915 1216 945 Acad.
1238 915 1259 944 i.
1280 918 1307 945 1.
1337 916 1509 946 illustrare
1525 915 1668 956 philoso-

939 957 1051 998 phiam
1078 958 1191 988 latinis
1216 958 1332 989 literis.
1366 958 1386 976 ²*
1406 958 1448 988 ad
1472 959 1548 989 Div.
1575 959 1609 989 ii.
1634 960 1666 990 6.

935 1001 1065 1031 nullam
1083 1002 1223 1040 gratiam
1241 1012 1310 1031 esse
1323 1006 1468 1039 tautam,
1482 1012 1583 1041 quam
1600 1012 1667 1033 non

938 1045 989 1074 vel
1007 1055 1123 1085 capere
1141 1046 1272 1075 animus
1288 1046 1322 1075 in
1339 1045 1546 1085 accipiendo,
1563 1045 1615 1075 vel
1631 1047 1667 1077 in

939 1089 1183 1118 remunerando
1207 1088 1476 1128 cumulandoque
1499 1091 1668 1120 illustrare

937 1128 1059 1171 possit:
1086 1133 1107 1162 i.
1132 1142 1161 1162 e.
1177 1131 1340 1162 illustrem
1365 1132 1501 1163 reddere
1525 1137 1560 1163 et
1582 1133 1670 1163 celc-

938 1175 1042 1205 brem.

983 1219 1136 1249 [ilustris.
1160 1218 1200 1248 ad
1216 1219 1291 1249 Div.
1307 1220 1327 1249 i.
1345 1223 1376 1253 9.
1405 1219 1466 1249 tibi
1484 1219 1591 1250 multo
1607 1229 1667 1250 no·

937 1262 1004 1292 tior
1028 1266 1126 1302 atque
1150 1263 1308 1293 illustrior
1324 1272 1417 1293 meus
1433 1263 1468 1293 in
1483 1267 1518 1293 te
1535 1264 1667 1294 animus

937 1310 1036 1337 esset.

982 1350 1151 1381 Illustrz'us
1167 1350 1299 1380 adverb.
1324 1349 1366 1380 ad
1389 1350 1464 1380 Div.
1482 1350 1504 1380 i.
1522 1353 1574 1381 10.

982 1394 1047 1431 Im,
1071 1394 1221 1433 antique,
1246 1404 1305 1433 pro
1334 1404 1425 1432 eum,
1448 1393 1531 1433 Leg.
1553 1393 1588 1424 ii.
1613 1395 1667 1425 24.

937 1438 982 1467 im
1000 1448 1075 1467 cum
1094 1437 1150 1467 illo
1167 1438 1305 1476 sepelire
1323 1438 1382 1468 διο,

982 1482 1112 1519 Imago,
1125 1481 1307 1521 opponitur
1323 1481 1369 1510 rei
1386 1480 1462 1520 ipsi,
1476 1483 1516 1510 ut
1531 1490 1667 1511 nomen.

936 1524 1019 1554 Rab.
1044 1525 1131 1554 Post.
1161 1527 1208 1555 15.
1232 1525 1350 1554 umbra
1370 1529 1406 1554 et
1421 1525 1530 1563 imago
1545 1524 1667 1563 equitis

936 1568 976 1598 R.
1000 1568 1071 1597 *de
1087 1568 1179 1597 echo.
1201 1567 1302 1598 Tusc.
1321 1569 1367 1598 iii.
1382 1569 1413 1598 2.
1436 1569 1548 1606 imago
1567 1568 1666 1598 vocis.

936 1609 1071 1641 *εἴδωλα
1096 1612 1229 1651 Epicuri
1261 1612 1304 1652 (v.
1330 1611 1403 1641 lnd.
1426 1609 1498 1650 Gr.)
1532 1611 1609 1641 Div.
1632 1611 1667 1642 ii.

937 1656 989 1688 67.
1023 1655 1102 1685 Nat.
1120 1655 1161 1685 D.
1179 1655 1200 1685 i.
1222 1657 1270 1686 12.
1302 1654 1372 1685 Fin.
1388 1654 1410 1684 i.
1426 1655 1457 1685 6.
1490 1654 1617 1684 *vern
1634 1664 1666 1686 v.

942 1700 990 1728 14.
1013 1699 1070 1736 jus
1094 1700 1249 1737 imaginis
1273 1698 1314 1728 ad
1337 1698 1533 1728 memoriam
1558 1700 1668 1738 poste-

938 1743 1139 1780 ritatemque
1163 1741 1352 1781 prodendae.
1398 1740 1472 1771 Hoc
1489 1741 1546 1780 jus
1566 1740 1667 1772 dabat

937 1785 1077 1815 aedilitas
1105 1785 1243 1822 curulis,
1267 1790 1302 1815 et
1325 1785 1427 1814 ceteri
1450 1784 1666 1823 magistratus

937 1829 1090 1867 majores.
1136 1828 1253 1868 Itaque
1280 1829 1441 1867 imagines
1466 1832 1546 1858 sunt
1572 1829 1668 1868 signa

939 1872 1135 1902 nobilitatis.
1180 1872 1317 1903 Nobiles
1348 1872 1439 1901 enim
1466 1875 1559 1908 sunt,
1585 1881 1667 1910 quo-

937 1926 1010 1945 rum
1036 1917 1176 1954 majores
1200 1917 1413 1955 magistratus
1438 1916 1578 1955 majores
1594 1924 1668 1954 ges-

936 1969 1019 1989 sere.
1042 1959 1107 1990 vid.
1132 1960 1261 1990 nobilis.
1292 1959 1371 1999 Agr.
1395 1959 1429 1989 ii.
1451 1962 1477 1988 1.
1507 1960 1668 1997 imagines

936 2002 1072 2033 familiae
1095 2013 1175 2033 suae.
1199 2002 1312 2033 Plane.
1334 2006 1365 2037 7.
1390 2003 1445 2042 qui
1469 2002 1668 2041 imaginibus

937 2044 1119 2077 ducuntur.
1143 2047 1236 2076 Sext.
1261 2049 1291 2077 8.
1324 2047 1482 2086 imaginis
1508 2045 1666 2076 ornandae

937 2099 1047 2120 causa.
1071 2092 1180 2129 imago
1203 2095 1343 2121 ornatur
1364 2090 1472 2120 titulis
1491 2089 1668 2128 magistra-

935 2137 1049 2171 tuum,
1064 2134 1311 2174 triumphorum
1338 2134 1397 2164 ἃς.
1413 2144 1443 2163 ν.
1465 2133 1550 2162 Pliu.
1567 2142 1665 2163 xxxv.

940 2181 968 2208 1.
997 2177 1085 2217 Lips.
1104 2177 1210 2207 Elect.
1227 2178 1262 2208 ii.
1279 2180 1331 2211 99.
1356 2177 1468 2216 Sigon.
1487 2176 1563 2206 Ant.
1579 2175 1611 2205 J.
1628 2175 1667 2207 C.

936 2221 970 2251 ii.
1000 2223 1052 2252 ⁶20.
1092 2221 1237 2253 Budaeus
1267 2220 1309 2250 ad
1339 2220 1443 2251 Pand.
1475 2230 1507 2260 p.
1538 2229 1584 2250 m.
1615 2221 1668 2250 52.

937 2275 985 2304 sq.

982 2308 1199 2339 Imbecillitas.
1222 2307 1302 2338 Nat.
1318 2308 1361 2338 D.
1377 2307 1399 2337 i.
1416 2309 1470 2338 44.
1496 2310 1581 2337 extr.
1596 2315 1668 2336 om-

938 2353 988 2382 nis
1004 2353 1038 2382 in
1056 2353 1274 2383 imbecillitate
1289 2356 1340 2381 est
1357 2351 1465 2390 gratia
1475 2354 1510 2380 et
1525 2350 1666 2380 caritas:

936 2395 970 2426 h.
988 2406 1017 2426 e.
1035 2396 1067 2426 in
1093 2402 1214 2426 natura
1236 2394 1444 2435 imperfecta,
1458 2394 1592 2433 signum
1617 2399 1668 2423 est

937 2443 1067 2469 naturae
1105 2439 1325 2479 imperfectae,
1354 2442 1395 2468 ut
1425 2444 1476 2468 est
1505 2437 1666 2467 humana.
1700 2455 1704 2457 >

937 2482 1109 2513 *Tuscut
1141 2484 1174 2513 ii.
1205 2484 1236 2513 6.
1271 2482 1477 2512 imbecillitas
1506 2481 1668 2511 tribuitur

938 2526 1155 2566 philosophis,
1172 2527 1228 2566 qui
1245 2525 1391 2556 dolorem
1406 2526 1496 2555 inter
1511 2523 1602 2554 mala
1616 2534 1668 2554 re-

936 2570 1056 2599 tulere.

982 2613 1162 2643 Imberbus.
1185 2613 1286 2643 Dom.
1306 2614 1355 2643 14.
1371 2611 1479 2641 Graev.
1495 2610 1664 2642 imberbis.

937 2662 1120 2696 utrumque
1136 2657 1312 2686 usitatum.

983 2701 1152 2737 Imbibere,
1177 2700 1379 2730 constituere
1402 2707 1530 2735 secum,
1554 2697 1668 2728 decer-

938 2754 1028 2774 nere.
1051 2744 1169 2783 Quint.
1185 2744 1216 2774 6.
1239 2742 1326 2782 quod
1337 2742 1364 2771 si
1375 2741 1485 2771 facere
1503 2740 1600 2779 nolit,
1616 2745 1668 2772 at·

938 2798 1002 2826 que
1018 2788 1190 2823 imbiberit,
1207 2785 1369 2825 ejusmodi
1386 2785 1572 2815 rationibus
1587 2794 1667 2816 eum

938 2831 980 2861 ad
995 2841 1071 2861 suas
1088 2830 1295 2860 conditiones
1313 2828 1505 2869 perducere.

983 2875 1141 2905 meuere.
1168 2873 1243 2913 Lig.
1273 2876 1321 2904 10.
1351 2872 1470 2903 studiis
1492 2881 1527 2902 se
1546 2871 1669 2902 imbue-

935 2922 1001 2950 rat.
