1804 3178
563 94 709 125 mmex
739 95 874 125 Larix
880 96 1034 128 runs.

96 180 280 215 Mandatus
300 183 406 215 subet.
429 181 541 215 editur
569 189 643 225 post
664 183 782 216 Lamb.

54 221 178 257 Cecin.
195 229 225 260 7.

96 268 332 308 blancus-um
360 270 426 301 dat.
458 269 542 301 Phil.
567 271 600 301 ii.
629 274 659 302 5.
690 271 784 309 cujus

53 311 142 344 idem
166 314 225 344 tibi
250 314 372 349 satum.
388 314 475 344 sicut
500 314 537 345 C.
556 314 692 345 Curioni
716 325 785 345 ηια-

51 361 119 388 net.
165 358 218 388 Sic
241 364 275 388 et
298 358 415 389 Gra-ci.
447 357 511 388 vid.
527 357 568 388 de
593 357 654 388 hac
677 358 785 389 forma

53 400 179 432 Sanctii
214 400 354 432 Minerv.
375 401 407 431 ii.
424 403 454 432 4.
487 401 783 432 Drakenborchius

55 443 142 476 male
167 444 231 475 huc
254 444 357 475 trahit
381 443 462 474 illud
487 444 556 474 Liv.
581 445 602 474 i.
627 448 678 476 513.
713 456 783 476 ma-

50 497 130 518 nere
144 486 194 518 his
211 487 334 518 bellum
348 499 355 518 ι
381 487 467 527 quod
484 494 547 524 est,
560 489 598 518 iis
616 499 712 528 porro
727 500 782 529 ge-

52 531 194 562 rendum
210 536 261 562 est
279 530 416 568 bellum,
433 540 512 568 non,
531 532 695 562 imminet.

93 573 243 611 Manem,
263 574 467 612 chirotheca,
485 585 549 614 qua
573 576 637 605 iter
659 576 782 607 facien-

50 622 102 649 tes
115 623 152 648 et
164 616 299 648 femina·
324 619 518 649 utebantur.
551 619 634 649 Phil.
659 621 703 650 xi.
732 622 781 651 ll.

50 669 255 701 qumquam
271 662 386 700 miror,
399 662 527 692 tamdiu
545 663 664 694 morari
677 664 781 694 Anto-

49 705 157 736 nium.
203 704 295 735 Solet
309 706 399 736 enim
425 707 572 746 accipere
589 708 656 746 ipse
675 708 781 737 mani-

47 756 117 787 cas,
133 757 196 779 nec
211 747 338 779 diutius
361 749 540 780 obsidionis
565 755 693 780 metum
717 751 781 781 fer-

47 800 103 822 re:
136 792 158 823 i.
173 801 204 823 e.
220 797 259 822 ut
275 791 375 823 homo
390 792 499 823 mollis
519 797 553 824 et
566 793 704 824 timidus
727 794 779 824 fu-

47 844 137 876 gere.
161 844 192 867 v.
207 835 338 866 Ruben.
354 836 394 867 R.
411 837 449 867 V.
467 837 487 867 i.
504 839 534 868 4.

91 878 290 912 Manieatus.
323 878 424 910 Catil.
457 880 490 910 ii.
528 883 575 910 10.
606 883 780 911 manicaeoe

46 923 186 961 tunicae,
216 929 309 960 sunt,
343 933 416 963 quae
451 923 575 954 Graecis
606 924 777 955 chiridota:

46 965 220 1004 dicuntur,
251 966 317 997 vid.
347 966 432 997 Gell.
462 967 517 997 vii.
553 968 602 997 12.
648 967 777 998 Latinis

46 1010 150 1040 etiam
168 1010 382 1048 manuleatae,
398 1010 535 1041 Sueton.
555 1009 637 1041 Caes.
653 1013 706 1043 45.
736 1011 778 1042 ad

47 1061 168 1084 manus
198 1053 387 1091 fimbriam,
414 1055 506 1094 (nam
536 1053 624 1084 latus
652 1054 778 1093 clavus,

45 1096 104 1136 qui
133 1095 176 1127 ad
206 1106 326 1128 manus
349 1096 537 1128 fimbriatus
567 1097 702 1135 dicitur,
726 1104 778 1129 est

44 1139 163 1171 tunica
177 1138 357 1180 laticlavia)
375 1141 432 1170 ubi
450 1151 480 1171 v.
497 1140 636 1172 Cmaub.
666 1141 704 1172 ld
720 1151 777 1181 ge-

44 1191 109 1214 nus
124 1183 250 1214 tunicae
266 1183 399 1215 mollius
415 1183 574 1215 Romanis
591 1183 776 1223 videbatur,

43 1232 80 1259 et
104 1226 251 1258 foeminis
277 1229 530 1259 convenientius
557 1238 658 1268 quam
685 1229 776 1266 viris,

44 1271 102 1311 qui
127 1270 280 1302 brevibus
307 1276 341 1301 et
371 1271 558 1302 substrictis
581 1271 776 1309 utebantur,

43 1321 83 1344 ut
114 1319 233 1345 auctor
260 1320 311 1345 est
339 1313 465 1346 Gellius
488 1315 511 1346 l.
535 1325 563 1346 c.
610 1313 699 1346 Hinc
723 1325 775 1355 ap.

42 1355 161 1397 Virgil.
174 1358 250 1389 AEn.
268 1358 311 1388 ix.
328 1358 402 1389 616.
426 1359 613 1389 convicium
630 1364 700 1389 est:
732 1359 776 1389 Et

41 1402 168 1433 tunica
197 1402 345 1432 naanicas
369 1406 406 1433 et
429 1401 556 1433 habent
579 1401 776 1433 redimicula

43 1444 165 1476 mitre..

84 1487 320 1528 Manipularis.
344 1488 416 1519 Att.
434 1488 478 1519 ix.
499 1491 548 1520 lo.
576 1488 774 1529 Pompeium

40 1535 214 1571 tamquam
256 1541 344 1562 unus
381 1533 603 1572 manipularis
638 1539 774 1564 secutus

38 1583 127 1606 num.
184 1574 245 1606 Est
281 1575 376 1606 miles
417 1575 556 1615 legionis
593 1577 774 1616 gregarius.

40 1617 129 1650 Nam
149 1619 340 1659 mampulus
352 1623 403 1650 est
419 1619 564 1650 cohortis
581 1618 772 1659 legionariae

39 1671 116 1704 pars
129 1663 244 1693 tertia.

81 1704 233 1737 Mamas.
263 1704 356 1736 Orat.
373 1705 408 1736 ii.
425 1707 478 1740 39.
508 1706 565 1745 qui
587 1715 703 1737 omnes
721 1711 772 1737 te-

40 1749 219 1780 nuissimas
241 1748 435 1789 particulas,
451 1755 551 1789 atque
572 1749 688 1780 omnia
710 1751 773 1780 mi·

38 1793 134 1824 nima
164 1801 294 1829 mansa,
324 1796 364 1822 ut
401 1793 549 1823 nutrices
587 1792 770 1824 infantibus

38 1836 150 1878 pueris
167 1836 201 1867 in
216 1845 252 1866 os
268 1836 434 1866 inserunt.

81 1879 260 1911 filanubioe.
290 1878 390 1909 Arc-h.
410 1881 459 1910 ll.
477 1877 577 1910 Dom.
594 1881 647 1910 38.
672 1878 769 1911 Rosc.

36 1923 76 1956 Α.
93 1925 147 1957 37.
163 1923 224 1954 &c.
255 1927 308 1953 est
330 1931 406 1963 pars
429 1922 563 1963 [ιι-κάκ,
582 1932 682 1962 quam
707 1924 770 1954 im-

36 1972 172 2008 perator
186 1966 288 2006 capit,
306 1969 344 1996 ut
362 1966 395 1996 in
421 1970 641 1997 monumento
657 1965 770 2006 aliquo

37 2015 267 2041 consumatur.
294 2009 359 2040 vid.
381 2008 461 2048 Agr.
484 2009 518 2040 ii.
534 2010 588 2040 22.
616 2014 652 2040 et
674 2010 768 2042 verr.

36 2053 60 2087 i.
76 2057 128 2088 59.
151 2063 226 2093 quae
241 2056 322 2083 sunt
338 2051 412 2083 loca
427 2052 573 2083 classica.

80 2096 306 2134 Manumissio‚
324 2095 461 2127 donatio
479 2095 654 2128 libertatis.
687 2095 767 2128 Coel.

79 2182 328 2219 Manumittere,
357 2191 490 2213 servum
521 2182 674 2213 libertate
709 2182 768 2214 do·

33 2236 127 2259 nare.
143 2227 186 2258 ad
199 2227 275 2258 Div.
289 2226 356 2257 xiii.
369 2229 422 2260 77.
440 2226 480 2256 ad
492 2225 532 2266 Ω.
549 2225 598 2256 Fr.
611 2226 633 2256 i.
650 2228 681 2257 2.
693 2235 722 2257 c.
741 2229 766 2258 l.

77 2269 338 2311 Manupretium.
365 2269 458 2301 Verr.
475 2269 496 2300 i.
515 2269 567 2300 56.
592 2279 767 2309 manupre-

33 2316 117 2347 tium
133 2313 317 2346 machinae:
342 2312 374 2344 h.
393 2323 421 2344 e.
450 2322 576 2343 merces
599 2312 690 2351 data,
706 2323 766 2354 pro

34 2357 146 2390 labore
170 2356 386 2388 conficiendae
410 2356 586 2387 machinae.
624 2356 688 2387 Pis.
711 2358 764 2388 24.

34 2401 206 2443 provincia
233 2401 298 2431 ista
322 2400 383 2430 tibi
409 2400 657 2440 manupretium
685 2399 763 2438 fuit,

32 2454 101 2479 non
116 2453 238 2476 eversae
249 2454 310 2484 per
325 2443 439 2481 te,sed
453 2443 592 2483 perditae
609 2443 763 2476 civitatis.

32 2488 98 2519 vid.
112 2487 286 2520 Drakenb.
303 2487 344 2518 ad
360 2486 430 2517 Liv.
447 2486 556 2517 xxxiv.
572 2489 604 2521 7.
617 2487 680 2526 Ap.
699 2487 763 2518 Pli-

31 2532 142 2570 nium,
158 2534 198 2562 ut
211 2531 324 2562 xxxiii.
344 2533 392 2561 ll.
415 2533 467 2560 est
482 2530 731 2569 manipretium.

74 2574 211 2613 Manus,
227 2573 320 2605 labor
335 2583 507 2605 manuum.
537 2573 630 2604 verr.
646 2573 691 2604 iii.
713 2576 760 2605 ll.

30 2628 135 2653 manu
150 2627 312 2658 quaerere,
329 2617 369 2648 de
393 2617 587 2648 aratoribus.
617 2616 763 2657 *probo-

29 2662 94 2694 ucis
116 2660 299 2701 elephanti.
328 2661 408 2692 Nat.
434 2660 477 2691 D.
503 2660 538 2690 ii.
560 2663 613 2695 47.
645 2670 763 2691 manus

30 2704 110 2737 data
131 2704 330 2744 elephantis.
359 2703 430 2735 *ad
450 2704 525 2735 Div.
544 2704 587 2734 xi.
608 2706 656 2734 13.
686 2713 761 2743 quae

28 2748 64 2781 in
80 2747 229 2779 mnibus
241 2752 334 2786 sunt,
346 2747 470 2778 dicitur
480 2747 520 2778 de
538 2747 693 2787 praesenti
710 2756 760 2776 re·

28 2801 104 2824 rum
125 2795 227 2822 statu.
256 2791 345 2822 Sext.
363 2793 416 2823 32.
447 2800 498 2821 res
515 2791 589 2829 jam
612 2791 761 2821 manibus

28 2838 184 2866 tenetur:
216 2833 250 2867 h.
272 2844 302 2866 e.
329 2843 427 2874 paene
453 2834 605 2865 confecta
626 2838 688 2865 est.
718 2833 761 2864 ad

28 2876 106 2910 δὴ.
139 2878 162 2909 i.
189 2881 223 2913 9.
259 2878 308 2910 sie
337 2877 374 2910 in
403 2879 553 2913 manibus
579 2877 759 2917 habebant,

1471 99 1551 138 ⁸51

829 183 875 213 sic
891 183 1138 218 osculabantur.
1169 188 1210 218 ib.
1225 190 1292 220 viii.
1314 193 1340 221 l.
1372 202 1489 225 marim
1510 196 1553 227 ad

826 236 861 256 os
885 237 1065 266 opponere,
1090 229 1220 271 signum
1245 233 1367 264 silentii
1391 240 1551 271 servandi.

829 269 933 300 Flacc.
943 271 974 300 6.
991 272 1154 311 porrigere
1165 285 1296 306 mmmm
1308 290 1317 306 .-
1335 280 1451 310 modus
1461 281 1551 312 Grn-

826 323 939 343 corum
957 314 1104 354 suffragii
1129 316 1265 349 ferendi.
1296 321 1336 350 ad
1357 322 1433 354 Div.
1451 324 1504 354 vii.
1521 328 1553 357 5.

825 355 943 387 tollere
958 368 1095 388 manus.-
1120 359 1313 392 admirantis
1329 371 1452 401 gestus.
1480 367 1550 401 Ait.

826 400 871 430 iii.
895 403 944 432 15.
974 401 1165 432 vulneribus
1189 406 1254 434 suis
1280 416 1395 438 munus
1415 411 1550 442 afferre:

826 443 858 474 h.
886 455 914 474 e.
943 443 1090 476 dolorem
1116 447 1313 485 instaurare,
1340 461 1470 487 angore.
1508 455 1550 485 ad

824 487 899 518 niv.
924 498 955 518 x.
978 490 1030 520 23.
1060 488 1213 520 Vocontii
1234 492 1293 521 sub
1317 503 1417 523 numu
1441 502 1476 526 ut
1500 508 1551 528 es-

824 535 915 561 sent:
949 531 980 562 h.
1003 542 1033 562 e.
1056 534 1176 572 parati,
1198 535 1224 563 si
1253 535 1332 574 quid
1354 537 1484 576 vellem,
1507 541 1548 571 ad

825 584 974 605 manum.
998 574 1039 605 de
1055 575 1116 606 hac
1132 576 1287 615 formula,
1300 589 1372 617 qute
1390 590 1454 611 non
1471 593 1550 614 ean-

824 617 898 648 dem
915 618 1035 657 ubique
1052 620 1116 649 vim
1134 620 1246 659 lialwt,
1263 632 1291 652 v.
1311 622 1390 652 lntt.
1407 625 1447 654 ad
1470 626 1550 656 Sue·

823 666 893 692 ton.
917 662 1003 701 Aug.
1029 665 1081 696 49.
1120 664 1269 704 inprimis
1297 666 1548 700 Bur-mannum:

823 714 1024 744 quamquam
1043 707 1075 736 in
1097 706 1153 737 illo
1177 707 1247 738 loco
1270 710 1432 748 Siivmnii,
1449 722 1550 751 quem

823 747 876 777 hic
899 748 1078 780 laudarunt
1099 750 1247 781 Graevius
1270 757 1304 782 et
1327 754 1471 792 Coi-tius,
1490 756 1551 787 ali·

822 801 889 829 am,
913 797 1012 831 atque
1037 793 1102 831 hie,
1127 795 1191 824 vim
1217 794 1333 826 habet:
1365 803 1399 827 et
1423 798 1550 830 Grono-

821 836 910 865 vium
928 836 968 866 ad
985 838 1099 867 Senec.
1115 847 1166 878 ep.
1183 842 1235 872 94.
1260 838 1402 880 ‘Topim
1418 844 1450 872 4.
1475 852 1549 874 mu·

822 878 881 908 lier
896 879 964 909 viro
981 879 1013 909 in
1038 890 1174 911 manum
1194 884 1359 914 convenit.
1389 884 1420 914 id
1436 886 1474 916 fit
1491 896 1551 926 per

821 923 1064 963 coemtionem3
1096 924 1135 955 de
1159 935 1225 964 qua
1246 936 1355 967 supra.
1386 928 1493 960 *ibim
1513 934 1546 965 9.

820 975 907 1004 aqua
928 976 1030 998 manu
1054 976 1186 999 nocens.
1210 970 1231 999 i.
1248 980 1276 999 e.
1301 978 1436 1011 propter
1456 979 1546 1004 stru—

820 1013 949 1040 cturam
981 1010 1126 1048 aediflcii,
1157 1022 1216 1052 per
1252 1023 1352 1052 quam
1392 1015 1545 1055 pluvialis

820 1062 906 1091 aqna
920 1053 959 1083 fit
975 1054 1074 1085 noxia
1087 1055 1206 1086 vicino.
1230 1066 1259 1086 ν.
1277 1056 1447 1090 Boethius.

861 1095 1097 1129 Mastrucatus.
1121 1098 1270 1130 Provinc.
1281 1100 1455 1136 Consul.7.
1472 1113 1544 1135 ma-

817 1142 956 1170 serm-ati
986 1140 1178 1173 latrunculi.
1209 1143 1288 1174 dicti
1318 1154 1337 1175 a
1364 1150 1543 1186 mastruca,

819 1192 884 1222 qua
900 1186 1051 1214 montani
1067 1186 1157 1216 Sardi
1177 1187 1369 1218 utebantur.
1401 1189 1470 1220 Viri
1486 1191 1544 1221 do-

819 1227 864 1256 cti
885 1227 926 1257 ad
949 1227 982 1258 h.
1002 1227 1022 1258 l.
1046 1227 1226 1260 laudarunt
1246 1229 1276 1260 T
1279 1231 1392 1262 urneb.
1410 1232 1544 1267 adven.

818 1280 871 1300 xx.
887 1274 919 1304 9.

860 1313 1042 1347 Mastruca.
1073 1314 1114 1346 fr.
1129 1325 1189 1356 pro
1205 1316 1339 1348 Scauro.
1365 1320 1466 1350 vestis
1483 1320 1544 1351 vil-

817 1355 898 1395 losa,
915 1368 988 1397 quae
1012 1368 1030 1389 e
1053 1360 1295 1398 musmonibus‚
1315 1371 1436 1401 genere
1461 1364 1546 1394 arie·

816 1405 904 1439 tum,
917 1411 942 1431 s.
961 1411 1175 1433 musmonum
1191 1402 1313 1434 villosis
1329 1405 1469 1445 pellibus
1485 1407 1544 1438 fie-

816 1443 886 1481 bat,
903 1445 990 1475 unde
1010 1445 1087 1476 ibid.
1103 1445 1209 1486 pelliti
1226 1446 1386 1479 dicuntur
1398 1454 1542 1482 mastru-

815 1489 881 1518 caci
903 1487 951 1518 illi
967 1488 1072 1520 Sardi.
1097 1499 1125 1520 v.
1139 1489 1171 1519 J.
1187 1489 1226 1520 G.
1243 1490 1377 1530 Bergeri
1400 1492 1540 1534 Ecloga-

816 1531 901 1561 rium
919 1531 1104 1570 Corsicum,
1120 1533 1208 1564 Diss.
1230 1533 1264 1563 ii.
1287 1544 1318 1574 p.
1335 1538 1388 1566 38.
1417 1537 1540 1569 AElian.

816 1573 859 1605 H.
883 1574 946 1605 An.
969 1576 1032 1605 xvi.
1055 1578 1107 1607 34.
1142 1575 1251 1606 hicme
1275 1577 1473 1619 calefecisse,
1497 1590 1542 1612 ω-

814 1621 898 1648 state
917 1617 1125 1658 refrigerasse
1139 1619 1253 1651 tradit.

857 1661 1016 1699 stlatellio,
1040 1662 1178 1694 matula.
1212 1663 1327 1694 Parad.
1350 1675 1380 1696 v.
1405 1667 1436 1696 2.
1465 1677 1537 1699 ma-

814 1706 970 1736 tellionem
999 1706 1212 1737 Corinthium
1238 1707 1449 1747 cupidissime
1472 1715 1541 1742 tra-

814 1755 915 1779 ctare.
961 1749 1014 1779 Sic
1038 1759 1090 1790 ap.
1111 1749 1196 1780 Plin.
1220 1752 1327 1782 xxxiv.
1344 1753 1376 1783 2.
1404 1753 1540 1793 trullei;

813 1796 847 1822 et.
865 1802 918 1832 ap.
934 1792 1081 1824 Martial.
1095 1793 1138 1823 ix.
1154 1797 1208 1828 97.
1238 1794 1341 1825 trulla
1364 1795 1539 1828 Corinthia

813 1845 871 1876 pro
888 1835 1027 1874 matula,
1038 1841 1078 1867 ut
1093 1839 1182 1868 recte
1198 1838 1438 1878 interpretatur
1453 1840 1540 1872 Har-

812 1879 944 1910 duinus.
998 1880 1075 1911 Non
1103 1889 1181 1919 ergo
1211 1881 1414 1921 mirandum,
1444 1883 1471 1914 si
1502 1885 1538 1915 in

811 1922 972 1962 Digestis,
1000 1923 1035 1954 in
1068 1923 1195 1954 mundo
1227 1923 1380 1956 muliebri
1410 1927 1539 1958 matula

815 1967 964 2006 ponitur.

851 2009 1010 2047 Materia,
1019 2009 1106 2050 quod
1117 2010 1284 2051 objectum
1299 2017 1417 2043 vocant
1430 2011 1538 2053 philo-

809 2052 904 2092 sophi
928 2053 1069 2084 barbari.
1100 2052 1172 2084 Inv.
1189 2055 1209 2084 i.
1229 2057 1258 2085 5.
1289 2057 1429 2086 materia
1444 2057 1536 2089 artis.

809 2095 884 2127 Div.
909 2097 944 2127 ii.
967 2099 999 2127 4.
1038 2096 1233 2128 divinationi
1259 2097 1371 2138 aliqua
1392 2102 1536 2131 materia

809 2139 919 2170 danda
940 2145 1004 2176 est,
1021 2140 1055 2170 in
1078 2150 1145 2179 qua
1166 2141 1285 2172 versari
1302 2142 1416 2182 possit.
1440 2143 1535 2174 *ele-

809 2187 929 2222 ganter
950 2183 1054 2214 etiam
1078 2183 1214 2222 dicitur,
1245 2184 1286 2215 de
1309 2184 1442 2217 dotibus
1476 2196 1533 2218 na-

807 2225 985 2264 turalibus,
1008 2236 1090 2266 quas
1120 2237 1166 2258 sc.
1196 2231 1369 2267 tamquam
1399 2232 1545 2266 mater-ip,

806 2279 861 2300 am
887 2269 1063 2310 disciplina
1095 2270 1253 2302 elaborat.
1284 2271 1377 2303 Verr.
1408 2273 1455 2304 iii.
1479 2274 1533 2306 68.

806 2314 957 2344 muter-ies
987 2313 1134 2344 Catonis.
1159 2313 1229 2344 lnv.
1254 2315 1274 2344 i.
1297 2316 1328 2345 2.
1364 2325 1437 2354 quae
1462 2327 1533 2350 ma·

807 2358 890 2388 teria
901 2361 989 2386 esset
1005 2356 1038 2386 in
1053 2357 1174 2387 animis
1190 2357 1355 2389 humanis.
1369 2369 1400 2390 v.
1417 2358 1532 2394 Burm.

806 2399 848 2430 ad
878 2399 975 2431 Ovid.
998 2400 1078 2430 Her.
1103 2401 1145 2431 iv.
1180 2400 1232 2432 86.
1268 2402 1324 2432 ubi
1346 2402 1431 2434 bene
1459 2403 1533 2436 lau-

806 2442 931 2474 dantur
947 2443 1019 2473 loca
1041 2443 1127 2474 Livii
1144 2443 1165 2473 i.
1182 2446 1233 2479 39.
1250 2445 1304 2475 46.

848 2486 994 2517 Materia
1023 2487 1202 2526 aequitatis.
1236 2487 1359 2519 Caecin.
1394 2490 1446 2522 23.
1479 2497 1533 2523 est

804 2528 896 2560 locus
927 2530 1115 2560 communis
1154 2529 1194 2561 de
1227 2532 1383 2571 equitate
1420 2534 1542 2574 potum

804 2582 903 2612 quam
916 2574 1040 2613 scripto
1055 2572 1235 2612 sequenda.
1296 2601 1301 2604 .

848 2616 1058 2647 Materiam.
1079 2616 1144 2648 Off.
1174 2617 1221 2648 iii.
1252 2619 1301 2649 13.
1323 2617 1411 2651 aedes
1442 2620 1529 2654 male

804 2661 998 2691 materiam.

847 2702 998 2740 Macris,
1015 2701 1121 2734 telum
1138 2702 1527 2740 Gallicum.ad1-1erenn.

804 2746 846 2776 iv.
869 2748 923 2778 32.
955 2755 1017 2776 nec
1039 2750 1110 2776 tam
1133 2746 1230 2777 facile
1254 2758 1294 2779 ex
1328 2748 1427 2781 ltalia
1458 2761 1529 2783 ma·

803 2791 881 2821 terIs
894 2788 1116 2830 Transalpina
1130 2789 1268 2830 depulsa
1283 2796 1345 2823 est.

846 2832 1040 2871 Muta-imus,
1057 2833 1110 2864 cui
1127 2838 1236 2865 mater
1249 2840 1427 2878 superstes.
1445 2837 1526 2871 Har.

804 2875 843 2908 R.
863 2878 914 2914 ll.
935 2877 1220 2918 maerimuepuer.
