1790 3219
125 62 209 111 ,418

131 171 151 191 a
175 159 362 194 redemtore
386 168 426 192 ex
448 158 523 199 lege
545 159 697 191 censoria
716 160 863 191 traditur

135 203 349 242 Censoribus,
367 203 527 234 Censores
544 203 676 243 exigere
703 204 864 236 dicuntur

137 250 232 281 sarta
255 251 358 278 tecta.-
380 247 414 277 h.
437 257 466 278 e.
490 247 666 288 inspicere,
687 248 714 278 si
739 259 821 288 opus
846 259 863 278 e

137 291 210 331 lege
223 291 397 322 locationis
408 291 537 322 factum
553 291 610 328 sit,
623 290 731 322 Graeci
745 291 865 333 ῥάπτειν

140 332 286 375 οἷκιδομῆν
312 338 347 364 et
370 334 558 378 ὂιτορῥάττιιν
582 335 710 366 dicunt.
740 346 768 366 v.
796 335 866 365 Sal-

140 388 224 409 mas.
249 378 291 408 ad
311 378 444 418 Vopisc.
471 378 640 409 Aurelian.
665 382 718 409 35.
737 385 762 409 t.
781 380 814 409 ii.
831 390 864 419 p.

141 426 215 457 509.
240 422 282 452 cf.
295 422 337 453 ad
352 423 427 453 Div.
444 423 513 452 xiii.
530 425 578 453 ll.
601 422 680 453 hinc
693 423 868 462 metapho-

141 467 208 497 rice
231 470 283 496 est
309 465 353 497 ib.
372 469 423 497 50.
446 470 576 496 sartam
604 471 639 496 et
664 470 795 497 tectum
826 466 866 496 ab

142 509 236 541 omni
255 509 467 540 incommodo
484 513 650 550 praestare.

187 553 340 585 Satietas.
363 554 456 584 Orat.
469 553 577 584 iii.ae5.
592 563 643 590 ea,
661 563 734 591 qua’
752 553 869 583 leviter

142 597 312 638 voluptate
324 607 458 628 sensum
478 600 625 633 movent,
642 596 800 626 facillime
818 596 869 626 fu-

144 642 246 681 giunt
257 642 449 672 satietatem.
475 640 670 679 Cogitabam
688 639 866 679 legendum

143 685 322 725 effugiunt.
339 683 469 724 Syllaba
484 683 592 723 prima
607 684 720 723 potuit
733 684 870 714 interci-

142 729 233 766 dere,
247 728 381 768 quodex
396 727 675 758 veteriscribendi
688 727 817 758 ratione
834 728 870 757 in

144 773 238 804 MSS.
256 772 307 802 hae
323 771 396 801 duae
411 771 516 801 literae
531 770 635 800 semel
659 771 793 811 scriptae
820 781 870 801 es—

143 820 233 854 sent,
250 815 298 846 bis
311 814 474 854 legendae,
492 813 587 853 cujus
604 815 651 845 rei
664 814 870 854 negligentia

144 869 231 900 saepe
244 859 276 889 in
294 867 438 888 errorem
457 857 590 888 induxit
605 858 756 889 librarios
773 863 808 889 et
823 859 869 888 vi-

143 904 264 934 tiosam
280 902 479 942 scripturam
493 902 615 932 effecit.
641 902 704 932 Sed
714 902 797 932 nihil
814 902 870 932 de-

144 947 234 977 finio.
260 945 349 976 Mur.
366 950 398 982 9.
413 947 597 976 satietatem
621 946 673 976 sui
700 956 870 986 superare,

143 994 194 1020 est
210 990 352 1028 efficere,
369 999 410 1020 ne
436 989 589 1020 homines
612 990 717 1020 nostri
739 991 871 1021 satietas

143 1034 266 1075 capiat.

188 1077 288 1108 Satis.
307 1086 384 1107 cum
408 1076 536 1107 nomin.
560 1075 611 1106 vel
635 1087 704 1108 acc.
727 1078 799 1109 Att.
815 1078 871 1108 xii.

147 1124 198 1152 50.
222 1122 301 1152 satis
316 1119 507 1151 consilium.
530 1121 627 1152 Brut.
646 1124 699 1151 48.
721 1122 801 1152 satis
818 1132 872 1152 ve-

145 1168 281 1195 terator.
309 1164 372 1194 vid.
386 1164 501 1195 Davis.
517 1164 560 1195 ad
574 1164 656 1204 Leg.
671 1165 692 1195 i.
712 1168 762 1196 10.
787 1165 872 1196 Bur-

146 1218 262 1239 mann.
284 1208 326 1239 ad
349 1208 442 1247 Virg.
466 1208 542 1238 AEn.
567 1208 614 1238 iii.
634 1211 709 1239 348.
733 1213 768 1240 et
790 1220 871 1248 quos

145 1252 216 1292 ipse
228 1251 346 1282 laudat
362 1251 403 1282 ad
415 1252 511 1282 Ovid.
521 1252 603 1282 Her.
620 1252 664 1283 xi.
681 1253 735 1283 36.
752 1253 872 1293 Quint.

644 71 789 102 INDEX
822 72 923 100 LATI
930 72 956 100 N
963 72 1120 102 [TATIS.

907 161 1112 201 mancipium
1124 161 1205 198 sint,
1229 169 1307 190 cum
1324 158 1477 192 venditor
1491 160 1632 201 praedio*

906 214 979 244 rum
995 204 1134 235 satis-dat
1160 204 1356 241 emtoribus,
1380 207 1419 234 ut
1434 204 1474 234 iis
1500 204 1540 235 de
1566 204 1634 235 evi-

906 248 1016 278 ctionc
1034 252 1201 279 caveatur.
1233 247 1296 278 Eas
1314 253 1429 278 autem
1451 249 1633 280 satisdatio-

905 302 960 322 nes
984 302 1054 322 esse
1086 292 1191 322 nudas
1223 290 1509 332 repromissiones,
1533 291 1634 325 nullis

907 335 995 366 datis
1013 335 1272 374 fidejussoribus.
1320 334 1418 365 Hanc
1435 339 1548 366 autem
1565 336 1633 367 vim

906 379 1163 409 satisdationihas
1186 378 1354 409 interdum
1379 388 1463 416 esse,
1479 389 1519 409 ex
1543 378 1635 409 libris

906 423 997 453 ‹lui-is
1014 422 1126 453 Civilis
1148 423 1390 454 demonstravit
1415 422 1565 462 Ryckius
1591 421 1635 452 ad

908 466 941 495 h.
958 465 979 495 l.
1003 466 1037 495 in
1062 466 1209 497 editione
1236 467 1423 502 Graeviana,
1440 467 1497 505 qui
1515 469 1550 497 et
1565 466 1636 506 ipse

910 508 1126 547 Cujaeianam
1145 510 1458 550 interpretationem
1471 509 1591 550 probat
1601 513 1636 540 et

909 553 1097 582 confirmat.
1143 553 1232 592 Quid
1254 554 1364 584 vero?
1392 554 1419 583 si
1449 553 1637 584 secundum

910 596 1118 635 mancipium
1135 601 1187 631 est
1202 606 1262 636 pro
1279 597 1471 637 mancipi03
1497 602 1536 628 ut
1552 606 1638 638 prae—

909 640 964 670 dia
986 640 1154 679 mancipio
1171 640 1295 670 dantur
1319 641 1372 670 vel
1387 640 1579 672 venduntur
1594 639 1638 671 ad

910 684 1126 714 securitatem
1145 684 1296 721 emtoris,
1315 684 1369 714 cui
1380 685 1428 714 ita
1442 685 1638 716 satisdatur.

912 727 1040 758 Clarior
1069 737 1120 757 res
1151 731 1252 765 esset,
1279 727 1308 757 si
1334 726 1507 758 historiam
1538 729 1638 759 scire-

911 781 997 802 mus.

955 814 1129 845 Satisdato.
1153 815 1224 845 Att.
1252 814 1314 844 xvi.
1343 814 1373 844 6.
1396 815 1552 852 satisdato
1582 814 1639 845 de-

911 858 1005 889 bere:
1032 858 1065 889 h.
1080 869 1108 888 e.
1126 859 1218 889 facta
1232 867 1291 898 pro
1308 857 1373 888 alio
1396 858 1517 889 idonea
1532 859 1639 890 cauti-

911 912 974 933 one
991 902 1123 940 debere,
1141 903 1219 942 quia
1233 911 1292 942 pro
1309 901 1374 932 alio
1390 909 1447 932 nos
1470 901 1640 944 soluturos

910 945 1163 986 spopondimus.
1189 946 1233 977 ib.
1268 949 1317 976 15.
1341 945 1389 977 illi
1414 950 1515 986 turpe
1552 945 1639 976 arbi-

910 994 995 1027 tror,
1011 1000 1050 1020 eo
1067 990 1218 1027 nomine,
1233 989 1324 1029 quod
1333 990 1489 1020 satisdato
1505 989 1640 1028 debeat,

907 1040 1142 1074 ,procuratores
1159 1034 1230 1073 ejus
1247 1043 1317 1071 non
1331 1033 1521 1065 dissolvere.

957 1076 1168 1116 Satisfacere‚
1197 1077 1324 1109 solvere
1365 1077 1519 1115 debitori,
1550 1075 1641 1117 quod

912 1120 1084 1151 debemus.
1107 1122 1149 1152 ad
1164 1121 1241 1152 Div.
1258 1121 1328 1151 xiii.
1345 1121 1398 1152 56.
1422 1126 1482 1152 aut
1502 1120 1642 1161 pecuni-

913 1174 967 1195 am
993 1164 1137 1203 solvant,
1154 1168 1214 1195 aut
1228 1164 1393 1195 fructibus
1418 1164 1637 1204 satisfaciant.

912 1208 931 1227 *²
946 1208 1039 1247 hinc,
1059 1218 1118 1249 pro
1144 1208 1271 1239 solvere
1296 1208 1505 1248 simpliciter.
1533 1209 1639 1240 Attic-

912 1253 954 1283 iv.
976 1253 1025 1283 16.
1049 1252 1173 1293 populo
1187 1253 1342 1283 tributim
1359 1252 1450 1282 domi
1466 1262 1536 1283 suae
1545 1253 1642 1289 satis-

147 1299 196 1328 13.
214 1295 408 1335 judicatum
435 1295 518 1326 solvi
538 1297 617 1326 satis
643 1297 804 1336 accipere.
822 1307 872 1327 re-
900 1295 1044 1336 fecerat.
1061 1296 1102 1327 ef.
1119 1296 1161 1327 ad
1177 1297 1254 1328 Div.
1271 1297 1335 1326 xiv.
1348 1297 1379 1327 6.
1403 1295 1590 1333 *excusare
1605 1304 1641 1325 se

144 1339 289 1380 spondet
301 1340 342 1379 τῷ
350 1340 430 1370 satis
442 1339 532 1377 dare,
545 1339 585 1369 de
597 1349 662 1378 quo
672 1350 761 1370 mox.
777 1339 872 1372 Verr.

146 1385 168 1414 i.
183 1386 236 1415 45.
259 1384 339 1414 satis
365 1383 515 1422 accipere
544 1392 603 1423 pro
626 1383 747 1424 praede.
773 1383 873 1415 *He-

143 1436 215 1458 ren.
229 1427 270 1456 iv.
282 1428 336 1457 43.
360 1426 440 1465 quid
455 1433 519 1465 est,
535 1426 625 1466 quod
641 1438 660 1457 a
675 1437 729 1457 me
745 1429 826 1459 sati-s
841 1429 872 1459 ei

145 1469 287 1511 persolvi
303 1470 416 1509 possit.

190 1513 372 1551 satisdare,
387 1516 438 1543 est
453 1513 538 1544 datis
565 1514 730 1554 praedibus
757 1525 872 1546 cavere

144 1557 259 1596 alicui,
275 1563 335 1587 aut
360 1558 588 1597 sponsoribus,
604 1558 640 1588 in
662 1568 697 1588 re
713 1560 874 1599 pecunia·

145 1602 204 1633 ria.
229 1600 271 1632 ad
297 1600 374 1631 Div.
399 1601 468 1632 xiii.
487 1602 540 1633 28.
566 1602 593 1631 si
609 1602 689 1641 quid
709 1603 872 1634 satisdan-

144 1645 224 1676 dum
241 1645 315 1675 erit.
331 1644 373 1675 ef.
385 1645 483 1681 Rosc.
502 1645 539 1675 C.
554 1647 603 1676 12.
619 1646 739 1686 Quint.
757 1650 788 1681 7.
811 1648 872 1680 &e.

137 1688 332 1728 judicatum
341 1687 422 1719 solvi
433 1689 606 1726 satisdare,
623 1693 674 1719 est
685 1689 772 1721 datis
789 1701 873 1731 prae-

144 1732 240 1767 dibus
253 1741 368 1762 cavere
380 1731 480 1763 alicui
496 1738 530 1762 et
543 1732 705 1773 polliceri,
723 1735 812 1774 quod
815 1735 873 1774 ju-

144 1775 234 1807 dices
245 1775 473 1815 judicaverint
488 1776 683 1807 solvendum
700 1787 770 1808 esse
788 1779 874 1819 peti-

145 1820 225 1858 tori,
242 1819 391 1850 solutum
415 1820 466 1850 iri.
513 1821 562 1851 Ex
579 1831 619 1851 ea
634 1825 750 1852 autem
772 1823 874 1853 orati-

146 1872 211 1893 one
227 1862 441 1902 intelligitur,
456 1863 636 1894 honestum
652 1864 755 1896 fuisse
769 1866 874 1897 inter—

147 1906 229 1938 dum
250 1906 425 1945 satisdare,
456 1917 578 1948 nempe
609 1918 686 1939 cum
715 1911 872 1949 pecunia,

146 1950 314 1989 hereditas
349 1951 408 1983 &c.
447 1955 633 1991 peteretur,
662 1952 726 1983 vid.
757 1964 786 1985 c.
819 1957 872 1985 28.

145 1997 230 2025 extr.
247 1995 359 2025 minus
376 1998 491 2028 autem
506 1995 686 2026 honestum
702 1997 873 2028 interdum

148 2037 263 2076 fuisse,
274 2038 387 2078 juberi
403 2048 423 2069 a
438 2043 581 2079 praetore
596 2040 770 2079 satisdare,
786 2052 827 2072 ex
843 2052 872 2072 c.

148 2084 178 2112 Β.
201 2086 233 2115 9.
256 2081 399 2122 intelligi
415 2087 537 2122 potest.
559 2083 647 2114 Nam
665 2085 876 2124 jubebantur

143 2134 190 2155 tx
200 2125 278 2164 jure
305 2126 462 2166 praetorio
485 2128 647 2158 satisdare
673 2129 810 2168 petitori
837 2130 873 2168 ii,

147 2169 204 2208 qui
221 2169 450 2201 vadimonium
467 2170 705 2211 deseruissent,
717 2182 876 2212 quorum-

146 2221 209 2251 que
225 2212 314 2243 bona
338 2224 413 2244 xxx.
430 2213 500 2245 dies
524 2225 562 2245 ex
591 2215 702 2246 edicto
728 2226 876 2256 possessa

144 2262 269 2286 essent.
316 2255 434 2296 Itaque
471 2259 647 2289 recusabat
678 2265 876 2300 procurator

147 2298 276 2337 Quintii
291 2299 428 2340 ejusque
441 2302 539 2332 amici
557 2303 676 2342 reliqui
687 2303 750 2334 hoc
767 2305 876 2334 nomi-

147 2350 190 2372 ne
205 2344 365 2374 satisdare
381 2354 439 2384 pro
452 2345 593 2384 Quintio
620 2347 770 2386 absente,
787 2348 877 2387 quod

147 2385 175 2416 ti
188 2385 221 2415 id
238 2386 399 2424 facerent,
415 2398 454 2419 eo
469 2390 541 2429 ipso
554 2389 743 2422 faterentur
753 2396 788 2422 et
798 2401 876 2423 con-

150 2428 318 2467 cederent,
335 2431 423 2462 bona
436 2432 565 2472 Quintil
580 2443 650 2464 esse
666 2445 826 2475 possessa.

193 2472 379 2505 Satisdatio.
404 2475 476 2506 Att.
495 2486 525 2506 v.
553 2480 578 2507 l.
602 2481 637 2507 et
651 2484 731 2509 sunt
747 2478 877 2518 aliquot

145 2517 367 2548 satisdationes
391 2520 576 2550 seeundum
601 2523 810 2563 mancipium
837 2526 876 2565 (s.

148 2563 187 2589 ut
211 2559 369 2590 Salmasio
396 2562 506 2602 placet
528 2566 709 2605 mancipia)
740 2566 772 2597 h.
790 2577 819 2598 e.
835 2577 875 2598 ex

145 2604 317 2637 sententia
332 2604 496 2645 Salmasii‚
509 2607 537 2638 si
553 2610 721 2649 mancipia
732 2611 754 2640 i.
768 2621 796 2640 e.
808 2621 877 2641 ser-

145 2646 234 2679 viad
257 2648 482 2689 satisdandum
506 2660 572 2681 non
594 2654 778 2691 sufficiunt,
795 2659 878 2686 sunt

146 2689 212 2720 alia
243 2690 361 2729 quibus
399 2694 555 2724 satisdari
596 2701 720 2735 potest,
753 2707 876 2738 nempe

146 2733 272 2774 praedia
286 2733 450 2766 Attiliana
471 2742 506 2768 et
521 2738 741 2772 Memmiana.
759 2752 790 2772 v.
805 2742 877 2772 Sal-

146 2785 229 2807 mas.
246 2777 335 2807 mod.
354 2778 453 2809 Usur.
478 2791 506 2811 c.
533 2782 581 2812 16.
607 2793 638 2822 p.
654 2787 728 2818 732.
776 2785 876 2825 Cuja-

145 2820 217 2853 oius
234 2827 349 2852 autem
367 2821 486 2853 Obsa.
504 2827 535 2854 4.
551 2826 599 2855 sic
615 2827 874 2868 interpretatur,

145 2867 184 2894 nt
205 2865 431 2896 satisdationes
455 2868 658 2907 praediorum
687 2872 876 2904 secundum

913 1339 1024 1371 alicui.
1047 1341 1144 1371 Rosc.
1162 1340 1257 1374 Com.
1273 1344 1305 1375 9.
1327 1339 1509 1380 satisfecisti
1516 1353 1527 1372 .·
1553 1339 1643 1379 quod

912 1388 1041 1415 temere
1058 1384 1282 1414 commisisses
1298 1384 1358 1415 &c.
1374 1383 1418 1414 cf.
1434 1383 1519 1414 Phil.
1535 1383 1571 1421 ⁴iil.
1587 1384 1641 1417 20.

914 1428 1050 1458 Muren.
1074 1431 1105 1459 3.
1129 1428 1148 1446 *²
1163 1427 1343 1458 defendere
1367 1437 1464 1459 suam
1490 1436 1641 1465 causam,

914 1473 1052 1511 probare
1078 1471 1216 1511 aliquid,
1244 1471 1488 1503 demonstrare.
1512 1471 1572 1502 Or.
1596 1471 1645 1508 iii.

914 1518 944 1547 ⁶2.
970 1519 1008 1546 ut
1031 1515 1156 1556 populo
1180 1515 1278 1546 Rom.
1303 1515 1486 1555 satisfieret.
1509 1515 1643 1553 Verria.

914 1559 960 1589 iii.
985 1561 1038 1591 62.
1062 1558 1251 1599 satisfacere
1274 1559 1459 1598 judicibus.
1488 1558 1584 1590 Verr.
1609 1558 1645 1590 ii.

913 1607 932 1637 7
938 1627 945 1633 .
977 1603 1016 1633 de
1041 1613 1107 1643 quo
1129 1603 1247 1634 multis
1269 1604 1410 1634 testibus
1432 1601 1648 1642 satisfactam,

913 1651 968 1677 est.
1015 1647 1129 1678 Simile
1161 1652 1212 1677 est
1241 1646 1326 1677 illud
1349 1647 1391 1677 ad
1418 1647 1460 1686 Ω.
1486 1646 1538 1676 Fr.
1565 1646 1588 1677 i.
1615 1649 1645 1677 l.

914 1695 945 1725 7.
970 1690 1145 1730 diligentia
1160 1691 1193 1721 in
1217 1689 1445 1730 satisfaciendo
1466 1700 1504 1721 ac
1531 1689 1649 1730 dispu-

913 1735 1016 1765 tando
1031 1747 1037 1765 :
1052 1745 1130 1765 cum
1149 1735 1196 1765 ita
1210 1745 1262 1765 res
1273 1734 1526 1772 demonstratur
1540 1738 1577 1764 et
1587 1733 1646 1764 ob-

908 1779 1116 1819 jectionibus
1142 1778 1374 1819 respondetur,
1389 1782 1428 1809 ut
1456 1779 1490 1808 in
1520 1788 1560 1808 eo
1589 1787 1645 1808 ac·

915 1823 1116 1862 quiescatur.
1140 1822 1160 1840 ²²
1174 1824 1299 1853 iratum
1317 1826 1353 1853 et
1374 1820 1462 1852 male
1483 1821 1524 1851 de
1551 1821 1646 1851 nobis

914 1867 1118 1897 sentientem
1153 1866 1379 1897 reconciliare.
1402 1865 1478 1896 Act.
1500 1865 1522 1896 i.
1549 1864 1645 1896 Verr.

919 1914 946 1941 l.
963 1910 1085 1941 adduxi
1098 1910 1283 1947 bominem,
1301 1910 1336 1940 in
1353 1920 1418 1949 quo
1430 1908 1651 1940 reconciliare

915 1954 1201 1985 existimationem
1233 1953 1441 1993 judiciorum
1473 1952 1646 1990 amissam,

917 1997 1023 2028 redire
1051 1997 1086 2028 in
1103 1998 1245 2038 gratiam
1268 2007 1346 2028 cum
1363 2007 1440 2037 pop.
1457 1996 1497 2027 R.
1511 1995 1647 2036 satisfa-

915 2052 987 2072 cere
1009 2043 1129 2072 exteris
1152 2041 1344 2072 nationibus
1368 2040 1521 2081 possetis.
1549 2039 1648 2071 Verr.

917 2086 963 2116 iii.
981 2089 1033 2117 58.
1057 2095 1118 2116 nec
1135 2086 1231 2116 illum
1259 2089 1336 2116 ante
1360 2085 1423 2115 tibi
1443 2081 1646 2124 satisfacere,

917 2139 1017 2168 quam
1034 2134 1073 2160 tu
1095 2130 1250 2160 omnium
1266 2128 1505 2159 existimationi
1520 2125 1650 2167 satisfe-

916 2174 1019 2204 cisses.
1042 2173 1061 2191 *
1077 2173 1120 2204 ad
1135 2174 1212 2204 Div.
1225 2173 1295 2203 xiii.
1307 2173 1356 2203 16.
1380 2170 1572 2211 satisfacere
1588 2181 1647 2201 cu-

918 2218 967 2258 pit
990 2217 1238 2248 immortalitati
1261 2215 1400 2247 laudum
1417 2220 1576 2246 tuarum:
1612 2213 1647 2245 h.

917 2271 946 2291 e.
971 2261 1115 2291 scribere
1132 2261 1172 2291 de
1187 2262 1256 2291 tuis
1272 2260 1369 2290 rebus
1397 2260 1500 2299 gestis
1522 2257 1649 2289 consti-

917 2305 996 2337 tuit.
1020 2304 1040 2323 *
1056 2305 1099 2335 ad
1113 2305 1191 2335 Div.
1209 2316 1241 2335 x.
1264 2307 1290 2335 1.
1308 2305 1390 2342 vita,
1413 2304 1468 2334 cui
1483 2301 1625 2342 satisfeci
1637 2314 1647 2333 .-

917 2348 951 2378 h.
978 2359 1007 2379 e.
1035 2358 1109 2388 quae
1136 2348 1219 2379 mihi
1252 2348 1333 2378 satis
1360 2347 1462 2386 longa
1491 2346 1648 2385 contigit.

917 2392 987 2423 Att.
1003 2403 1034 2423 x.
1053 2396 1083 2424 8.
1107 2402 1161 2422 me
1184 2392 1234 2423 illi
1250 2391 1343 2422 nullo
1360 2390 1459 2421 modo
1474 2388 1649 2429 satisfecis-

916 2446 960 2474 se,
978 2436 1067 2476 quod
1082 2436 1117 2466 in
1144 2440 1302 2467 senatum
1325 2444 1394 2465 non
1417 2434 1588 2464 venerim:
1614 2432 1650 2463 h.

918 2490 951 2517 e.
972 2480 1054 2510 mihi
1080 2479 1297 2519 indignatum
1323 2487 1406 2510 esse.
1430 2477 1516 2508 Phil.
1533 2477 1569 2508 ii.
1595 2477 1649 2509 23.

917 2525 1024 2555 oratio
1041 2533 1118 2554 mea
1141 2533 1208 2554 non
1233 2523 1360 2564 poterit
1384 2520 1574 2561 satisfacere
1593 2529 1648 2551 ve·

918 2573 995 2598 strae
1013 2567 1162 2603 scientiae
1179 2580 1186 2598 t
1212 2566 1246 2598 h.
1261 2577 1290 2597 e.
1304 2575 1372 2596 non
1388 2574 1525 2605 possum
1536 2563 1648 2595 dicere

917 2615 1068 2648 tantum,
1085 2616 1257 2650 quantum
1269 2619 1326 2640 vos
1343 2609 1448 2640 scitis.

961 2654 1165 2694 Satisfactim
1195 2653 1377 2685 excusatio.
1411 2652 1454 2683 ad
1489 2652 1567 2683 Div.
1593 2651 1651 2682 vii.

921 2701 971 2730 13.
997 2699 1149 2739 accipere
1164 2697 1430 2738 satisfactionem.
1453 2695 1526 2726 Att.
1547 2696 1591 2726 iv.
1617 2695 1650 2726 6.

917 2741 1043 2782 aliquid
1055 2741 1236 2783 satisfactio
1251 2741 1399 2772 levitatis
1418 2740 1542 2771 habere
1559 2738 1651 2775 vide·-

916 2792 986 2817 tur.

961 2829 1079 2867 Satur.
1103 2830 1161 2867 Or.
1179 2829 1232 2861 36.
1257 2838 1319 2865 nec
1333 2832 1453 2860 satura
1462 2827 1580 2867 Jejune
1603 2825 1654 2857 di-

917 2878 983 2905 cet.
1030 2873 1160 2907 Satura
1190 2877 1272 2904 sunt
1301 2882 1368 2910 res,
1391 2872 1427 2903 in
1450 2870 1570 2911 quibus
1600 2873 1652 2900 est
