1800 3131
155 133 238 170 3:24

215 229 370 261 Incertus.
399 229 494 262 Verr.
511 239 542 261 v.
557 232 610 263 32.
640 232 764 263 incerta
787 238 822 263 et
843 232 895 263 lu-

164 271 256 304 brica
271 279 353 304 aetas
369 273 600 306 adolescentis.

210 316 370 348 Incidere.
402 317 473 349 Inv.
486 319 510 349 i.
524 323 555 349 8.
585 323 686 358 atque
700 318 819 350 harum
836 318 895 350 ali-

164 369 264 399 quam
297 361 331 391 in
357 370 458 391 omne
484 370 591 392 causae
620 373 725 402 genus
753 364 895 394 incidere

167 412 301 434 necesse
316 408 377 434 est.
407 404 499 436 Verr.
515 405 549 436 ii.
565 409 618 440 74.
648 407 747 436 incidi
764 406 893 436 homini

165 456 245 477 sane
283 453 405 488 praeter
433 449 624 489 opinionem
655 450 714 480 &c.
746 450 893 490 oppressi

166 499 256 521 eum.
287 492 496 530 *ostenden—3,
512 492 646 523 violare.
675 493 739 523 Off.
757 493 777 522 i.
796 497 827 526 9.
858 494 893 522 in

163 533 307 565 alterum
322 536 482 567 incidunt.
501 536 654 566 Pearcius
667 536 804 566 verbum
819 540 894 566 ten-

162 581 216 607 tat
243 579 406 618 corrigere
437 579 526 610 haud
549 580 732 609 necessaria
754 580 793 609 de
815 589 894 609 cau-

161 629 210 652 sa.
244 629 321 652 nam
338 628 372 652 et
387 622 464 653 alibi
481 623 606 652 dicitur
620 624 655 652 in
672 622 794 652 malam
817 631 893 662 par-

162 669 248 703 tem,
263 675 340 696 cum
357 666 474 705 aliquis
490 666 550 696 sibi
568 665 693 695 malum
710 666 891 704 contrahit,

163 707 244 738 dum
261 709 332 739 vult
343 710 459 739 vitare.
476 712 535 738 aut
550 709 582 739 id
594 710 702 748 ipsum
715 713 774 740 aut
789 709 891 739 aliud.

161 750 255 782 Verr.
280 753 301 782 i.
323 755 370 783 1⁶2.
388 754 440 784 32.
458 758 542 782 extr.
582 753 753 784 *incidere
774 753 809 783 in
833 752 892 783 ali-

161 804 272 834 quem.
303 795 374 825 Far.
391 799 420 826 8.
445 796 465 824 i.
482 805 512 826 e.
533 796 567 825 in
583 796 653 834 ejus
676 797 889 827 sententiam.

157 838 178 857 ⁸*
190 839 398 869 construitur
412 839 514 869 etiam
529 847 606 869 cum
631 840 682 870 ad.
712 840 754 871 ad
768 840 844 872 Div.
860 850 890 871 v.

203 925 364 962 Incidere,
380 925 510 956 tollere,
541 925 598 957 Or.
615 927 650 957 ii.
668 928 720 958 8⁶2.
750 927 891 958 incidere

159 968 444 999 deliberationem.
474 968 555 1000 Phil.
573 971 607 1000 ii.
629 974 679 1004 19.
707 971 890 1001 incidamus

160 1011 281 1042 media.
323 1013 375 1042 Sic
399 1013 511 1043 Livius
528 1015 612 1044 dixit
625 1015 766 1044 incidere
781 1024 888 1054 spem,

160 1066 254 1085 xxxv.
273 1059 326 1086 31.
356 1056 615 1087 *conscindere
647 1058 688 1088 ad
710 1058 751 1098 Ω.
775 1058 825 1088 Fr.
843 1059 888 1088 iii.

159 1102 188 1130 1.
205 1111 233 1129 c.
246 1102 278 1129 -1,
296 1102 533 1140 ροὲῐῐιειὶηοὶιίἱ.
551 1101 677 1132 ='‘Dom.
692 1104 744 1132 30.
761 1102 840 1140 quid
853 1108 888 1132 te

157 1143 329 1181 audacius,
350 1144 405 1183 qui
430 1145 462 1173 in
487 1145 556 1182 ejus
582 1154 703 1175 nomen
727 1146 886 1176 incideris.

155 1185 225 1216 Viri
243 1187 333 1217 docti
349 1191 407 1217 aut
421 1189 586 1218 omittunt
602 1189 649 1225 in,
666 1189 753 1228 quod
770 1199 789 1218 a
805 1189 887 1220 Pau.

157 1230 261 1260 Codd.
279 1235 401 1270 praeter
415 1241 522 1261 unum
541 1232 660 1270 abfuit,
677 1240 737 1262 aut
759 1233 888 1263 addunt

155 1284 212 1304 aes.
257 1275 467 1304 Alterutrum
490 1276 644 1316 probasse
673 1276 705 1306 J.
733 1276 780 1306 Fr.
806 1277 888 1307 Gro-

157 1318 292 1348 novium
309 1329 348 1348 ex
364 1320 442 1349 obs.
460 1319 504 1349 iv.
523 1322 550 1349 1.
569 1324 674 1359 patet.
719 1320 805 1350 Mihi
829 1330 887 1350 au-

155 1366 226 1391 tem
244 1361 354 1402 placet
370 1361 516 1401 vulgata.
554 1362 643 1392 Nam
659 1366 800 1402 utraque
817 1374 888 1395 cor·

155 1405 261 1435 rectio
283 1414 418 1436 sensum
442 1416 519 1435 eum
543 1405 658 1443 habet,
681 1407 738 1446 qui
762 1409 886 1446 minus,

156 1458 257 1486 quam
282 1457 341 1488 pro
364 1454 478 1479 mente
504 1449 686 1487 Ciceronis,
706 1450 805 1480 dicit:
831 1451 887 1481 Se-

155 1491 286 1522 dulinm
304 1493 448 1532 primum
465 1493 598 1523 scivisse
621 1494 730 1533 legem
747 1495 887 1534 scripse—

153 1540 208 1565 rat
224 1535 371 1566 Clodius.
407 1535 542 1567 Solebat
556 1537 646 1567 enim
663 1547 786 1567 nomen
803 1539 886 1577 ejus,

155 1579 213 1618 qui
228 1580 355 1619 primus
371 1580 525 1617 sciverat,
541 1589 609 1610 una
623 1590 701 1611 cum
718 1581 790 1620 lege
806 1583 886 1612 inci-

153 1622 200 1652 di.
245 1618 394 1653 Hoccine
417 1633 494 1653 vero
518 1628 568 1653 est
589 1624 802 1664 simpliciter:
828 1632 887 1656 no·

156 1675 233 1696 men
265 1666 406 1706 alicujus
433 1667 583 1698 incidere.
643 1667 721 1698 Non
750 1678 885 1707 possum

155 1717 374 1749 concoquere.
418 1710 508 1750 Quid
531 1720 609 1751 ergo
619 1711 633 1742 ἴ
666 1711 824 1752 Intelligo
840 1713 887 1742 le-

155 1763 243 1792 gem.
288 1753 414 1793 Legem
441 1754 580 1784 incidere
605 1755 641 1785 in
665 1755 805 1795 alicujus
828 1766 887 1786 no-

155 1806 247 1834 men,-
271 1796 374 1828 latine
399 1798 479 1828 mihi
504 1797 569 1828 dici
592 1798 725 1829 videtur
746 1809 818 1840 pro,
839 1801 887 1830 ita

153 1841 295 1871 incidere
310 1841 417 1880 legem
434 1842 468 1871 in
485 1851 543 1879 aes,
559 1847 599 1872 ut
614 1843 655 1873 ab
676 1852 716 1873 eo
737 1844 885 1882 primum

152 1884 274 1914 ncitam
290 1894 360 1914 esse
377 1884 529 1915 addatur.
560 1885 706 1916 Nomine
723 1887 794 1924 ejus
805 1887 888 1917 abu-

154 1927 241 1958 titur
263 1928 297 1957 in
322 1928 383 1958 hac
407 1928 479 1967 lege
503 1929 563 1959 &c.
608 1930 662 1960 Sic
681 1931 804 1960 nostri:
829 1931 889 1962 auf

154 1971 246 2001 eines
260 1970 391 2003 2⁷*ame'n
406 1971 520 2011 lngen,
529 1973 665 2011 boi-gen,
676 1978 775 2005 etwas
786 1974 885 2006 thun.

154 2013 188 2046 h.
209 2025 239 2045 e.
262 2016 297 2045 in
321 2016 527 2052 mentiendo,
550 2014 713 2048 sumendo
736 2019 797 2048 &c.
827 2018 887 2048 ali-

155 2058 250 2096 cujus
275 2060 410 2089 nomine
433 2059 536 2090 abuti.
568 2061 654 2091 *On
678 2061 724 2092 iii.
748 2062 801 2093 58.
831 2071 887 2101 ge-

154 2110 217 2132 nus
234 2103 322 2132 vocis
337 2108 488 2141 acutum,
502 2102 694 2142 incitatum,
707 2105 821 2136 crebro
835 2107 887 2135 in-

154 2146 274 2182 cidens,
288 2147 312 2176 i.
326 2154 356 2177 e.
372 2146 586 2187 abrompens,
603 2149 800 2179 consistens.

199 2188 311 2220 Incile.
341 2190 383 2221 ad
405 2190 479 2221 Dtv.
502 2191 569 2221 viii.
587 2194 616 2222 5.
647 2192 680 2222 in
704 2194 794 2223 incili
816 2201 888 2222 om-

155 2233 211 2262 nia
234 2230 460 2264 adhaeserunt.
502 2235 603 2265 Incile
624 2241 676 2266 est
697 2235 796 2274 fossa,
813 2246 886 2276 quae

156 2276 191 2306 in
219 2277 271 2307 via
297 2278 349 2315 fit,
373 2277 414 2320 {id
438 2277 666 2309 deducendam
690 2285 825 2318 aquam,
848 2284 887 2310 ut

158 2325 276 2351 auctor
298 2325 348 2351 est
371 2321 502 2352 Festus:
533 2322 622 2352 unde
639 2332 691 2362 ap.
706 2323 886 2363 Apuleium

157 2363 210 2392 via
224 2363 389 2395 lacunosis
404 2362 555 2396 incilibus
568 2367 772 2405 voraginosa.
808 2366 886 2397 <lam

157 2406 191 2436 in
221 2407 412 2445 hujusmodi
440 2410 588 2440 incilibus
622 2409 719 2440 facile
758 2410 887 2441 haerent

159 2449 317 2488 plaustra.
349 2452 413 2482 vid.
438 2452 538 2483 latius
563 2453 633 2483 haee
656 2453 886 2494 disputantem

158 2493 296 2524 Salmas.
313 2495 354 2525 ad
370 2495 473 2526 Solin.
489 2496 512 2526 f.
530 2497 603 2528 512.

205 2537 361 2576 laomim,
377 2539 490 2578 κόμμᾱ.
514 2540 607 2571 Orat.-
621 2540 673 2572 6⁴2.
696 2540 774 2571 hinc
789 2541 888 2572 incise

156 2580 299 2611 scrihere
322 2588 373 2613 est
396 2593 454 2623 per
476 2589 654 2614 commata.
687 2583 764 2614 ibid.
781 2584 834 2615 63.
863 2585 885 2615 i.

156 2633 187 2654 e.
204 2625 342 2666 singulis
358 2627 528 2665 membris,
543 2628 614 2657 sine
631 2628 784 2667 periodis.

202 2667 329 2699 Immo.
357 2669 414 2700 Or.
446 2672 498 2701 61.
530 2672 692 2702 incisiones
727 2671 884 2710 ambitus,

158 2717 238 2740 nunt
255 2717 363 2751 partes
380 2714 515 2753 periodi.

200 2751 358 2792 Incitare,
381 2766 515 2796 augere,
538 2766 731 2797 propagare.
762 2759 819 2788 Or.
837 2759 883 2788 iii.

156 2797 187 2827 6.
216 2800 374 2829 incitatur
400 2809 440 2829 ea
463 2802 566 2831 ratioi
599 2801 621 2830 i.
645 2811 675 2830 e.
699 2802 882 2832 invalescit.

154 2842 210 2871 Or.
229 2842 249 2871 i.
270 2844 321 2873 ΞΟ.
352 2843 492 2873 incitare
513 2845 732 2875 celeritatem.
763 2845 804 2875 ef.
828 2845 884 2876 Lis

154 2889 266 2924 εει-,4.
290 2887 342 2916 Sic
357 2886 464 2917 Tacit.
477 2888 515 2917 Α.
529 2888 574 2917 iii.
587 2889 640 2918 25.
665 2890 802 2919 incitare
816 2898 882 2928 poe-

152 2934 209 2959 ινδ
224 2944 231 2958 2
257 2929 344 2969 quod
360 2930 483 2961 frustra
498 2930 650 2961 nonnulli
667 2935 853 2963 tentarunt.

669 142 817 174 INDEX
848 144 1142 174 LA'rml'rA'rts.

986 234 1120 272 lucitus,
1135 233 1232 264 celer.
1255 233 1299 265 N.
1312 233 1356 264 D.
1369 233 1403 264 ii.
1416 235 1467 265 35.
1489 234 1579 265 inciti
1595 233 1671 268 deb

937 277 1041 318 phini.
1065 279 1165 308 Dom.
1183 279 1234 308 36.
1258 276 1359 308 incita
1378 279 1437 307 vis.
1460 286 1489 307 v.
1506 283 1575 308 not.

979 322 1176 352 Itu-laniare.
1207 322 1277 352 Att.
1295 322 1329 351 ii.
1345 324 1398 353 90.
1429 320 1603 361 expeditus
1623 324 1668 351 ut.

934 365 996 394 sis:
1021 366 1048 394 si
1065 367 1255 402 inclamaro,
1274 370 1310 395 ut
1327 374 1490 395 accurras.

979 408 1154 438 Inclinare.
1193 407 1264 439 lnv.
1289 410 1310 438 i.
1335 411 1387 439 ¹21.
1417 409 1577 438 inclinare
1605 407 1664 438 ali-

935 460 1033 488 quem
1051 451 1091 481 ad
1115 452 1327 483 commodum
1351 462 1418 482 suae
1443 460 1561 481 causae.
1592 451 1665 480 *ad

934 493 1010 524 Div.
1028 495 1048 523 i.
1071 498 1096 524 1.
1127 497 1282 526 inclinata
1307 506 1357 526 res
1380 499 1447 525 est:
1474 494 1506 524 h.
1527 504 1556 524 e.
1580 495 1663 525 affli-

935 542 1002 573 cta,
1018 547 1119 578 prope
1135 539 1274 578 perdita.
1298 540 1339 569 cl'.
1356 539 1389 569 ii.
1413 539 1461 568 16.

979 581 1152 611 Inclinatio
1161 589 1361 622 temporum.
1374 582 1486 612 Plane.
1496 584 1548 616 39.
1562 581 1662 611 Dom.

939 625 987 653 18.
1016 626 1197 662 conversio,
1214 626 1253 655 de
1271 635 1336 665 qna
1357 635 1467 666 supra.
1498 625 1592 655 Brut.
1608 627 1662 655 43.

934 667 1100 697 inclinatio
1116 669 1216 704 vocis,
1234 670 1256 699 i.
1269 679 1297 698 e.
1315 670 1463 699 variatio.

978 711 1160 741 includere.
1194 712 1234 741 de
1255 711 1473 743 caelatoribus.
1503 711 1596 742 Verr.
1621 712 1663 741 ἰν.

934 755 986 784 95.
1017 754 1073 784 Gr.
1093 754 1290 797 συνιιςγνύναι,
1313 756 1352 786 de
1376 766 1509 795 gemma
1531 756 1564 785 in
1589 756 1665 795 pala

933 798 1062 827 annuli.

978 842 1142 878 Inclusus,
1166 841 1310 879 abditus,
1334 841 1453 872 latens.
1483 841 1524 871 ad
1547 841 1623 871 Div.
1641 842 1662 871 i.

932 888 963 918 9.
992 886 1152 916 inclusum
1179 885 1303 915 odium.
1343 885 1387 916 cf.
1415 885 1511 915 Brut.
1538 885 1590 919 96.
1619 886 1662 916 A·

933 928 1004 958 cad.
1023 930 1032 959 i
1050 931 1081 959 3.
1098 930 1223 958 inclusa
1239 928 1408 966 tenebam,
1421 930 1442 958 i.
1458 938 1488 959 e.
1503 937 1570 958 non
1586 929 1662 958 ede·

933 971 1020 1001 bam.
1046 972 1087 1002 cf.
1102 972 1195 1002 Verr.
1212 983 1241 1002 v.
1259 978 1290 1007 9.

941 1016 947 1019 ’
981 1016 1231 1053 Incommodum,
1259 1015 1380 1053 clades,
1408 1016 1450 1048 (V.
1475 1026 1503 1045 c.
1527 1014 1658 1054 bellica)

933 1058 1115 1089 calamitas.
1133 1059 1312 1091 Manil-12.
1329 1059 1663 1089 incommcdanSti-

931 1112 1021 1131 ense.
1055 1103 1215 1133 *adverb
1246 1102 1342 1133 Brut.
1358 1106 1390 1133 4.
1410 1110 1494 1133 extr.
1524 1103 1566 1132 ad
1587 1103 1659 1133 Att.

931 1146 973 1175 vi.
989 1150 1021 1179 9.

974 1189 1192 1220 Incontemus.
1216 1189 1287 1219 Pin.
1302 1190 1344 1220 iv.
1361 1190 1414 1224 97.

974 1233 1330 1271 Jucontroversmnjus.
1354 1234 1410 1263 Or.
1427 1234 1448 1263 i.
1466 1237 1518 1268 57.

974 1277 1158 1316 Iszcrcpnre.
1190 1277 1278 1307 Mur.
1309 1280 1357 1307 10.
1385 1277 1525 1307 simulac
1554 1278 1659 1309 inerim

924 1322 1038 1359 puerit
1067 1321 1211 1360 suspicio
1242 1321 1422 1350 tumultus.
1461 1320 1559 1351 Catil.
1582 1322 1603 1352 i.
1627 1323 1660 1355 7.

930 1364 1087 1403 quicquid
1102 1366 1312 1404 increpuerit,
1328 1364 1508 1394 Catilinam
1532 1365 1658 1395 timeri.

928 1407 1043 1438 Nostri
1057 1420 1063 1437 :
1089 1417 1185 1437 wenn
1201 1407 1272 1437 sich
1288 1417 1352 1437 was
1368 1411 1451 1447 regt.

974 1451 1158 1489 Inculcure,
1179 1452 1346 1489 ‚inserere3
1373 1451 1431 1481 sed
1453 1450 1522 1481 sere
1545 1451 1580 1482 in
1603 1452 1660 1482 de-

928 1495 1085 1524 teriorem
1112 1498 1241 1534 partem
1268 1495 1440 1534 accipitur.
1472 1495 1535 1525 Off.
1560 1496 1582 1524 i.
1606 1499 1661 1526 31.

929 1547 1037 1576 graeca
1062 1538 1160 1568 verba
1183 1540 1368 1568 inculcare.-
1399 1538 1430 1568 h.
1458 1548 1486 1568 e.
1513 1540 1658 1570 sermoni

929 1581 1050 1621 ubique
1084 1582 1282 1612 immiscere.
1319 1584 1376 1612 Or.
1406 1582 1459 1616 69.
1495 1583 1665 1613 inculcare

928 1625 1043 1655 inania
1068 1625 1180 1663 verba,
1204 1626 1297 1664 quasi
1325 1625 1573 1665 complementa
1599 1636 1662 1656 nu-

928 1678 1108 1699 merorum.
1138 1669 1196 1699 Or.
1218 1672 1265 1700 15.
1285 1673 1369 1699 extr.
1401 1668 1441 1699 de
1458 1669 1658 1700 firmissimis

928 1712 994 1742 alia
1009 1713 1117 1752 prima
1139 1717 1254 1752 ponet,
1271 1712 1336 1742 alia
1357 1719 1538 1752 postrema,
1553 1714 1660 1744 incul-

928 1757 1074 1796 cabitque
1090 1755 1230 1786 leviora:
1256 1756 1290 1786 h.
1302 1766 1330 1785 e.
1343 1756 1464 1795 passim
1478 1756 1582 1786 firmis
1595 1755 1660 1786 im-

928 1799 1093 1830 miscebit.
1120 1799 1205 1829 *On
1222 1800 1257 1830 ii.
1274 1802 1303 1830 5.
1326 1800 1383 1838 qui
1399 1809 1434 1829 se
1450 1799 1584 1830 auribus
1600 1809 1659 1830 no-

928 1844 1004 1873 stris
1020 1844 1206 1873 inculcant:
1229 1843 1262 1874 h.
1277 1852 1306 1872 e.
1323 1843 1379 1881 qui
1395 1842 1489 1873 nobis
1503 1843 1545 1873 ad
1559 1843 1658 1874 satie-

927 1893 1034 1916 tatem
1050 1897 1155 1926 usque
1173 1886 1356 1926 disputant.

972 1931 1170 1961 Inculcatus.
1199 1930 1268 1960 Att.
1284 1931 1347 1960 xvi.
1364 1933 1395 1961 3.
1425 1928 1585 1969 σύνταγμα
1607 1939 1660 1962 re-

927 1974 1120 2012 tractatius,
1144 1973 1265 2004 crebris
1295 1973 1375 2003 locis
1400 1974 1600 2004 inculcatum
1622 1978 1659 2004 et

929 2018 1109 2047 refectum:
1135 2017 1167 2048 h.
1183 2027 1212 2047 e.
1236 2017 1290 2047 cui
1306 2017 1428 2057 passim
1452 2017 1578 2056 aliquid
1601 2017 1659 2047 ad·

929 2061 1035 2091 ditum
1062 2066 1126 2097 est,
1150 2066 1189 2091 ut
1213 2061 1252 2090 fit
1277 2061 1312 2090 in
1338 2060 1558 2091 retractandis
1577 2060 1659 2090 scri-

929 2105 1005 2144 ptis.
1036 2105 1077 2135 ad
1094 2104 1188 2135 Brut.
1204 2114 1255 2144 ep.
1275 2105 1325 2134 16.
1354 2104 1481 2136 tradita
1492 2109 1593 2143 atque
1609 2105 1659 2134 in·

927 2149 1059 2179 calcata
1073 2148 1221 2178 libertas.

972 2192 1134 2228 Iizcultus,
1157 2192 1197 2221 de
1214 2191 1356 2231 pictura.
1378 2190 1435 2221 Or.
1454 2194 1505 2221 11.

971 2236 1174 2266 Incumbere.
1203 2237 1260 2265 Or.
1278 2235 1312 2265 ii.
1329 2238 1382 2269 79.
1410 2235 1516 2265 oratio
1530 2235 1659 2265 incum-

929 2279 973 2309 bit
997 2279 1176 2309 inclinato:
1211 2278 1244 2308 h.
1271 2288 1299 2309 e.
1329 2288 1408 2308 eum
1438 2277 1594 2318 impellit,
1617 2282 1660 2308 ut

929 2322 1026 2362 plane
1043 2323 1215 2353 nobiscum
1231 2323 1369 2359 sentiat,
1385 2321 1500 2359 faciat,
1512 2330 1586 2360 quae
1601 2331 1657 2351 vo-

929 2367 1054 2404 lumus,
1080 2376 1159 2396 cum
1181 2367 1255 2405 jam
1279 2372 1397 2406 sponte
1424 2375 1491 2395 non
1522 2368 1609 2395 esset
1637 2375 1659 2396 a

929 2419 1028 2440 sensu
1046 2416 1081 2440 et
1095 2410 1266 2441 voluntate
1283 2417 1396 2440 nostra
1418 2408 1558 2439 alienus.
1587 2408 1654 2439 vid.

929 2453 1110 2494 impellere.
1139 2454 1196 2484 Or.
1219 2453 1267 2483 iii.
1293 2455 1342 2483 14.
1373 2460 1584 2491 quocumque
1605 2452 1657 2482 in-

928 2499 1088 2534 cubuerit,
1103 2497 1137 2528 h.
1157 2508 1185 2527 e.
1210 2497 1244 2527 in
1268 2505 1502 2535 quamcunque
1525 2501 1655 2535 partem

929 2548 1137 2571 commovere
1153 2541 1342 2571 auditorem
1356 2539 1509 2569 voluerit.
1532 2538 1600 2568 *ad
1614 2538 1656 2578 Ω.

929 2583 979 2614 Fr.
992 2584 1014 2614 i.
1031 2587 1057 2614 1.
1074 2595 1103 2614 c.
1115 2588 1145 2615 3.
1164 2584 1349 2624 praesertim
1361 2582 1481 2613 cumhi
1495 2591 1602 2613 mores
1614 2581 1656 2611 a'd

928 2628 1144 2658 ambitionem
1164 2627 1382 2658 incubuerint.
1428 2625 1554 2656 Eadem
1577 2634 1657 2655 eon-

927 2673 1081 2708 structio‚
1097 2671 1155 2700 sed
1178 2672 1212 2701 in
1235 2671 1300 2700 alia
1323 2680 1371 2707 re,
1396 2674 1431 2699 et
1452 2668 1518 2698 alio
1540 2677 1654 2706 sensu,

928 2722 979 2744 est
1004 2725 1064 2755 pro
1090 2714 1177 2745 Mur.
1201 2714 1254 2744 526.
1284 2723 1408 2752 magna
1431 2717 1484 2743 est
1510 2712 1653 2742 comitiis

928 2758 1156 2788 consularibus
1173 2757 1348 2796 repentina
1365 2757 1580 2786 voluntatum
1602 2755 1656 2785 in-

927 2802 1078 2839 clinatio,
1106 2800 1291 2841 praesertim
1321 2810 1400 2830 cum
1437 2799 1584 2830 incubuit
1612 2797 1654 2828 ad

927 2846 1034 2875 virum
1072 2845 1208 2875 bonum.
1244 2843 1303 2873 ἃς.
1339 2843 1436 2873 *Am
1465 2853 1496 2872 v.
1531 2845 1580 2873 13.
1618 2842 1654 2871 in

928 2889 1065 2918 Caesaris
1105 2887 1301 2927 cupiditates
1346 2887 1490 2923 incubui,
1526 2889 1561 2915 te
1597 2894 1656 2914 au-

927 2935 1035 2961 ctare:
1067 2931 1099 2961 h.
1124 2942 1151 2962 e.
1179 2940 1233 2962 eas
1257 2931 1340 2970 juvi.
1377 2929 1446 2971 ⁸²⁵9.
1478 2929 1530 2960 Fr.
1553 2928 1599 2959 iii.
1622 2929 1656 2959 8.
