1790 3219
602 89 747 119 mnssx
777 89 910 118 LA'HN
917 90 1072 119 rrA’ns.

84 176 177 210 onim
192 183 241 208 est
258 178 297 209 de
314 177 386 219 lege
402 177 442 209 de
459 178 609 218 pecuniis
632 175 824 217 repetundis

87 226 123 252 et
136 220 177 251 de
187 221 316 259 judicio
330 233 369 253 ex
385 232 433 253 ea.
457 223 475 239 ⁸
487 221 715 261 magistratus,
732 224 825 260 pote-

86 269 167 295 ntas.
191 264 285 297 Verr.
303 266 324 296 i.
345 267 393 297 19.
416 265 457 296 ad
479 264 636 305 rempubl.
657 263 825 293 accedere.

87 316 166 339 nam
179 308 239 339 boc
250 310 289 339 de
302 310 340 340 iis
352 309 468 340 dicunt
480 307 605 344 Latini,
616 307 671 346 qui
684 312 825 345 quaesto-

88 360 140 382 res
152 353 252 390 fiunt,
267 358 325 384 aut
339 354 537 393 potestatem
552 349 697 389 aliquam
711 359 827 380 conse-

89 401 244 435 quuntur
272 397 430 437 primum,
460 403 533 434 quae
565 395 825 432 magistratuum

89 448 161 469 esse
180 439 275 470 solet.
298 439 361 469 vid.
385 437 469 468 Phil.
494 447 523 468 v.
552 440 600 468 18.
626 437 723 468 Rosc.
740 438 778 468 Α.
799 440 826 468 1.

89 482 148 512 Οι·.
167 483 199 513 ii.
215 485 267 515 25.
286 481 451 520 ⁸bellum,
464 491 514 512 res
528 481 690 511 militaris.
708 480 826 512 Manil.

89 526 143 556 21.
181 526 338 566 rempubl.
362 525 444 555 bene
468 534 594 564 gerere.
631 525 671 554 ad
698 525 771 556 niv.
797 535 826 555 x.

92 570 142 599 11.
173 579 275 610 remp.
299 578 339 599 ex
363 572 471 598 vestra
493 569 662 598 sententia
685 568 827 598 admini-

87 619 212 643 strare:
238 613 270 643 h.
285 623 315 642 e.
332 612 474 642 vincere.
491 611 532 642 cf.
550 612 592 642 ib.
623 615 670 646 17.
695 613 750 642 xii.
779 615 826 642 11.

88 655 268 687 ‘victui-ia.
293 656 370 687 Nat.
395 655 436 686 D.
463 656 494 685 ii.
517 658 547 686 2.
571 659 697 686 temere
720 655 759 685 de
776 665 827 685 re-

81 700 174 740 publ.
202 699 346 730 locutus.
381 699 578 737 ‘mm-ium,
603 699 745 739 pecunia
767 708 828 737 pu-

88 741 186 773 blica.
221 742 306 774 Phil.
332 744 365 773 ii.
391 745 421 774 3.
450 742 605 782 reliquias
628 744 706 783 reip.
734 741 828 772 dissi-

90 795 181 826 pare.
196 785 290 817 Verr.
306 787 328 817 i.
351 790 397 817 13.
414 787 571 826 rempubl.
584 785 828 822 administrare,

89 829 130 859 de
146 836 321 869 quaestore.
338 831 381 861 ib.
398 840 427 860 v.
444 832 496 860 22.
520 829 559 859 de
575 830 698 869 republ.
719 828 828 859 detra-

87 871 178 904 here.
203 874 414 915 ·provineia.
430 872 471 903 ad
488 872 618 904 Divers.
641 873 709 903 xiii.
726 873 778 903 63.
801 872 828 902 si

90 917 131 947 ad
154 927 208 947 me
232 917 272 948 de
294 918 414 958 republ.
441 915 475 947 id
498 919 561 954 est,
579 917 618 946 de
641 920 730 946 statu
754 926 829 956 pro—

90 961 221 997 vinciae,
248 961 288 991 de
317 960 479 991 institutis
509 960 590 998 tuis,
620 959 830 990 familiariter

90 1004 224 1035 scribes.
258 1003 421 1034 *libertas
450 1003 594 1044 publica.
627 1003 668 1034 ad
699 1003 829 1035 Divers.

91 1048 136 1078 xi.
157 1050 205 1079 13.
223 1047 343 1078 bonam
357 1057 450 1088 spem
468 1046 508 1078 de
523 1057 657 1078 summa
667 1048 830 1087 republica

91 1100 147 1121 vos
164 1091 284 1122 habere
299 1090 465 1122 volumus.
488 1091 533 1121 ib.
558 1101 588 1122 x.
606 1094 636 1122 3.
660 1100 748 1122 unus
764 1095 828 1129 est,

91 1143 151 1175 per
171 1139 224 1166 tot
245 1144 351 1165 annos
374 1135 498 1175 republ.
524 1134 696 1173 devexata,
713 1144 829 1165 cursus

91 1179 276 1220 reipublice*
304 1179 388 1209 bene
419 1178 572 1218 gerendae
602 1178 643 1208 ad
677 1177 829 1218 gloriam.

92 1222 284 1252 ‘securitas
299 1221 441 1263 publica.
468 1222 566 1253 Rosc.
580 1222 620 1252 Α.
636 1225 688 1256 49.
712 1222 831 1253 ideone

92 1266 246 1296 nobilitas
270 1266 478 1306 recuperavit
503 1266 744 1306 rempublicam,
769 1266 829 1297 ἃς.

90 1308 198 1340 Tertii
215 1310 344 1349 generis
367 1309 520 1350 exempla
539 1309 610 1340 haec
633 1317 733 1340 sunt:
760 1310 831 1340 Cae-

93 1354 159 1383 cin.
176 1355 229 1384 20.
253 1353 339 1384 absit
353 1354 533 1394 reipublicae
549 1362 648 1384 causa
662 1366 668 1384 :
689 1353 723 1384 h.
740 1363 769 1384 e.
786 1353 831 1384 lc-

92 1397 237 1436 gationis
261 1402 318 1428 aut
342 1396 420 1427 belli
443 1397 579 1437 gerendi
604 1407 713 1427 causa.
736 1397 830 1428 Verr.

92 1441 127 1471 ii.
146 1444 197 1472 55.
219 1441 399 1482 respublica
414 1439 638 1471 administrari
656 1450 721 1471 non
738 1446 831 1482 pote-

93 1488 145 1514 rat
159 1497 165 1515 :
192 1484 224 1515 h.
239 1495 269 1515 e.
284 1484 414 1515 exactio
429 1489 464 1514 et
479 1483 600 1514 solutio
614 1485 743 1516 tributi.
766 1485 832 1516 Mi-

93 1527 161 1558 lon.
192 1531 240 1559 15.
269 1528 404 1568 reipubl.
430 1532 560 1568 partem
583 1529 765 1569 suscipere,
791 1528 831 1559 de

94 1571 184 1602 caede
209 1571 326 1602 Clodii.
358 1570 452 1602 Balb.
475 1574 527 1604 20.
555 1581 574 1602 a
596 1573 720 1612 republ.
747 1572 831 1603 bene

94 1615 261 1656 gerenda:
285 1615 319 1646 h.
341 1625 371 1646 e.
395 1625 415 1646 a
435 1615 575 1646 fortibus
597 1615 675 1646 viris
697 1616 832 1646 civitate

95 1659 269 1690 donandis.
294 1658 379 1690 Phil.
395 1669 425 1689 v.
446 1662 493 1691 15.
517 1660 656 1700 respubl.
672 1669 759 1700 saepe
776 1660 832 1690 be-

95 1711 137 1734 ne
159 1706 272 1743 gesta:
295 1713 324 1734 v.
344 1713 373 1733 c.
392 1703 606 1734 restitutione
624 1704 713 1734 sext.
737 1703 833 1734 Pom—

95 1747 175 1787 peii,
191 1746 278 1777 bello
302 1746 391 1777 civili
415 1746 651 1786 extinguendo.
671 1747 713 1777 cf.
730 1746 770 1777 de
786 1747 833 1778 al-

94 1794 170 1820 tera
191 1795 227 1822 et
249 1790 352 1821 tertia
367 1790 614 1829 significatione
630 1789 774 1822 Gronov.
792 1790 834 1822 ad

94 1833 169 1865 Liv.
193 1834 260 1865 viii.
283 1837 335 1865 31.
365 1834 459 1864 *Pis
486 1835 539 1865 32.
574 1834 738 1864 Caesarem
766 1844 833 1865 non

95 1877 213 1908 eadem
229 1878 268 1909 de
283 1877 407 1918 republ.
421 1878 574 1915 sensisse,
586 1887 659 1917 quae
676 1888 742 1916 me,
755 1879 833 1909 scio.

94 1920 190 1952 verr.
206 1922 227 1952 i.
248 1924 296 1952 14.
319 1921 407 1961 quod
423 1921 463 1951 de
475 1922 598 1962 republ.
613 1922 729 1952 sensit.
751 1922 834 1953 Haee

95 1964 240 1995 formula
262 1964 423 2005 capienda
444 1969 494 1995 est
516 1965 556 1995 de
572 1966 736 2005 partibus,
753 1976 835 2005 quas

97 2009 169 2048 quis
186 2009 220 2038 in
236 2009 361 2050 republ.
377 2009 541 2048 sequitur,
557 2014 672 2039 utrum
689 2009 760 2040 scil.
777 2020 836 2050 po-

96 2051 221 2093 pularis
243 2052 301 2090 sit,
317 2061 359 2082 an
383 2061 459 2082 cum
483 2052 701 2092 optimatibus
723 2053 835 2084 faciat.

95 2096 218 2127 ‘Mun
263 2099 313 2127 11.
358 2096 522 2136 republica
559 2095 684 2136 perfrui
721 2106 836 2137 possu-

96 2149 195 2171 mus:
231 2139 264 2170 h.
293 2150 322 2169 e.
350 2139 505 2170 omnibus
534 2139 730 2178 commodis,
761 2150 835 2182 quae

70 2183 183 2223 .jure‚
212 2182 284 2223 lege
313 2183 373 2213 ac.
400 2183 480 2214 civis
506 2181 648 2214 Romani
673 2190 764 2216 sunt.
791 2184 834 2216 ef.

99 2227 200 2260 Dom.
218 2230 270 2262 57.

141 2270 315 2311 Respicere.
342 2270 425 2301 Sull.
449 2272 501 2302 25.
531 2270 626 2310 eujus
653 2280 749 2302 aures
775 2281 836 2303 un-

97 2324 198 2354 quam
221 2314 284 2345 hoc
304 2319 518 2355 respuerunt.-
542 2313 575 2344 h.
591 2324 620 2345 e.
635 2324 704 2346 non
719 2315 837 2356 proba-

97 2363 191 2396 runt,
208 2367 277 2388 non
292 2368 406 2388 verum
422 2362 596 2398 putarunt.

142 2401 291 2433 Restare.
320 2401 412 2432 Verr.
438 2402 485 2432 iii.
513 2404 564 2436 83).
596 2400 707 2441 placet
732 2402 837 2434 socios

97 2446 248 2484 tractari,
260 2445 347 2486 quod
362 2449 477 2483 restat,
493 2450 531 2475 ut
547 2454 606 2485 per
622 2445 692 2475 haec
707 2449 839 2486 tempo-

98 2499 137 2521 ra
158 2493 319 2520 tractatos
342 2489 472 2520 videtis.
495 2489 557 2519 int.
581 2490 755 2530 temporis,
771 2493 838 2520 est-

99 2543 163 2573 que
180 2533 214 2563 in
231 2538 414 2573 posterum.

143 2576 329 2607 Restillare.
345 2577 416 2608 Att.
430 2576 472 2606 ix.
484 2579 515 2610 7.
531 2575 638 2605 literae
650 2575 732 2607 mihi
744 2575 839 2616 quid-

99 2619 176 2652 dam
193 2621 286 2660 quasi
303 2620 460 2651 animulae
476 2620 693 2651 restillarunt.

144 2663 368 2703 Restinguere.
392 2664 482 2694 Sext.
505 2665 558 2695 21.
584 2664 715 2693 animos
732 2662 839 2694 homi-

100 2714 183 2737 num
198 2716 379 2747 sensusque
398 2713 503 2738 morte
520 2707 691 2746 restingui.

145 2749 357 2790 Restipulari.
380 2751 477 2782 Rosc.
496 2750 591 2781 Com.
613 2753 661 2782 13.
678 2755 729 2780 est
743 2750 840 2780 vicis-

99 2794 163 2826 nim
186 2794 227 2823 ab
249 2803 288 2824 eo
312 2794 437 2834 aliquid
452 2793 621 2834 stipulari,
637 2794 693 2832 qui
710 2803 730 2823 a
746 2794 840 2824 nobis

100 2836 225 2876 aliquid
240 2836 420 2877 stipulatus
434 2844 495 2868 est.
512 2847 541 2868 v.
559 2847 587 2867 c.
603 2838 638 2867 in
650 2838 840 2877 sponsione,

99 2889 201 2926 quam
226 2880 386 2922 Quintius
414 2891 492 2912 cum
518 2880 635 2914 Naevio
664 2881 759 2922 facit,
785 2880 840 2914 hic

1522 85 1606 124 41⁸

868 177 1050 216 stipulatur
1066 187 1084 207 a
1099 177 1237 217 Quintio
1252 193 1258 210 :
1281 180 1465 221 spondesne
1481 187 1514 213 te
1532 188 1609 215 tan-

869 225 938 250 tam
962 229 1128 250 summam
1153 224 1302 261 pecunia:
1326 224 1496 264 daturum,
1520 231 1608 257 tam·

869 273 968 302 quam
994 273 1099 303 poenoe
1123 264 1207 302 loco,
1224 267 1248 296 si
1266 267 1351 298 bona
1366 274 1425 299 tua
1441 280 1479 300 ex
1497 270 1608 301 edit-to

869 306 1010 347 possedi.
1033 307 1192 347 Quintius
1218 312 1414 349 respondet:
1439 313 1606 353 spondeo:

869 349 926 379 sed
949 349 1068 380 deinde
1092 351 1152 381 sibi
1176 356 1210 380 et
1233 352 1391 391 Quintius
1415 356 1570 387 similiter
1588 368 1609 388 a

870 393 983 424 Naevio
1007 394 1205 433 stipulatur:
1230 396 1414 435 spondes-ne
1438 404 1471 429 te
1497 403 1556 432 dte.
1579 402 1609 432 si

870 447 936 467 non
954 437 1140 477 possedisti.
1158 437 1219 468 hoc
1236 443 1286 468 est
1305 441 1504 480 restipulari.

913 480 1127 521 Restipulatio
1163 482 1216 519 fit,
1248 491 1325 512 cuin
1363 487 1607 525 restipulamur.

869 524 966 556 Rosc.
984 525 1021 555 C.
1042 527 1090 556 13.

916 567 1072 606 ResMuo,
1099 572 1150 599 cst
1179 569 1315 599 verbum
1339 570 1440 609 juris,
1471 571 1499 611 1)
1529 583 1608 605 cum

870 611 1012 651 aliquem
1032 612 1153 642 reduco
1170 613 1204 642 in
1221 622 1298 643 eum
1315 613 1438 651 locum,
1450 614 1608 655 fundum,

870 655 969 693 aedes,
986 656 1073 686 unde
1087 656 1117 686 vi
1133 655 1248 696 dejeci.
1267 656 1390 688 Caecin.
1411 661 1459 690 13.
1474 661 1525 690 22.
1543 661 1609 691 vim

870 699 992 729 factam
1010 701 1190 730 restituere.
1214 700 1247 738 2)
1263 710 1339 731 cum
1354 702 1392 739 is,
1406 702 1462 741 qui
1479 707 1612 734 restitu-

869 753 922 773 ere
931 743 1072 781 jubetur
1083 753 1102 772 a
1115 749 1268 784 praetore,
1280 748 1381 784 negat
1395 755 1429 775 se
1441 745 1610 786 dejecisse.

871 795 949 816 nam
973 786 1005 816 id
1027 786 1121 825 facit,
1137 796 1213 817 cum
1237 786 1341 818 dixit:
1366 791 1505 820 restitui.
1530 801 1611 830 quo-

871 830 960 859 niam
978 831 1068 860 enim
1086 840 1163 861 eum
1187 840 1254 861 nou
1279 831 1412 872 dejecit,
1428 839 1464 864 et
1485 836 1610 865 mansit

870 873 904 902 in
931 874 1136 913 possessione
1162 875 1202 912 is,
1226 876 1282 914 qui
1308 878 1436 908 restitui
1455 878 1609 917 jubetur,

871 916 958 946 idem
975 923 1039 955 est,
1057 927 1095 948 ac
1110 918 1137 948 si
1153 918 1300 958 dejectus
1316 924 1406 958 ante,
1423 926 1497 961 post
1520 925 1612 953 resti·

871 964 961 991 tutus
977 966 1074 991 esset.
1094 960 1216 992 Caecin.
1237 965 1284 997 19.
1301 964 1353 998 29.
1370 966 1422 995 32.
1438 964 1558 997 *Vern
1577 967 1611 997 ii.

871 1004 1064 1043 26.judicia
1078 1006 1230 1036 restituta
1245 1011 1324 1036 sunt
1340 1019 1345 1036 :
1364 1006 1396 1038 h.
1413 1017 1442 1038 e.
1459 1017 1510 1039 res
1520 1009 1613 1049 judi-

871 1052 954 1078 catae
970 1048 1122 1087 sublatae,
1139 1057 1174 1079 et
1191 1049 1228 1088 ii,
1244 1050 1300 1089 qui
1317 1050 1446 1087 judicio
1462 1052 1614 1085 damnati

871 1096 982 1130 erant,
999 1093 1033 1122 in
1056 1093 1227 1133 integrum
1247 1094 1393 1125 restituti
1408 1101 1500 1126 sunt.
1523 1097 1613 1128 ⁸At-

871 1135 928 1165 tic.
941 1145 992 1166 xv.
1005 1138 1035 1166 4.
1055 1137 1166 1167 nescio
1178 1137 1256 1176 quid
1268 1137 1308 1168 ab
1320 1147 1358 1167 eo
1370 1138 1611 1179 litterularum,

871 1184 909 1208 ut
927 1189 981 1209 me
997 1179 1057 1210 sibi
1073 1181 1274 1211 restituerem
1288 1194 1298 1211 .·
1321 1181 1354 1212 h.
1369 1192 1398 1214 e.
1416 1183 1478 1214 sibi
1490 1184 1611 1216 iterum

872 1223 999 1253 amicus
1015 1223 1143 1255 fierem.

915 1266 1084 1298 Restricte.
1107 1267 1188 1307 Leg.
1205 1269 1239 1300 ii.
1258 1271 1307 1300 18.
1330 1273 1443 1301 cetera
1458 1280 1524 1303 non
1541 1276 1612 1303 tam

872 1312 1020 1341 restricte
1033 1311 1194 1351 praefinio.

917 1353 1109 1393 Restrictus,
1133 1365 1263 1396 parcus.
1285 1355 1400 1388 Plane.
1425 1359 1478 1389 22.
1502 1360 1615 1390 restri-

874 1402 938 1428 ctos
953 1401 988 1428 et
1003 1403 1138 1429 tenaces
1155 1399 1268 1431 fuisse.

917 1441 1075 1473 Retentio.
1106 1443 1211 1474 Attio.
1240 1444 1312 1476 xiii.
1341 1445 1394 1476 21.
1425 1444 1613 1476 Carneades

873 1487 1078 1516 retentionem
1102 1486 1226 1526 aurigae
1248 1487 1392 1519 similem
1408 1488 1490 1520 facit
1506 1489 1615 1531 ἰτιχᾷ.

873 1529 976 1560 Acad.
992 1530 1035 1560 iv.
1050 1531 1103 1560 25.
1118 1531 1251 1561 retentio
1266 1532 1508 1563 assensionum.
1528 1533 1547 1551 ⁸*
1558 1535 1615 1563 de-

873 1573 989 1603 ductio
1013 1572 1052 1604 de
1070 1574 1213 1613 pecunia
1227 1574 1396 1606 solvenda.
1426 1576 1531 1607 Attic.
1546 1577 1614 1607 xiii.

874 1618 926 1648 23.
951 1616 1016 1648 ista
1035 1618 1210 1649 retentione
1229 1627 1346 1650 omnes
1361 1620 1410 1650 ait
1425 1621 1475 1650 uti
1490 1619 1616 1651 Treba-

873 1661 954 1692 tius.
970 1660 1012 1692 cf.
1028 1660 1072 1691 ib.
1088 1662 1141 1692 25.

918 1704 1088 1742 Retexen,
1105 1708 1300 1745 retractare,
1317 1711 1461 1739 mutare.
1481 1706 1566 1738 Phil.
1582 1707 1618 1740 ii.

879 1750 928 1779 13.
955 1749 1149 1789 itaquejam
1165 1754 1273 1780 retexo
1287 1751 1475 1782 orationem
1492 1761 1615 1789 meam,

876 1792 936 1822 διο.
953 1791 995 1822 ad
1011 1792 1085 1822 Div.
1104 1793 1148 1824 xi.
1165 1795 1217 1824 28.
1241 1793 1274 1824 id
1289 1803 1381 1825 nunc
1396 1800 1616 1834 commutem,

877 1845 995 1875 meque
1009 1836 1078 1876 ipse
1089 1841 1235 1867 retexam
1245 1836 1262 1866 :⁹
1285 1839 1305 1858 θ
1316 1838 1449 1869 irritum
1467 1838 1617 1877 reddere,

876 1879 1020 1910 abolere.
1043 1878 1137 1911 Verr.
1160 1880 1195 1912 ii.
1218 1882 1271 1922 96..
1295 1882 1410 1912 omnia
1432 1888 1530 1913 erant
1544 1883 1618 1914 Me-

875 1922 947 1953 telli
964 1923 1141 1963 ejusmodi,
1156 1927 1197 1954 ut
1210 1928 1318 1956 totam
1338 1929 1520 1965 praeturam
1537 1925 1620 1957 Ver·

878 1967 921 1996 ris
936 1971 1082 1998 retexere
1096 1967 1265 1998 videretur
1279 1980 1285 1998 :
1310 1978 1357 1998 se.
1371 1969 1468 1999 rebus
1485 1969 1620 2008 judica-

877 2010 920 2040 tis
945 2010 1169 2049 infirmandis,
1193 2020 1297 2042 censu
1329 2010 1427 2043 aliter
1451 2011 1619 2052 habendo,

877 2053 1028 2085 decumis
1054 2054 1154 2085 aliter
1179 2054 1374 2086 vendendis.
1404 2055 1446 2086 ad
1470 2056 1547 2089 DiV.
1573 2058 1618 2088 xi.

881 2100 930 2129 14.
955 2098 1031 2128 novi
1044 2099 1183 2130 timores
1198 2103 1349 2130 retexunt
1365 2100 1547 2141 superiora.
1561 2101 1620 2132 ubi

878 2151 908 2173 v.
923 2140 1031 2172 Graev.

922 2185 1116 2217 Reticenter.
1140 2185 1211 2218 Att.
1227 2195 1258 2216 x.
1275 2187 1305 2218 6.

923 2228 1083 2268 Reticere,
1118 2238 1184 2260 non
1224 2229 1436 2270 respondere,
1475 2230 1515 2262 de
1552 2240 1618 2263 reo.

878 2271 971 2304 Verr.
995 2273 1017 2304 i.
1043 2276 1069 2304 1.
1094 2274 1121 2303 si
1141 2274 1286 2312 reticeat,
1302 2274 1330 2304 si
1347 2274 1444 2306 absit.
1466 2275 1621 2307 *tacet-e.

878 2316 936 2348 Or.
953 2317 1000 2347 iii.
1017 2318 1070 2348 25.
1570 2348 1572 2353 ,

922 2358 1124 2392 Reticulum.
1147 2359 1241 2393 Verr.
1262 2371 1292 2392 v.
1313 2363 1362 2393 11.
1385 2363 1562 2393 reticulum
1577 2363 1621 2394 si-

878 2403 912 2434 bi
936 2404 978 2434 ad
1000 2413 1096 2434 nares
1120 2403 1317 2436 admovere:
1341 2414 1387 2436 sc.
1405 2405 1540 2437 floribus
1555 2406 1623 2439 far·

879 2452 954 2478 tum
969 2446 1169 2478 folliculum.
1186 2457 1216 2478 v.
1235 2447 1417 2479 Athenaeus
1441 2450 1482 2480 iv.
1506 2451 1556 2482 12.
1587 2455 1622 2481 et

880 2491 924 2521 ibi
951 2490 1179 2529 Casaubonm,
1203 2492 1259 2531 qui
1282 2491 1372 2522 hune
1395 2491 1507 2524 locum
1530 2503 1622 2525 eom-

880 2544 1066 2564 memorare
1083 2543 1150 2564 non
1167 2535 1326 2575 neglexit.

924 2577 1088 2609 Retinere.
1106 2578 1148 2608 ad
1163 2578 1292 2609 Divers.
1310 2589 1338 2610 v.
1359 2582 1407 2611 12.
1424 2589 1498 2619 quae
1514 2580 1623 2612 homi-

881 2631 962 2651 num
981 2623 1110 2652 animos
1127 2621 1342 2652 vehementer
1357 2623 1392 2654 in
1412 2623 1554 2664 legendo
1570 2635 1622 2655 re-

880 2666 984 2695 tinere
1000 2665 1114 2705 possit.
1131 2664 1172 2694 ad
1188 2665 1263 2696 Div.
1281 2667 1303 2696 i.
1325 2670 1356 2700 7.
1380 2667 1489 2698 virum
1512 2667 1625 2698 excel-

881 2707 1021 2745 lentem,
1046 2708 1200 2738 nonnihil
1222 2710 1449 2750 suspicantem
1474 2710 1531 2741 illa
1553 2712 1623 2752 epi-

881 2751 968 2782 stola
982 2752 1168 2782 retinuisti:
1192 2752 1255 2783 int.
1278 2754 1312 2784 in
1337 2755 1496 2785 amicitia.
1521 2754 1622 2786 Dom.

882 2798 935 2826 34.
968 2799 1106 2826 tautum
1135 2796 1254 2836 impios
1286 2797 1439 2828 homines
1463 2798 1624 2830 retinebat

882 2838 997 2869 odium
1011 2850 1022 2877 ς
1047 2848 1106 2879 pro
1121 2851 1127 2869 :
1143 2844 1280 2871 tantum
1296 2851 1327 2872 o.
1343 2841 1438 2882 impii
1456 2841 1489 2871 h.
1505 2843 1623 2872 retine-

884 2883 972 2916 bant.
987 2882 1007 2902 ⁶
1019 2892 1097 2919 cum
1109 2892 1218 2919 sermo
1230 2889 1282 2916 est
1296 2884 1336 2920 de
1349 2885 1478 2925 officiis,
1490 2883 1625 2930 elegan-
