1815 3209
216 165 273 204 40

221 263 288 301 liae,
308 262 400 294 clade
423 263 519 295 Rom.
546 260 632 294 bello
656 262 782 295 Punico
809 265 842 295 ii.
867 265 960 295 nobi-

221 306 351 338 litatus.

273 351 463 387 Canusium,
481 349 521 381 ad
537 350 608 381 Ait.
626 351 694 381 viii.
715 354 764 382 11.
781 352 859 382 urbs
871 351 961 393 Apu-

220 392 288 432 liae,
306 394 394 424 unde
416 395 612 432 (amisznus,
630 396 670 424 ad
686 395 756 425 Att.
776 396 796 425 i.
818 398 867 425 13

272 438 403 477 Capena
415 439 522 468 Porta
541 437 702 475 Romana,
716 449 735 468 a
752 448 817 478 qua
832 449 850 466 v
855 439 885 468 ia
895 438 961 478 Ap-

223 481 280 523 pia
294 481 487 512 ducebatur.
512 481 554 511 ad
569 480 666 511 Att.·
658 492 700 511 iv.
722 485 749 512 l.
789 482 890 521 Origo
903 492 961 512 no-

223 525 322 556 minis
339 525 439 555 dubia
454 529 515 555 est.

271 569 429 608 (aperias,
447 568 488 598 ad
504 568 580 598 Div.
601 567 643 597 ix.
672 570 721 602 17.
746 567 824 605 Agr.
849 569 883 598 ii.
907 570 959 600 26.

220 621 242 642 a
263 612 393 651 Capena
408 611 529 652 oppido
546 611 688 641 Etruriae
706 612 793 641 inter
808 611 905 642 Veios
927 618 961 641 et

221 655 369 686 Tiberim
388 656 422 685 in
439 656 510 695 ripa
525 655 602 691 sito,
620 654 707 693 qnod
724 655 812 693 apud
833 655 962 685 Fronti-

221 707 304 730 num
322 704 355 729 et
377 700 524 738 capenas
541 697 663 727 dicitur
679 708 709 737 p.
730 700 801 729 121.

270 743 434 782 Capitium
453 743 486 772 in
504 741 598 771 Verr.
617 741 663 771 iii.
679 744 731 771 43.
749 740 855 771 intell.
872 742 960 772 urbs.

226 786 389 826 Capitium
408 790 459 815 est
474 785 552 815 urbs
569 784 813 815 mediterranea
828 785 960 815 Siciliae.

270 830 485 869 Cappadocia,
502 828 544 858 ad
560 827 631 858 Att.
650 838 679 858 v.
708 831 755 859 18.
779 832 813 858 et
830 829 961 868 propria

220 873 369 912 quidem,
400 872 490 911 regio
517 871 602 901 Asiae
634 871 723 901 inter
751 871 902 902 Taurum
925 877 960 902 et

220 917 453 951 Antitaurum‚
470 915 657 955 propinqua
673 914 810 945 Ciliciae.

269 960 481 995 Car-achiam,
499 958 541 988 ad
556 958 651 989 Brut.
669 961 699 988 3.
716 958 806 988 locus
824 959 958 998 ignotus

218 1003 385 1034 veteribus
402 1002 606 1042 Geographis
619 1007 653 1031 et
670 1001 803 1041 reliquis
815 1003 959 1032 auetori—

220 1047 291 1077 bus.
338 1046 478 1076 Ursinus
503 1051 538 1075 et
562 1045 709 1076 Ortelius
735 1046 959 1085 conjiciebant

219 1090 413 1130 legendum,
430 1090 677 1129 Dyrrachiqu
697 1093 732 1119 et
747 1089 796 1119 ita
810 1088 959 1129 postulat

220 1144 272 1174 ep.
290 1143 441 1173 sequens.

268 1178 379 1214 Caria,
396 1177 527 1207 Orator.
544 1178 574 1207 2.
592 1176 682 1214 regio
698 1175 784 1206 Asiae
808 1176 958 1213 minoris,

218 1230 239 1251 a
262 1231 327 1260 qua
355 1221 477 1251 Caricoe
500 1220 671 1257 dicuntur,
689 1230 734 1250 sc.
759 1221 854 1257 ficus,
871 1220 959 1259 quod

219 1266 385 1305 optimum
404 1273 508 1304 genus
524 1268 586 1294 est.

268 1309 408 1346 Carinae,
433 1308 472 1337 ad
496 1307 536 1346 Ω.
563 1307 614 1337 Fr.
641 1307 674 1336 ii.
699 1310 728 1338 3.
753 1306 844 1337 locus
869 1307 958 1336 urbis

220 1352 348 1390 Romae,
364 1353 419 1382 ubi
437 1352 553 1381 Cicero
572 1350 658 1380 aedes
675 1350 818 1381 habebat
833 1351 874 1380 ab
891 1351 959 1380 avis

219 1396 406 1427 hereditate
423 1401 588 1434 acceptas.

269 1440 414 1476 Carteia,
427 1439 468 1468 ad
481 1438 552 1468 Att.
564 1448 616 1468 xv.
629 1439 680 1468 20.
692 1437 769 1467 urbs
789 1437 958 1477 Hispaniae

218 1482 354 1514 Baeticae
382 1483 423 1513 ad
449 1481 717 1522 promontorium
752 1480 890 1521 Calpen,
918 1481 958 1510 de

220 1537 286 1566 qua
307 1527 371 1557 vid.
397 1526 516 1556 Cellar.
540 1525 578 1555 G.
601 1525 639 1554 A.
663 1530 688 1555 t.
713 1525 734 1554 i.
758 1535 790 1564 p.
814 1525 867 1558 69.
889 1534 958 1564 sqq.

219 1571 272 1601 De
295 1570 365 1609 ejus
399 1570 467 1599 situ
490 1569 666 1609 disputant
698 1567 852 1608 Hispani.
889 1568 960 1598 Cel.

219 1614 440 1653 Wesselingio
464 1613 506 1643 ad
523 1612 603 1642 Ant.
627 1612 705 1642 ltin.
730 1622 763 1652 p.
778 1614 854 1646 407.
870 1612 959 1642 vide-

217 1663 276 1689 tur
293 1668 362 1688 esse
379 1667 452 1697 quae
469 1656 565 1686 hodie
583 1656 761 1686 Rocadillo.

269 1702 464 1737 Casilinum,
485 1700 528 1729 ad
550 1700 621 1730 Att.
645 1699 709 1729 xvi.
734 1702 764 1730 8.
787 1698 864 1728 urbs
888 1699 959 1738 agri

221 1745 397 1786 Campani,
423 1743 562 1774 Colonia
583 1743 735 1773 Romana
759 1742 800 1772 ad
824 1742 960 1772 Vultur-

220 1799 313 1819 num.
325 1789 414 1819 unde
433 1788 656 1823 Casilinenwses
665 1785 704 1815 de
716 1786 846 1816 invent.
860 1787 893 1816 ii.
908 1789 959 1816 01.

269 1833 415 1869 Casinas,
432 1831 548 1870 Agr-ar.
565 1831 599 1860 ii.
616 1831 668 1860 26.
681 1831 727 1860 iii.
740 1833 769 1860 3.
782 1830 961 1869 agercirea

226 1876 380 1908 Casinum
404 1875 562 1915 oppidum
580 1874 692 1904 Latii·
685 1883 719 1903 1n
735 1873 873 1904 Volscis.

270 1921 380 1950 (scissia
394 1921 458 1955 via,
472 1917 615 1958 Philipp.
631 1918 686 1947 xii.
701 1922 731 1951 9.
745 1927 803 1957 per
815 1917 959 1947 mediam

221 1964 391 1994 Etruriam
413 1963 576 1999 ducebat,
602 1961 712 1991 media
735 1962 824 1991 inter
840 1960 961 1990 Flami-

223 2008 312 2046 niam
350 2011 384 2037 et
414 2005 596 2036 Aureliam.
642 2004 776 2034 Nomen
810 2004 912 2034 habet
941 2015 961 2034 a

227 2052 344 2088 Cassio,
362 2051 528 2080 incer-tum
545 2059 621 2088 quo.

271 2095 421 2124 (assimts
446 2093 583 2130 fundus,
610 2091 752 2131 Philipp.
779 2091 813 2121 ii.
836 2094 889 2121 40.
913 2091 960 2122 M.

221 2137 392 2174 Varronis,
409 2137 448 2167 fle
476 2147 541 2176 quo
565 2136 631 2166 vid.
659 2135 698 2165 de
726 2135 764 2165 R.
791 2135 831 2165 R.
856 2135 903 2164 iii.
931 2138 960 2165 5.

222 2192 323 2222 prope
347 2182 515 2217 Casinam,
531 2180 620 2210 unde
642 2180 778 2209 Casinas
795 2184 829 2208 et
858 2179 962 2209 Cassi-

220 2235 284 2255 ηας
321 2227 370 2255 fit.
414 2224 625 2263 Quamquam
652 2227 687 2252 et
725 2223 871 2253 Cassiam
903 2233 962 2262 pro

228 2270 384 2300 Casinum
407 2268 577 2298 invenitur
599 2277 651 2306 ap.
676 2266 824 2296 Frontin.
845 2265 866 2296 1.
884 2276 912 2296 e.
930 2276 962 2306 p.

227 2315 298 2343 134.
330 2323 388 2352 pro
419 2322 483 2350 quo
517 2317 634 2342 tamen
664 2309 749 2340 forte
782 2309 962 2349 legendum

229 2357 340 2387 Cassia
346 2367 365 2386 u
370 2366 398 2385 m
405 2379 411 2385 .

275 2399 513 2430 castulonensis
524 2397 641 2434 saltus,
655 2397 696 2426 ad
708 2397 783 2427 Div.
797 2407 827 2426 x.
842 2406 892 2436 ep.
910 2399 962 2427 38.

224 2444 257 2474 in
275 2443 441 2483 Hispania
456 2441 711 2477 Tarraconensi,
729 2450 830 2480 prope
847 2441 963 2470 urbem

230 2488 435 2518 Castulonem
453 2485 493 2515 ad
509 2485 596 2524 ripas
615 2485 714 2514 Baetis
730 2485 841 2513 sitam.

271 2531 404 2566 Catina,
420 2530 452 2559 in
476 2528 568 2558 Verr.
592 2529 626 2558 ii.
651 2531 704 2561 75.
726 2528 803 2558 urbs
831 2527 964 2557 Siciliae.

223 2574 312 2605 unde.
335 2574 532 2610 (utinenses,
553 2572 646 2602 Verr.
663 2572 697 2602 ii.
713 2574 766 2602 40.
806 2571 857 2601 De
873 2581 913 2601 ea
934 2582 964 2601 ν.

223 2617 377 2649 Dorvillii
394 2616 505 2646 Sicula
520 2626 547 2645 e.
569 2619 617 2646 13.

274 2663 452 2697 Caucasus,
478 2659 578 2690 Tusc.
605 2659 639 2689 ii.
669 2661 717 2689 10.
741 2667 837 2688 mons
863 2657 963 2695 Asiae,

224 2704 367 2734 Iberiam
405 2709 440 2733 et
472 2703 649 2733 Albaniam
684 2712 704 2732 a
736 2702 963 2742 septentrione

224 2748 394 2778 claudens.

274 2791 455 2825 C'audiciwi,
479 2790 518 2820 ‹le
546 2789 640 2819 Offic.
658 2789 703 2819 iii.
730 2792 782 2819 530.
803 2788 964 2828 oppidum

223 2835 364 2871 Samnii,
377 2844 396 2863 a
408 2833 589 2873 quesiti-cce
611 2833 777 2869 stmdinoe,
790 2842 862 2871 paz·
879 2832 964 2862 Cau-

223 2878 482 2908 diwadieuntur.
495 2878 577 2907 item
590 2876 778 2907 szdinum
791 2877 962 2915 praelium,

224 2922 308 2953 Cato
329 2923 376 2953 12.

271 2966 401 3003 Caunii,
419 2963 460 2994 ad
475 2962 516 3004 ῼ.
528 2963 579 2994 Fr
593 2964 614 2995 i.
630 2966 657 2994 1.
673 2965 722 2994 11.
738 2962 824 2993 cives
842 2963 961 3001 Cauni,

730 173 876 203 INDEX
906 173 1022 203 GEOG
1029 173 1283 204 RAPfflcus-

1003 263 1042 294 de
1059 264 1134 295 Div.
1147 265 1180 296 ii.
1191 268 1244 296 40.
1256 264 1346 296 urbis
1360 264 1464 296 Cariae
1475 266 1667 305 maritimae,
1677 264 1742 299 ubiv

1002 312 1036 337 et
1047 314 1098 338 est
1115 309 1275 339 Cauneas.
1304 308 1403 339 Ficus
1419 309 1556 339 Cauneoe
1568 310 1601 340 in
1614 314 1738 351 niagno

1002 352 1108 390 pretio
1122 352 1154 381 in
1175 351 1271 382 ltalia
1282 356 1388 382 erant.
1401 352 1464 382 vid.
1478 351 1498 382 l.
1511 362 1540 382 c.
1555 358 1634 384 sunt
1644 355 1736 388 enim

1003 395 1127 425 Carica:
1150 396 1298 435 optimae.
1343 396 1478 426 Frustra
1492 395 1592 426 Grou.
1609 397 1651 427 ad
1665 398 1697 428 h.
1715 397 1739 429 1.

1004 438 1148 468 malebat
1169 439 1313 475 Cctuuia‘,
1330 440 1411 469 item
1425 439 1518 470 Duk.
1533 444 1567 469 et
1583 439 1740 471 Draken-

1004 481 1115 511 borch.
1127 482 1167 512 ad
1184 482 1254 512 Liv.
1267 483 1378 513 xxxiii.
1392 485 1442 514 120.
1461 492 1537 512 nam
1555 488 1740 523 utrumque

1004 530 1131 555 rectum
1159 531 1210 556 est
1240 531 1277 556 ut
1303 526 1509 556 Alexandria
1536 531 1570 556 et
1592 527 1740 558 Alexan·

1003 568 1104 597 drea.-
1130 574 1164 598 et
1188 579 1205 598 e
1234 570 1386 600 Caurwus
1411 568 1590 610 (Cauneas)
1619 570 1738 601 melius

1004 610 1206 650 intelligitur
1227 622 1325 642 omen
1353 615 1442 644 (vave
1463 623 1502 642 ne
1517 614 1583 649 eas)
1603 624 1702 652 quarn
1719 623 1739 644 e

1009 655 1164 685 (lamnas.
1196 656 1247 686 De
1263 657 1343 686 urbe
1358 657 1468 687 Caum
1484 656 1604 696 (lignus
1620 662 1670 688 est
1682 657 1739 696 qui

1004 698 1195 728 conferatur
1215 699 1282 729 Cel.
1300 699 1496 739 wesseling.
1516 700 1558 730 ad
1575 700 1741 732 Hieroclis

1003 740 1244 781 Syrien-denium
1262 753 1294 782 p.
1311 744 1384 773 685.

1051 785 1210 822 Celtiberi,
1239 786 1339 816 Tusc.
1370 786 1404 816 ii.
1435 787 1487 820 27.
1517 786 1630 827 populi
1661 785 1742 818 His-

1003 828 1110 868 paniae
1131 828 1402 866 Tarraconensis,
1419 839 1439 859 a

1051 871 1233 909 Celtiberia,
1259 873 1341 903 Phil.
1364 873 1408 902 xi.
1439 875 1470 903 5.
1497 873 1630 912 regione
1661 873 1741 904 His-

1001 915 1109 954 paniae
1125 915 1392 947 Tarraconensis.

1050 958 1245 999 Centuripoe‚
1263 960 1354 990 Verr.
1378 960 1419 989 iv.
1435 960 1488 993 29.
1507 958 1667 999 oppidum
1691 960 1742 990 Si-

1003 1001 1087 1031 ciliae
1104 1003 1160 1032 xii.
1173 1013 1217 1033 m.
1230 1014 1262 1044 p.
1280 1004 1320 1033 ab
1331 1003 1446 1039 AEtna,
1460 1007 1499 1032 ut
1509 1007 1561 1032 est
1571 1004 1606 1033 in
1622 1003 1741 1035 itiner.

1001 1044 1125 1075 Anton.
1149 1056 1182 1086 p.
1204 1050 1257 1080 9-3.
1302 1047 1364 1076 Sed
1393 1046 1437 1077 ibi
1464 1051 1514 1076 est
1547 1047 1742 1087 Centuripa,

1002 1088 1089 1126 quod
1112 1089 1330 1129 Wesselingio
1354 1095 1513 1120 neutrum
1536 1090 1581 1130 pl.
1597 1090 1741 1122 videtur.

1001 1130 1115 1162 Recte.
1136 1133 1178 1168 (v.
1196 1133 1347 1163 Dorvillii
1364 1132 1476 1164 Sicula
1493 1144 1523 1172 p.
1545 1135 1614 1168 167.
1631 1134 1687 1173 qui
1704 1135 1741 1165 in

994 1174 1086 1214 jugis
1117 1175 1255 1206 AEmaeis
1288 1178 1397 1217 ponit.
1430 1176 1527 1207 hodie
1564 1176 1739 1216 Certolibi.)

1003 1218 1088 1248 Nam
1127 1219 1174 1249 sic
1205 1219 1322 1250 Strabo
1352 1220 1374 1251 l.
1403 1221 1446 1250 vi.
1475 1230 1549 1260 pag.
1579 1223 1654 1255 417.
1688 1221 1742 1252 ed.

1000 1261 1122 1334 sslmel.
1148 1262 1302 1305 κεντόςιπα,
1326 1265 1447 1300 κεῖνται,
1474 1268 1510 1294 et
1538 1265 1585 1295 sic
1608 1265 1742 1305 saepius.

1038 1315 1090 1335 1110

1051 1351 1070 1379 (
1069 1351 1296 1389 entzcviyainus,
1314 1351 1348 1381 in
1363 1350 1480 1381 Verr.
1473 1351 1506 1381 1i.
1523 1354 1576 1383 53.

1050 1393 1134 1429 Ceos,
1158 1394 1200 1424 ad
1230 1394 1301 1424 Att.
1332 1405 1362 1424 v.
1396 1397 1444 1426 12.
1468 1395 1579 1425 insula
1601 1394 1742 1426 celebris

1001 1446 1019 1466 e
1044 1436 1265 1477 Cycladibus3
1304 1438 1428 1469 dicitur
1457 1443 1492 1470 et
1527 1439 1602 1470 Cea.
1632 1439 1746 1480 patria

1003 1480 1194 1510 Simonidis.

1050 1524 1281 1563 cephaleniam,
1312 1524 1346 1554 in
1376 1525 1470 1556 Verr.
1497 1525 1531 1556 ii.
1559 1527 1611 1557 52.
1649 1525 1744 1565 oppi⁴

1001 1567 1080 1597 dum
1098 1568 1228 1598 Siciliae.
1252 1569 1292 1598 de
1309 1569 1454 1599 nominis
1470 1570 1560 1599 varia
1577 1569 1744 1609 scriptura

1001 1616 1035 1640 et
1059 1612 1296 1642 terminatione
1311 1613 1376 1643 vid.
1391 1612 1518 1653 Interp.
1530 1613 1570 1643 ad
1594 1612 1702 1643 Strah.
1720 1612 1744 1644 1.

1000 1655 1042 1684 vi.
1067 1654 1089 1685 1.
1113 1665 1141 1685 c.
1164 1659 1199 1685 et
1213 1655 1411 1696 WVesseling.
1428 1656 1470 1686 ad
1485 1656 1563 1686 Ant.
1579 1656 1622 1687 It.
1639 1666 1671 1697 p.
1688 1658 1743 1691 92.

1002 1697 1091 1728 Hine
1109 1699 1366 1738 &plialeditani‚
1379 1701 1414 1729 in
1426 1699 1518 1730 Verr.
1531 1701 1564 1730 ii.
1579 1701 1632 1731 52.

1050 1742 1248 1780 Ceramicus,
1265 1743 1306 1773 ad
1322 1743 1393 1773 Att.
1409 1743 1430 1773 i.
1449 1746 1497 1773 10.
1510 1743 1602 1773 locus
1614 1742 1745 1774 celeber

1001 1785 1142 1815 Athenis
1167 1786 1301 1826 duplex,
1318 1786 1403 1817 alter
1424 1787 1459 1816 in
1475 1787 1570 1824 urbe,
1587 1786 1672 1816 alter
1686 1797 1744 1817 ex·

1001 1834 1054 1859 tra
1075 1830 1204 1867 urbem,
1222 1831 1315 1869 eujus
1336 1830 1518 1871 saepissime
1541 1830 1630 1870 apud
1650 1829 1743 1860 Grae-

1002 1883 1056 1902 cos
1087 1874 1225 1903 mentio.
1254 1874 1292 1903 de
1319 1878 1461 1913 utroque
1488 1873 1584 1904 docte
1611 1873 1745 1923 scripsit
1774 1890 1779 1894 -

1002 1916 1194 1946 Meursius
1188 1927 1219 1946 in
1239 1917 1349 1947 libello
1362 1917 1403 1947 de
1424 1918 1742 1956 Ceramicogcmino,

1003 1960 1059 1998 qui
1075 1965 1168 1990 extat
1182 1960 1281 1991 T.hes
1298 1958 1500 1991 Gronoviani
1516 1966 1542 1992 t.
1559 1962 1601 1991 iv.

1052 2005 1294 2042 Chalcedonius,
1317 2014 1336 2034 a
1363 2005 1559 2035 Chalcedone
1580 2004 1661 2034 urbe
1686 2003 1743 2034 Bi-

1001 2047 1141 2087 thyniae.
1741 2061 1744 2067 ·

1052 2091 1255 2121 Chalcidicas
1278 2091 1444 2130 Euripus,
1467 2090 1506 2121 de
1528 2090 1608 2122 Nat.
1629 2091 1672 2121 D.
1696 2091 1745 2123 iii.

1007 2137 1055 2164 lo.
1076 2134 1201 2164 fretum
1225 2135 1314 2165 inter
1335 2136 1495 2165 Euboeam
1521 2139 1556 2164 et
1579 2134 1747 2165 Graeciam·

1004 2178 1248 2216 continentem,
1288 2179 1376 2217 quod
1419 2187 1541 2208 nomen
1585 2177 1687 2208 habet
1724 2188 1745 2208 a

1010 2220 1171 2259 Chalcide,
1200 2222 1333 2252 Euboeae
1360 2222 1454 2258 urbe,
1476 2222 1599 2261 septies
1626 2221 1678 2252 die
1705 2231 1745 2251 ae

1006 2272 1102 2295 nocte
1119 2266 1326 2305 reciprocans
1339 2265 1378 2294 de
1391 2265 1517 2304 vulgari
1528 2264 1629 2295 fama.
1657 2265 1747 2296 Plin.

1006 2309 1040 2338 ii.
1056 2313 1109 2342 97.
1148 2309 1239 2339 Mela
1254 2309 1287 2339 ii.
1305 2313 1335 2343 7.
1352 2309 1392 2338 ad
1409 2319 1439 2347 q.
1457 2308 1479 2338 1.
1494 2309 1559 2339 vid.
1588 2307 1747 2339 Vossium

1007 2363 1038 2391 p.
1067 2355 1139 2383 510.
1168 2356 1240 2383 511.
1273 2353 1358 2391 inpr.
1383 2352 1456 2382 Liv.
1482 2352 1593 2383 xxviii.
1624 2353 1655 2383 6.
1686 2352 1744 2390 qui

1006 2395 1095 2425 illius
1106 2396 1183 2426 freti
1195 2401 1350 2426 naturam
1363 2396 1507 2426 breviter
1519 2396 1577 2426 sed
1588 2400 1744 2426 accurate

1007 2439 1174 2469 describit.

1054 2483 1209 2519 Chaonia,
1226 2482 1268 2512 ad
1283 2482 1352 2512 Att.
1369 2482 1411 2513 vi.
1429 2485 1459 2513 3.
1476 2483 1566 2522 regio
1582 2482 1686 2522 Epiri.

1055 2527 1282 2563 ciem-anesus,
1299 2526 1340 2556 ad
1361 2525 1456 2556 Brut.
1474 2528 1504 2557 2.
1521 2530 1572 2556 est
1592 2525 1746 2561 Thracia

1007 2570 1245 2607 Chersonesus,
1262 2570 1350 2599 unde

1056 2614 1299 2649 chem-oneum,
1317 2614 1352 2643 in
1368 2613 1480 2643 Pison.
1497 2615 1548 2644 35.

1055 2658 1278 2693 Chersonesus,
1295 2656 1336 2686 ad
1351 2657 1422 2687 Att.
1438 2656 1481 2687 vi.
1501 2659 1528 2686 l.
1546 2655 1701 2686 Taurica.

1054 2701 1164 2737 Chias,
1181 2699 1291 2730 insula
1305 2700 1464 2737 Asiatica,
1480 2700 1522 2730 ad
1542 2709 1634 2729 oram
1657 2699 1746 2729 ocei-

1007 2744 1189 2781 dentalem,
1227 2744 1261 2773 in
1299 2753 1365 2783 qua
1399 2743 1478 2773 urbs
1511 2743 1745 2784 cognominis;

1006 2788 1095 2818 unde
1118 2788 1200 2824 Chii,
1217 2797 1276 2826 pro
1292 2786 1391 2817 Arch.
1407 2790 1437 2818 8.

1056 2832 1207 2870 Clmyms,
1224 2831 1258 2860 in
1274 2829 1368 2860 Verr.
1390 2830 1432 2861 iv.
1454 2831 1508 2860 44.
1529 2829 1648 2859 fluvius
1664 2828 1748 2859 Sici⁴

1005 2875 1059 2905 liae
1088 2885 1148 2915 per
1183 2873 1418 2904 Assorinorum
1454 2877 1489 2903 et
1519 2872 1746 2913 Agyl-inerum

1006 2928 1124 2958 agrum
1143 2918 1260 2948 fluens.

1056 2962 1186 3002 Cibyra,
1217 2961 1252 2991 in
1282 2959 1378 2993 Verr.
1407 2960 1452 3002 iv.
1487 2962 1538 2991 13.
1572 2958 1748 3011 oppidum,
