1815 3209
244 177 300 214 36

287 273 452 311 AEnmia,
471 272 512 304 ad
534 272 605 304 Att.
636 283 670 303 x.
703 275 753 305 13.
786 273 893 304 insula
918 283 976 313 op·

244 319 354 359 posita
390 318 594 358 Campaniae,
631 327 704 356 quae
735 321 770 348 et
801 317 978 348 Pithecusa

246 362 379 392 dicitur.
425 361 580 391 Bochai-t.
597 360 635 390 G.
653 361 684 391 S.
703 371 733 401 p.
752 361 785 391 ii.
804 360 825 390 l.
840 362 860 391 i.
879 372 909 392 c.
925 364 977 391 33.

247 405 375 435 mavult
392 406 525 436 Eum-ia
547 405 643 435 scribi
665 406 705 435 ab
726 405 889 442 enaribas,
908 405 927 434 i.
948 414 978 434 e.

246 449 363 487 simiis,
375 449 463 489 quod
475 453 508 478 et
520 448 678 478 Salmasio
695 448 858 489 placebat,
871 458 979 487 repre-

245 492 350 523 henso
373 503 392 522 a
415 492 529 522 Vossio
551 492 591 522 ad
609 491 744 528 Melam,
760 502 792 532 p.
818 495 890 525 519.
923 492 978 529 qui

246 546 267 566 a
281 537 400 567 fodinis
422 536 544 566 aerariis
566 535 689 565 dictam
713 539 820 575 putat.
856 535 979 564 Plinius

247 579 291 610 H.
314 579 356 610 Ν.
380 580 427 610 iii.
450 580 480 610 6.
506 589 525 609 a
541 579 661 618 figlinis
684 579 846 609 doliorum
870 579 980 608 Pithe—

246 633 359 654 cusam
377 624 500 653 dictam
517 627 625 662 putat.

288 667 417 704 AEmzs,
441 676 481 696 ex
512 666 641 696 emend.
672 665 818 696 Turnebi
845 665 979 695 Advers.

246 721 300 741 xx.
311 713 362 742 23.
377 721 434 751 pro
447 710 559 740 Flacco
576 712 624 740 14.
640 709 792 739 Thraciae
804 710 880 739 urbs
893 709 980 738 anti-

245 755 416 793 quissima,
436 753 570 783 Homer.
590 752 683 784 Iliad.
699 750 724 782 δ.
742 755 815 784 5⁶20.
832 752 979 789 laudata,

246 798 288 828 ad
299 799 421 828 ostium
439 796 598 826 orientale
612 796 725 826 Hebri.
750 796 845 826 Locis
863 797 901 826 de
919 796 980 826 hac

246 842 327 871 urbe
351 852 370 871 a
393 841 533 870 Cellario
557 840 595 869 G.
613 839 652 869 A.
668 844 694 870 t.
714 841 734 869 i.
760 850 791 880 p.
821 841 912 871 1061.
934 840 979 869 al-

245 885 321 915 latis
345 884 513 914 addendus
530 884 582 913 hic
600 883 695 913 Plinii
715 883 757 913 H.
775 883 817 913 N.
843 885 919 914 xvii.
947 886 978 914 4.

245 929 334 959 Vites
355 927 628 958 aduri-—AEnos
648 928 746 957 sensit
768 928 894 958 admoto
912 927 980 957 He-

245 973 309 1002 bro.
356 972 418 1002 Pro
454 971 549 1002 AEno
584 981 635 1010 ap.
669 970 862 1000 Ciceronem
901 970 979 1000 olim

243 1016 369 1046 lectum
393 1014 508 1051 AEnw,
532 1022 565 1044 et
589 1013 664 1044 inde
693 1014 816 1051 Hoemo,
840 1023 907 1044 non
930 1020 980 1045 est

244 1060 380 1097 mirum,
412 1069 488 1088 cum
520 1058 625 1087 facilis
658 1058 808 1087 confusio
840 1059 894 1088 sit.
942 1057 980 1087 111

243 1103 335 1133 Actis
348 1102 472 1132 concil.
491 1101 744 1141 Constantinop.
758 1101 791 1130 ii.
807 1101 888 1131 Coll.
904 1105 932 1131 8.
948 1112 979 1142 p.

243 1149 318 1178 2240.
335 1146 511 1176 subscribit
528 1144 659 1174 Paullus
676 1146 848 1184 episcopus
859 1144 979 1176 AEmo-

241 1200 331 1227 rum,
354 1199 413 1229 pro
428 1188 621 1221 AEniorum.
652 1198 682 1217 v.
712 1188 907 1228 wesseling.
940 1189 981 1218 ad

243 1232 389 1263 Hierocl.
414 1243 446 1272 p.
471 1234 544 1263 634.
570 1232 625 1262 ubi
649 1231 758 1271 plures
781 1232 821 1262 de
845 1238 980 1263 auctore

241 1278 331 1307 urbis
347 1277 522 1316 scriptores
539 1275 727 1305 laudantur.

286 1320 417 1357 AEolz‘a,
437 1321 526 1359 regio
542 1319 627 1349 Asiae
644 1319 780 1349 minoris
798 1319 979 1357 maritima,

243 1374 316 1404 quae
344 1374 363 1394 a
389 1363 494 1404 Lydia
514 1372 618 1402 usque
646 1363 687 1392 ad
710 1362 979 1402 Hellespontum,

241 1413 343 1447 atque
364 1407 600 1447 Propontidem
617 1406 711 1443 adeo,
729 1406 886 1446 pertinet.

286 1452 406 1491 AEqm',
424 1450 538 1492 populi
554 1449 643 1480 Latii
662 1450 790 1480 Sabinis
808 1456 842 1480 et
863 1450 980 1481 Marsis

242 1495 399 1525 confines.

286 1538 541 1578 :Equimelielm,
569 1536 609 1567 de
636 1535 712 1566 Div.
741 1536 774 1566 ii.
809 1540 858 1570 17.
891 1537 981 1567 locus

242 1582 371 1619 Romae,
388 1582 435 1611 sic
452 1581 574 1616 dictus,
591 1580 679 1619 quod
695 1580 789 1610 Melii
805 1580 923 1611 domus
936 1582 980 1612 ibi

243 1630 375 1664 aequata
391 1625 459 1655 solo
475 1629 536 1654 est.
561 1623 632 1654 Liv.
650 1624 693 1653 ir.
715 1625 763 1655 16.

286 1669 463 1705 AEsemia,
479 1668 544 1698 vid.
565 1667 720 1698 Eserm'a.

286 1713 478 1749 AEtnenses,
498 1712 532 1741 in
555 1711 649 1741 Verr.
673 1711 720 1740 iii.
748 1713 796 1742 18.
822 1710 864 1740 ad
886 1721 980 1741 mon—

240 1762 311 1786 tem
338 1757 486 1792 AEtnam,
511 1754 624 1795 populi
650 1755 739 1784 urbis
766 1754 895 1785 ,Enna
924 1755 980 1785 Gr.

242 1800 377 1836 ιῖτνιιῖοι,
394 1800 449 1838 qui
473 1805 653 1828 occurrunt
668 1798 702 1828 in
723 1799 844 1828 numis.
869 1808 899 1828 v.
917 1799 982 1828 Go-

230 1843 337 1873 ⁷tham
357 1843 495 1873 Numar.
514 1853 544 1871 V.
561 1846 592 1872 4.

286 1886 431 1923 AEtolia‚
456 1896 531 1925 pars
557 1885 694 1915 Graeciae
724 1885 812 1914 inter
838 1884 982 1915 Acarna-

244 1931 335 1960 niam
358 1936 394 1968 et-
417 1930 537 1959 Locrin
559 1934 593 1959 et
617 1930 727 1959 sinum
744 1928 981 1967 Corinthium3

244 1974 333 2004 unde
349 1973 470 2005 AEtolz'.

288 2018 463 2055 Ago-ensis
479 2026 568 2055 ager,
586 2016 642 2045 Or.
661 2015 700 2045 de
718 2014 798 2055 Leg.
816 2015 930 2053 Agrar.
947 2015 981 2046 ii.

248 2063 297 2095 19.
317 2062 350 2090 in
367 2061 451 2090 Asiae
474 2061 607 2099 regione
623 2059 700 2097 fuit,
718 2070 791 2097 quae
812 2069 831 2088 a
851 2059 885 2088 P.
910 2059 982 2088 Ser-

243 2104 324 2134 vilio
356 2104 501 2134 Isaurico
532 2104 671 2143 imperio
700 2103 797 2133 Rom.
825 2102 984 2140 adjuncta

246 2151 322 2185 est3
361 2148 387 2177 si
419 2148 552 2186 quidem
584 2156 664 2176 sana
695 2146 794 2176 lectio
829 2154 889 2176 est.
927 2145 984 2176 sed

245 2190 434 2229 Turnebus,
453 2191 600 2220 Graevius
624 2190 744 2228 aliique
766 2190 830 2228 legi
846 2189 982 2220 volunt:

250 2234 495 2272 ,sagalassensis
514 2234 565 2264 vel
587 2234 825 2272 AgaMssmsz‘s,
844 2243 864 2263 a
885 2234 984 2272 Saga-

232 2277 345 2315 ·lasso,
363 2279 442 2308 urbe
460 2278 602 2314 Pisidiae,
621 2278 654 2307 in
666 2287 706 2307 ea
721 2278 867 2316 regione,
884 2287 984 2316 quam

245 2321 308 2351 sub
324 2322 420 2351 Rom.
437 2326 639 2361 potestatem
655 2320 810 2350 Servilius
824 2320 962 2359 redegit.

292 2365 498 2403 Agragianoe
514 2375 539 2393 s.
550 2365 748 2402 Aeragianoe
757 2368 871 2403 portaf,
883 2363 983 2395 Tusc.

248 2418 279 2437 v.
304 2411 355 2439 ⁶23.
381 2415 484 2448 portae
508 2408 756 2448 Syracusarum,
778 2417 850 2446 quae
874 2408 985 2438 immi-

250 2452 374 2481 nebant
397 2453 471 2489 viae,
504 2461 576 2490 quae
604 2451 823 2490 Agrigentum
845 2451 983 2482 ferebat.

249 2495 429 2525 Dor-villius
453 2495 493 2524 ad
518 2495 644 2524 Charit.
662 2505 693 2534 p.
715 2498 785 2529 193.
803 2500 914 2534 putat,
931 2505 985 2523 ve-

249 2548 325 2570 rum
343 2548 412 2567 esse
429 2539 638 2576 Aehradinoe,
655 2538 707 2567 vel
723 2539 976 2576 Agragantinae.

292 2583 526 2620 Agrigentmn‚
544 2582 577 2611 in
600 2581 692 2611 verr.
714 2581 769 2611 lib.
793 2582 826 2611 ii.
851 2582 904 2612 26.
927 2592 986 2622 op-

249 2626 365 2666 pidum
390 2625 522 2661 Siciliae,
547 2626 580 2654 in
604 2625 773 2654 maritima
794 2634 853 2654 ora
875 2634 985 2655 versus

249 2669 434 2698 meridiem.
462 2669 596 2698 Dicitur
606 2669 758 2707 Amr-‘gas
769 2673 803 2698 et
814 2669 985 2707 Agragas,

249 2712 288 2743 de
307 2712 432 2741 Graeco.
466 2712 544 2751 Ejus
561 2712 648 2741 urbis
665 2712 914 2742 accuratissima
930 2712 986 2741 de-

249 2756 386 2795 scriptio
410 2760 458 2784 est
484 2766 536 2794 ap.
555 2755 727 2795 Polybium
748 2755 770 2785 l.
790 2755 833 2785 ix.
858 2765 890 2796 p.
910 2759 985 2791 779.

249 2799 301 2829 ed.
319 2799 375 2828 Gr.
409 2799 504 2828 Unde

291 2843 517 2880 Agrigentini,
536 2842 569 2870 in
585 2841 679 2872 Verr.
697 2841 717 2871 l.
737 2842 771 2872 ii.
789 2845 841 2873 50.

293 2887 441 2924 Agrone,
468 2886 503 2915 in
536 2885 599 2915 Pis.
627 2895 656 2915 c.
685 2888 737 2919 37.
764 2890 843 2915 sunt
875 2885 987 2924 populi

234 2928 437 2967 ‘Thessaliae
489 2928 551 2957 Sed
587 2938 646 2968 pro
678 2928 762 2958 Gen.
780 2930 988 2967 Agrinarum

247 2971 403 3003 Turnebo
418 2972 608 3011 Agrianum
623 2971 747 3014 placet,
761 2973 853 3012 cnjus
879 2981 986 3012 popu-

753 182 895 211 INDEX
927 182 1293 213 GEOGRAPHICUS.

1021 271 1044 304 li
1068 274 1193 304 mentio
1216 273 1365 314 ap.,Liv.
1390 275 1500 306 xxviii.
1519 279 1549 308 5.
1570 277 1626 309 ubi
1650 288 1681 309 v.
1705 279 1754 310 81,

1022 326 1097 355 gon.
1115 322 1149 347 et
1165 318 1266 348 Grou.
1284 319 1364 348 item
1383 319 1422 348 ad
1440 321 1551 350 xxxiii.
1566 324 1614 353 18.
1631 323 1755 361 Agria-

1020 370 1097 390 rum
1113 361 1259 398 mallem,
1277 363 1302 391 si
1320 363 1398 401 quid
1421 364 1631 395 mutandum.
1666 366 1754 396 Nam

1021 405 1155 443 propius
1187 405 1312 435 accedit
1346 406 1386 435 ad
1422 406 1609 446 vulgatum,
1641 415 1675 439 et
1706 415 1758 440 est

1022 447 1109 476 idem
1126 448 1278 487 populus.
1296 459 1326 478 v.
1343 450 1501 490 Stephan.
1518 451 1551 480 in
1568 451 1680 493 ἄγριαι.

1064 491 1240 529 Agyrium,
1265 493 1298 522 in
1322 493 1413 523 Verr.
1443 494 1487 524 iii.
1515 496 1568 528 27.
1596 495 1755 535 oppidum

1022 534 1139 563 Siciliae
1158 544 1257 574 prope
1275 536 1306 565 11.
1324 536 1541 576 Syiuaethuni.

1063 578 1290 616 Agyrinensis,
1308 581 1342 609 in
1359 580 1450 610 Verr.
1468 581 1501 610 ii.
1518 585 1549 616 9.
1568 581 1614 611 iii.
1636 583 1684 612 18.
1696 581 1757 611 ἃς.

1064 621 1287 659 Alabandum,
1300 633 1325 652 s.
1343 625 1546 661 Alabandus,
1560 625 1598 654 de
1616 624 1694 654 Nat.
1713 625 1757 655 D.

1022 664 1068 694 iii.
1095 667 1143 694 14.
1169 666 1245 695 urbs
1269 666 1374 697 Cariae
1396 677 1498 708 prope
1523 670 1647 698 flumen
1673 667 1756 698 Μω-

1022 708 1174 737 andrum.
1207 708 1302 739 Unde

1065 752 1275 789 Alabmzdeis,
1292 753 1333 783 ad
1356 753 1432 784 Div.
1456 755 1524 785 xiii.
1549 764 1601 794 ep.
1626 755 1678 786 56.
1702 756 1759 793 qn'i

1021 800 1070 824 est
1088 795 1223 828 pluralis
1239 796 1373 827 Graecus
1389 808 1427 827 ex
1441 798 1650 828 Alabandeus
1666 798 1758 835 ζαὶλα-

1022 835 1146 877 ξανδεὺς)
1173 840 1260 878 quod
1282 846 1334 870 est
1359 841 1392 870 in
1418 840 1514 871 Brut.
1532 845 1597 880 953
1625 851 1664 871 ex
1692 851 1759 880 quo

1022 882 1107 911 male
1124 883 1256 921 quidam
1277 884 1382 914 fecere
1399 885 1638 915 Alabandoeus:
1660 885 1758 924 item,

1021 926 1274 957 Alabandenses.

1064 969 1161 1007 Alba,
1186 971 1227 1000 ad
1249 971 1319 1001 Att.
1344 972 1411 1001 viii.
1439 973 1488 1002 12.
1513 975 1563 1001 est
1585 970 1670 1001 Alba
1694 970 1759 1001 Fu-

1021 1013 1140 1050 centis,
1175 1014 1216 1043 ad
1254 1014 1380 1044 Lacum
1415 1015 1590 1052 Fucinum,
1629 1015 1761 1046 colonia

1022 1054 1117 1085 Rom.
1142 1057 1176 1086 in
1196 1057 1325 1088 Marsis.
1372 1059 1459 1089 Nam
1477 1069 1516 1088 ea
1531 1064 1581 1089 est
1601 1068 1666 1088 non
1684 1068 1759 1098 pro-

1022 1099 1076 1128 cul
1092 1099 1262 1139 Sulmone,
1280 1103 1331 1131 cui
1349 1102 1370 1131 1.
1389 1113 1417 1132 c.
1435 1113 1454 1132 a
1470 1102 1628 1132 Cicerone
1643 1103 1759 1142 jungi-

1021 1149 1088 1172 tur.
1107 1144 1192 1173 eonf.
1210 1145 1252 1174 ix.
1271 1146 1303 1176 6.
1319 1150 1353 1175 et
1370 1146 1413 1176 ibi
1431 1146 1572 1187 Malasp.

1064 1187 1207 1224 Albana,
1225 1188 1281 1218 Or.
1307 1199 1366 1228 pro
1397 1189 1468 1229 lege
1498 1189 1613 1229 Agrar.
1641 1189 1676 1218 ii.
1703 1192 1757 1220 34.

1021 1230 1125 1267 vicus,
1139 1230 1190 1261 vel
1204 1231 1314 1262 forum
1326 1232 1461 1272 Capuoe,
1476 1233 1531 1264 ubi
1543 1232 1759 1272 unguentarii

1021 1274 1152 1303 venales
1170 1285 1294 1305 merces
1311 1276 1488 1307 habebant.

1064 1318 1195 1348 Albana
1229 1329 1326 1358 aqua,
1365 1319 1404 1349 (le
1441 1320 1517 1351 Div.
1555 1321 1578 1350 i.
1616 1322 1669 1351 44.
1708 1322 1761 1350 est

1021 1359 1111 1391 lacus
1143 1361 1287 1393 Albanus
1319 1364 1353 1393 in
1385 1363 1482 1394 Latio
1506 1373 1608 1404 prope
1640 1362 1758 1393 Albam

1022 1403 1171 1477 Ifiongam
1196 1407 1236 1435 ab
1258 1406 1399 1437 Ascanio
1423 1408 1604 1445 conditam,
1629 1407 1669 1437 de
1692 1416 1759 1446 qua

1052 1449 1093 1478 iv,
1112 1449 1134 1478 i.
1152 1452 1181 1480 3.

1065 1493 1244 1530 Albanum,
1268 1492 1310 1522 ad
1340 1493 1411 1524 Att.
1443 1495 1486 1524 iv.
1517 1496 1566 1524 11.
1595 1493 1758 1534 praedium

1022 1534 1170 1575 Pompeii
1193 1537 1228 1565 in
1244 1546 1323 1575 agro
1343 1547 1444 1578 prope
1460 1538 1577 1568 Albam
1597 1537 1760 1577 Longam.

1065 1579 1212 1609 Albanus
1230 1590 1338 1618 mons,
1362 1590 1483 1611 nomen
1500 1581 1599 1611 habet
1623 1581 1663 1611 ab
1679 1580 1762 1610 Alba

1022 1621 1130 1662 longa.
1170 1622 1209 1652 In
1226 1634 1264 1653 eo
1281 1626 1458 1662 quotannis
1474 1625 1565 1655 feriae
1581 1625 1695 1654 latinae
1708 1635 1761 1654 ce-

1022 1665 1235 1696 lebrabantur
1250 1677 1271 1697 a
1281 1667 1377 1698 Rom.
1391 1673 1425 1698 et
1441 1668 1572 1698 Latinis
1587 1669 1622 1698 in
1634 1677 1759 1698 memo·

1022 1710 1106 1739 riam
1126 1710 1269 1748 foederis,
1286 1711 1363 1740 olim
1389 1712 1478 1742 inter
1499 1722 1554 1742 eos
1577 1712 1648 1742 icti.
1695 1711 1761 1741 Cu-

1023 1754 1108 1783 ratio
1138 1755 1222 1784 sacri
1259 1761 1331 1784 erat
1365 1755 1560 1785 Consulum.
1606 1755 1680 1785 vide
1719 1754 1760 1784 (le

1024 1797 1100 1826 Div.
1117 1796 1138 1826 l.
1156 1798 1178 1827 i.
1199 1801 1247 1828 ll.
1271 1808 1330 1838 pro
1357 1799 1482 1829 Milone
1498 1800 1620 1830 Albani
1642 1799 1764 1829 tumuli

1024 1840 1194 1870 dicuntur.

1067 1885 1215 1914 Albanus
1231 1887 1333 1922 lacus,
1351 1885 1392 1915 de
1409 1886 1484 1916 Div.
1502 1886 1523 1916 i.
1541 1889 1594 1918 44.

1066 1928 1231 1965 Albenses,
1249 1930 1290 1959 ad
1306 1929 1454 1959 Herenn.
1478 1930 1512 1960 ii.
1529 1932 1581 1961 23.
1601 1929 1705 1960 Varro
1722 1929 1762 1959 de

1024 1970 1062 2000 L.
1082 1971 1119 2001 L.
1137 1972 1192 2001 vii.
1205 1983 1237 2012 p.
1257 1983 1300 2002 m.
1318 1976 1370 2007 91.
1393 1974 1474 2003 Cam
1491 1974 1563 2004 duce
1578 1974 1644 2003 sint
1659 1974 1762 2010 Alban,

1024 2015 1066 2044 ab
1090 2025 1156 2044 una
1179 2017 1333 2046 dicuntur
1355 2017 1488 2053 Albani,
1511 2018 1552 2047 ab
1574 2018 1682 2047 altera
1705 2017 1765 2048 Ac-

1026 2059 1152 2096 benses3
1171 2069 1290 2099 nempe
1308 2060 1348 2090 ab
1364 2070 1416 2098 ea,
1434 2070 1507 2099 quae
1529 2065 1582 2091 est
1597 2061 1640 2091 ad
1651 2061 1762 2095 lacum

1026 2101 1201 2132 Fucinum.

1068 2146 1255 2183 Alentz'nm,
1273 2146 1338 2188 vigi.
1358 2146 1570 2178 Halentinus.

1070 2189 1248 2227 Aletressnus,
1266 2190 1323 2220 Or.
1340 2200 1399 2230 pro
1421 2190 1554 2221 Cluent.
1575 2191 1624 2222 16.
1643 2191 1683 2222 ab
1706 2202 1765 2232 op-

1026 2232 1103 2273 pido
1120 2233 1244 2262 Aletrio
1260 2232 1348 2263 Latii
1366 2235 1400 2263 in
1418 2233 1582 2264 Hernicis.

1068 2277 1271 2314 Aletriensz‘s,
1289 2287 1348 2317 pro
1364 2277 1463 2307 Corn.
1480 2277 1574 2308 Balb.

1069 2321 1289 2358 Alei-andria,
1306 2320 1408 2350 Acad.
1431 2321 1473 2350 iv.
1489 2325 1521 2352 4.
1544 2327 1596 2352 est
1617 2321 1766 2353 Asiatica

1026 2364 1062 2393 in
1076 2363 1217 2393 Troade.
1504 2394 1506 2397 ,

1070 2407 1207 2445 Algida,
1229 2406 1286 2436 Or.
1313 2409 1366 2437 45.
1389 2410 1480 2437 terra
1505 2407 1593 2438 circa
1607 2407 1764 2448 Algidum

1028 2456 1177 2481 montem
1195 2455 1229 2480 et
1243 2450 1360 2480 urbem
1377 2451 1410 2479 iu
1427 2449 1535 2481 Latio.

1070 2494 1227 2534 Alffiznus
1258 2503 1348 2533 ager,
1375 2494 1432 2524 Or.
1467 2495 1506 2523 de
1539 2494 1618 2534 Leg.
1649 2493 1765 2533 Agrar.

1028 2537 1116 2567 circa
1130 2537 1245 2574 Alifas,
1262 2537 1419 2576 oppidum
1445 2537 1660 2575 Samnitium,
1677 2538 1766 2569 inter

1026 2580 1209 2611 Venafrum
1229 2585 1263 2610 et
1280 2580 1392 2610 Sabati
1411 2582 1650 2619 confluentem,
1667 2591 1768 2622 supra

1016 2624 1144 2655 -laevam
1161 2623 1319 2654 Vulturni
1336 2624 1453 2664 ripam.

1070 2668 1241 2707 Aliphera,
1259 2668 1301 2697 ad
1315 2667 1387 2697 Att.
1400 2669 1484 2700 vi.2.
1501 2668 1578 2698 urbs
1595 2668 1767 2700 maritima

1027 2710 1171 2741 Achaiae.

1072 2755 1222 2792 Anienis,
1239 2753 1280 2783 ad
1296 2753 1366 2783 Att.
1383 2754 1427 2784 ix.
1446 2757 1476 2785 5.
1494 2754 1535 2784 ab
1551 2753 1636 2784 Allia
1651 2754 1765 2792 fluvio,

1029 2797 1070 2828 ad
1081 2808 1180 2837 quem
1197 2797 1310 2827 infelix
1327 2807 1404 2827 eum
1421 2797 1523 2828 Gallis
1539 2807 1653 2837 pugna
1662 2797 1765 2832 facta.

1029 2841 1069 2871 de
1093 2851 1158 2880 qua
1172 2841 1245 2871 Liv.
1262 2840 1283 2870 l.
1300 2850 1332 2870 v.
1348 2843 1400 2871 33.
1418 2841 1506 2871 unde
1526 2842 1686 2872 Aurenses
1701 2842 1769 2872 dies

1029 2885 1109 2915 dicti
1126 2884 1286 2922 infelices,
1303 2884 1434 2914 nefasti.

1072 2929 1271 2966 Allobroges,
1295 2927 1408 2967 populi
1430 2926 1546 2957 Galliae
1569 2925 1766 2958 Narbonen-

1027 2972 1094 3003 sis:
1119 2981 1262 3012 quorum
1277 2975 1379 3013 caput
1401 2972 1544 3002 Genava.
