1800 3131
96 96 179 141 266

100 199 222 232 nifeste
238 203 356 231 contra
369 201 432 237 est,
447 201 483 230 et
501 199 545 230 ibi
561 199 721 240 despicere
737 200 829 231 illam

101 245 257 276 deorsum
273 243 444 284 spectandi
459 244 524 273 vim
536 244 648 274 habet.
671 244 710 274 de
727 244 832 275 altero

102 298 145 319 ex
159 289 202 319 iv.
231 288 271 318 de
295 287 366 318 Fan.
384 297 460 317 mox
483 287 644 318 dicemus.
674 289 708 318 in
732 289 832 318 tertio

102 342 143 362 ex
170 332 307 362 Sueton.
336 331 461 361 Neron.
492 333 541 366 19.
578 334 629 362 est
654 330 832 371 dispicere:

103 375 192 415 quod
208 385 228 405 a
239 375 397 416 despicere
411 374 534 411 differt,
551 381 589 404 ut
609 385 668 405 suo
691 374 763 405 loco
779 374 835 404 do-

105 419 268 456 cebimus,
302 427 410 458 neque
445 417 528 448 adeo
566 418 632 448 huc
667 419 832 457 pertinet:

105 471 310 502 quamquam
338 462 392 492 hic
417 465 552 492 tantum
579 468 630 491 est
658 470 834 500 operarum

103 506 197 536 vitio.
234 515 312 536 nam
336 505 486 536 Graevius
512 504 634 535 voluit:
666 505 835 544 despicere,

102 553 144 580 ut
159 554 211 580 est
226 550 260 579 in
277 550 348 589 ejus
363 549 535 579 Suetonio.
573 547 637 578 Se'd
652 548 697 577 ibi
713 548 836 577 rectius

103 592 228 632 legitur
243 592 417 632 dispicere,
429 601 505 622 cuni
520 590 630 621 Celeb.
641 591 837 620 Burmanno

103 641 140 667 et
156 637 240 667 aliis.
284 636 456 676 Despieere
472 635 504 665 h.
522 634 544 664 l.
561 633 648 664 idem
669 638 733 671 est,
750 634 838 672 quod

105 679 180 710 aliis
194 680 275 710 locis
293 679 409 709 Cicero
426 679 521 708 dicit:
547 677 688 717 dejicere
699 677 812 707 oculos
826 689 836 716 ;

106 724 195 762 quod
217 723 359 758 faciunt,
384 722 439 760 qui
469 721 568 750 alicui
592 721 639 750 rei
663 720 836 751 attendere

105 767 274 797 desinunt.
304 776 333 795 v.
352 765 503 804 dejicere.
527 764 546 782 *⁴
559 764 629 794 Fin.
644 765 687 794 iv.
704 766 757 795 23.
783 773 837 794 ca-

104 810 183 848 tuli,
207 810 262 848 qui
281 809 352 847 jam
377 808 558 848 despecturi
582 812 674 844 sunt,
691 808 771 838 caeci
794 817 838 838 εε-

107 863 171 893 que
188 858 223 883 et
242 853 265 888 ii
289 852 345 891 qui
370 852 468 881 modo
491 852 572 881 nati.
603 851 683 881 ibid.
701 853 753 882 24.
784 861 838 881 ca-

104 896 170 927 tuli
186 906 279 935 aeque
295 895 375 925 caeci
399 895 592 935 priusquam
612 895 837 934 despexerunt.

107 940 172 971 Sed
187 945 261 979 post
275 938 478 969 Lambinum
497 938 653 969 Davisius
678 942 768 968 recte
791 939 838 967 vi-

104 984 156 1014 dit
171 983 349 1022 legendum
366 991 436 1011 esse
451 985 487 1011 et
506 982 654 1021 reposuit
671 981 839 1021 dispectu-

104 1029 146 1065 ri,
170 1031 205 1057 et
226 1026 460 1066 dispexerunt:
491 1025 532 1055 de
556 1035 621 1064 quo
643 1025 742 1055 verbo
765 1028 841 1064 post

106 1071 249 1101 dicetur.
292 1069 401 1100 Verba
423 1069 522 1108 hujus
546 1069 676 1108 generis
699 1068 840 1098 consun-

106 1115 153 1152 di,
171 1123 248 1144 cum
273 1113 313 1143 ab
332 1113 586 1153 interpretibus,
600 1117 677 1142 tuin
700 1122 721 1142 a
741 1111 841 1142 libra-

108 1159 179 1196 riis,
195 1157 410 1188 notissimum
433 1160 494 1186 est.
540 1156 595 1186 Sic
618 1155 767 1195 degredi,
791 1156 840 1186 di-

109 1201 216 1241 gredi,
240 1201 461 1239 destringere,
488 1199 688 1239 distringere
717 1200 778 1230 &c.
809 1209 840 1230 v.

108 1246 295 1277 Burmann.
311 1244 353 1275 ad
369 1245 507 1274 Sueton.
523 1242 649 1274 Neron.
665 1243 687 1273 1.
704 1253 733 1272 c.

152 1289 387 1329 Despicienci'a.
415 1288 480 1318 Off.
498 1287 532 1316 ii.
552 1289 602 1317 ll.
632 1287 842 1325 despicientia

109 1333 232 1363 animi:
266 1331 301 1362 h.
326 1342 356 1361 e.
383 1340 457 1370 quae
483 1334 535 1361 est
560 1330 596 1361 in
622 1330 748 1369 animo,
776 1340 842 1370 qua

109 1377 218 1407 utitur
235 1375 378 1405 animus.

154 1418 374 1459 Despomlere,
425 1416 618 1458 spondendo
669 1416 839 1458 polliceri:

110 1463 201 1494 unde
216 1462 300 1492 filios
317 1466 353 1492 et
368 1460 455 1492 filias
467 1460 671 1502 despondere
688 1464 842 1501 parentes

111 1507 283 1543 dicuntur,
314 1506 393 1545 quia
421 1505 636 1544 interrogati:
675 1505 840 1544 spondes?

110 1550 331 1591 respondent:
351 1549 510 1589 spondeo.
532 1549 589 1578 sed
606 1548 774 1587 singulare
791 1555 843 1580 est

109 1605 164 1635 ap.
182 1593 323 1624 Coelium
346 1592 390 1623 ad
409 1593 486 1624 Div.
501 1593 569 1623 viii.
584 1596 615 1627 7.
639 1591 679 1621 de
702 1601 840 1632 sponso:

112 1638 305 1677 despondere
329 1636 392 1667 sibi
417 1636 522 1666 filiam
549 1636 696 1666 alterius.
727 1638 747 1657 ²*
763 1635 843 1666 hine

111 1682 156 1712 ad
176 1681 242 1711 alia
262 1680 464 1718 traducitur,
486 1679 555 1709 fere
577 1689 637 1719 pro
661 1678 841 1709 destinare.

110 1726 183 1756 Att.
214 1725 259 1755 xi.
283 1725 314 1755 6.
351 1724 391 1754 L.
415 1722 581 1754 Lentulus
611 1723 674 1753 sibi
704 1722 843 1753 Caesaris

111 1768 226 1800 hortos
249 1770 284 1799 et
304 1767 402 1798 Baias
424 1767 654 1807 desponderat.-
683 1766 706 1796 i.
728 1776 759 1797 e.
781 1766 843 1796 sibi

110 1816 230 1853 pactus
246 1815 332 1848 erat,
348 1815 408 1842 aut
429 1815 518 1841 certe
541 1813 741 1850 speraverat,
755 1810 843 1840 victo

106 1856 256 1893 ‘Caesare,
269 1865 289 1885 a
305 1855 462 1894 Pompeio
478 1854 606 1894 praemii
622 1853 694 1883 loco
710 1853 771 1884 sibi
787 1853 845 1883 de-

110 1899 304 1929 stinaverat.
334 1898 411 1928 ibid.
427 1899 496 1928 xiii.
518 1899 565 1928 12.
596 1897 689 1927 illam
712 1896 783 1939 περὶ
797 1909 846 1927 τι-

113 1943 171 1973 aim
191 1941 322 1981 σύνταξιν
343 1942 449 1973 Bruto
470 1942 710 1981 despondimuae
743 1941 847 1971 desti-

113 1987 266 2016 navimus
283 1986 461 2016 inscribere
484 1985 600 2015 Bruto.
630 1985 673 2014 ad
695 1984 770 2015 Div.
788 1984 846 2014 xii.

111 2034 144 2064 9.
177 2029 248 2060 haee
265 2039 338 2070 spes
354 2029 567 2069 despondetur
582 2038 669 2059 anno
693 2027 848 2058 consula-

111 2077 169 2103 tus
185 2074 259 2112 tui;
283 2083 399 2103 omnes
415 2076 550 2112 putant,
562 2077 597 2102 te
612 2073 749 2102 demum
766 2081 845 2101 con-

113 2117 197 2154 sule,
212 2117 279 2147 tale
297 2117 376 2156 quid
392 2117 517 2156 sperari
532 2126 638 2157 posse.

156 2160 353 2201 Desponsus,
366 2160 566 2198 destinatus,
578 2162 739 2200 speratus.
763 2157 845 2189 Har.

112 2203 213 2244 Resp.
230 2208 261 2235 3.
290 2205 478 2243 desponsam
499 2209 535 2234 et
557 2203 759 2233 destinatam
774 2201 846 2232 lau-

114 2247 193 2278 dem
215 2247 316 2278 alicui
340 2248 528 2287 praeripere.
558 2247 653 2277 Prov.
675 2246 774 2276 Cons.
796 2249 844 2276 15.

113 2296 155 2321 ut
170 2291 373 2331 provinciam
386 2291 584 2331 desponsam,
597 2300 665 2320 non
676 2290 845 2320 decretam

114 2334 235 2365 habere
258 2335 419 2364 videatur.
449 2334 520 2364 Att.
541 2335 561 2364 i.
581 2335 630 2365 16.
660 2333 846 2374 desponsam

115 2378 245 2409 homini
254 2378 327 2416 jani
344 2379 471 2418 Syriam
488 2378 608 2408 ademi.

160 2421 364 2453 Destinatus.
393 2422 494 2452 Tusc.
515 2422 547 2452 ii.
572 2423 603 2452 2.
633 2421 730 2451 certis
753 2420 846 2451 desdi-

114 2467 263 2505 natisque
277 2466 452 2496 sententiis
469 2465 603 2495 addicti.

159 2509 324 2546 Destituo,
340 2510 518 2539 constituo.
545 2508 639 2539 verr.
655 2508 700 2538 iii.
718 2507 770 2538 26.
794 2507 847 2538 de-

116 2553 209 2584 stimi
224 2552 304 2582 alios
320 2553 354 2581 in
371 2553 530 2582 convivio.
561 2552 626 2582 Sed
642 2552 730 2581 inest
745 2551 848 2590 signi-

116 2595 230 2627 ficatio
246 2596 469 2626 contumeliae.
496 2596 589 2626 Verr.
605 2606 634 2625 ν.
651 2597 704 2626 42.
738 2594 846 2624 nudus

117 2649 213 2680 paene
229 2644 279 2669 est
295 2640 475 2669 destitutus.
502 2650 531 2668 v.
548 2639 655 2668 GraeV.
673 2638 715 2668 ad
729 2639 790 2677 Ep.
807 2638 847 2668 ad

117 2683 195 2714 Div.
213 2683 257 2712 ix.
275 2684 327 2713 ⁶22.
368 2682 458 2712 Hinc
474 2687 525 2712 est
540 2683 572 2712 in
590 2692 688 2712 sensu
704 2682 848 2711 obsceno

117 2727 160 2757 ad
174 2727 250 2756 Div.
266 2725 288 2755 l.
306 2736 334 2756 c.
352 2726 400 2756 ita
414 2727 558 2756 destituit
575 2736 627 2755 nie
644 2725 786 2762 nudum,
802 2734 847 2755 sc.

119 2769 361 2809 comprimendi
391 2779 500 2799 causa.
530 2780 559 2799 v.
591 2770 626 2799 in
657 2769 850 2799 destitutus.

118 2816 316 2853 *exponere
346 2812 492 2851 aliquem
518 2813 687 2852 periculis,
713 2812 848 2842 alterius

114 2857 276 2897 ¹potestati
305 2856 487 2886 obnoxium
517 2856 665 2885 reddere.
705 2855 789 2886 Phil.
818 2866 848 2886 v.

122 2902 170 2932 12.
210 2900 265 2940 qui
290 2909 331 2930 ne
353 2900 436 2931 sorti
458 2899 592 2939 quidem
615 2899 767 2931 fortunas
792 2908 847 2930 no-

616 111 762 140 INDEX
791 110 1087 142 LATlNl'rA‘rfs.

875 206 959 233 sti-as
975 202 1131 238 destituit,
1146 199 1205 231 sed
1226 199 1354 231 libidini
1370 197 1530 241 cujusque
1545 197 1619 231 aa·

876 245 1012 276 addicit.
1056 245 1133 276 Non
1156 248 1241 282 erat,
1258 254 1359 284 quare
1383 244 1530 275 Graevius
1549 243 1607 274 de·-

876 289 1015 319 stinavit
1050 288 1188 327 legeret.
1232 298 1261 317 v.
1292 287 1484 318 destitutus.
1527 286 1608 319 Scil.

877 342 927 362 res
959 331 1166 369 destituitur,
1189 332 1326 371 ponitur
1354 332 1390 361 in
1420 330 1542 368 medio,
1566 330 1607 360 de

877 385 944 414 qua
963 376 1094 405 sortitio
1117 376 1169 412 fit,
1194 380 1232 405 ut
1254 375 1351 405 cedat
1373 374 1418 412 ei,
1441 374 1495 404 cui
1518 376 1610 404 sorte

877 418 1023 448 obvenit.
1047 417 1067 437 ⁴⁹
1078 418 1277 458 relinquere,
1292 419 1453 449 deserere.
1474 418 1545 448 Att.
1560 416 1609 448 iii.

881 464 931 492 15.
961 461 1092 491 Italiam
1110 463 1145 492 in
1165 472 1218 492 me
1241 467 1402 499 erectam,
1417 461 1547 492 destitui
1569 469 1608 490 ac

877 504 1008 542 reliqui.
1053 504 1236 545 *decipere
1265 505 1447 546 promissis,
1476 503 1606 541 fallere,

879 548 1030 588 inprimis
1057 547 1091 577 in
1116 558 1151 578 re
1177 550 1380 588 pecuniaria,
1406 558 1484 578 cum
1509 547 1610 577 alicui

879 591 1108 630 promittimus
1139 592 1330 632 pecuniam,
1357 591 1478 622 deinde
1509 600 1610 630 nega-

880 644 954 664 mus
971 634 1117 664 daturos.
1141 644 1172 665 v.
1188 635 1379 666 destitutus.
1407 634 1540 665 Cluent.
1556 635 1609 666 26.

880 679 1032 716 queritur
1060 687 1094 707 se
1132 678 1173 708 ab
1202 679 1388 718 Oppianico
1416 679 1611 709 destitutum

880 731 961 751 csse.
991 721 1087 752 Rosc.
1104 721 1179 751 Am.
1196 724 1249 752 40.
1278 722 1416 752 Roscius
1438 723 1543 752 socios
1557 722 1608 752 in-

879 765 990 802 duxit,
1020 765 1165 805 decepit,
1194 765 1348 796 destituit.
1387 765 1428 795 ef.
1459 765 1544 795 Phil.
1575 765 1612 795 ii.

880 811 934 840 38.

924 851 1112 889 Destitutio,
1129 853 1164 882 in
1187 862 1222 882 re
1242 851 1437 892 pecuniaria
1452 854 1516 889 est,
1532 861 1619 882 cum.

881 894 999 934 aliquis
1024 897 1215 935 pecuniam,
1239 905 1337 934 quam
1362 894 1530 934 pollicitus
1561 899 1613 925 est

880 948 915 968 se
939 938 1110 977 daturum,
1134 948 1202 969 non
1226 938 1293 968 dat.
1323 938 1439 977 Quint.
1466 938 1517 969 16.
1547 937 1611 968 hac

879 983 1083 1012 deslitutioue
1108 982 1280 1023 perculsus
1305 982 1367 1012 &aa
1403 982 1444 1012 cf.
1468 992 1497 1012 c.
1523 984 1554 1013 5.
1577 985 1613 1012 et

883 1025 1018 1056 Ciuent.
1034 1026 1086 1057 26.

925 1068 1126 1106 Destinatus,
1142 1068 1306 1099 desertus.
1333 1069 1455 1099 Caecin.
1472 1070 1526 1099 3⁶2.
1550 1078 1613 1099 nu-

882 1112 943 1143 dus
959 1113 994 1142 in
1013 1122 1113 1143 causa
1127 1112 1370 1152 destitutusque.
1400 1112 1493 1142 Verr.
1507 1112 1542 1142 ii.
1557 1115 1611 1143 30.

883 1155 971 1186 solus
988 1156 1170 1186 destinatas.
1202 1159 1236 1185 at
1258 1166 1287 1185 v.
1304 1157 1358 1186 42.
1386 1156 1494 1186 nudus
1517 1164 1612 1195 paene

882 1203 934 1230 est
956 1200 1138 1237 destitutus,
1155 1199 1334 1238 significat,
1350 1200 1381 1229 ei
1403 1199 1554 1229 discissas
1577 1203 1613 1230 et

883 1243 1042 1274 laceratas
1059 1253 1130 1274 esse
1144 1247 1252 1273 vestes
1268 1252 1288 1272 a
1303 1242 1486 1280 lictoribus,
1497 1245 1537 1272 ut
1550 1243 1616 1273 vir-

883 1288 932 1326 gis
960 1287 1155 1317 caederetur.
1192 1287 1384 1326 *deceptus
1410 1286 1450 1317 ab
1477 1296 1529 1323 eo,
1556 1287 1614 1325 qui

882 1331 1038 1371 promisit
1061 1330 1198 1369 aliquid,
1218 1330 1397 1370 pecuniam
1421 1331 1480 1360 ἃς.
1509 1329 1575 1360 Off.
1591 1330 1614 1360 i.

887 1378 936 1405 10.
969 1375 1022 1405 cui
1041 1374 1242 1414 promissum
1258 1374 1315 1411 sit,
1332 1374 1358 1403 si
1373 1383 1408 1403 se
1423 1374 1616 1404 destitutum

883 1423 1054 1458 queratur.
1083 1417 1204 1458 Quint.
1237 1418 1286 1448 16.
1321 1416 1437 1448 multis
1467 1416 1618 1447 vadimo->

883 1462 948 1492 niis
977 1461 1128 1499 desertis,
1158 1470 1245 1501 saepe
1273 1460 1362 1491 illusi
1391 1471 1429 1491 ac
1458 1461 1613 1492 destituti.

883 1506 924 1545 Ω.
941 1505 993 1536 Fr.
1008 1506 1029 1536 i.
1046 1508 1077 1536 3.
1107 1505 1290 1535 amicorum
1307 1505 1458 1541 consilio,
1473 1505 1615 1544 promis-

884 1550 940 1586 sis,
963 1548 1137 1589 proeceptis
1165 1549 1347 1578 destitutus.
1393 1548 1552 1578 Ceterum
1581 1547 1619 1579 id

884 1592 1007 1623 dicitur
1029 1592 1157 1623 duobus
1180 1591 1307 1630 modis;
1339 1600 1418 1621 nam
1442 1601 1510 1621 una
1531 1592 1617 1622 ratio

885 1636 1019 1666 ducitur
1032 1636 1073 1666 ab
1090 1646 1128 1666 eo
1151 1645 1264 1673 sensu,
1280 1644 1358 1664 cum
1380 1644 1440 1674 pro
1462 1634 1615 1666 desertus

885 1679 1020 1717 dicitur,
1038 1684 1076 1709 ut
1091 1680 1126 1710 in
1150 1679 1220 1716 illo,
1237 1678 1406 1718 promissis
1421 1678 1613 1712 destitutus,-

885 1723 991 1753 altera
1011 1723 1101 1760 inde,
1116 1721 1205 1761 quod
1227 1723 1284 1761 qui
1306 1722 1457 1752 desertus
1479 1726 1544 1759 est,
1559 1731 1619 1752 ex-

884 1768 1012 1807 positus
1043 1771 1094 1796 est
1120 1766 1251 1804 injuriis
1280 1765 1439 1803 fortunae,
1465 1765 1617 1796 inimico-

886 1821 974 1848 rum,
998 1813 1037 1840 ut
1059 1811 1094 1840 in
1117 1810 1196 1840 hoc:
1227 1809 1364 1839 consilio
1385 1813 1420 1839 et
1441 1809 1618 1849 praeceptis

885 1855 1067 1885 destitutus.
1087 1853 1172 1894 ²⁵¹⁵p1·o
1189 1853 1404 1890 constitutus,
1419 1852 1478 1883 sed
1491 1853 1526 1882 in
1542 1862 1619 1892 par-

885 1901 955 1928 tem
980 1898 1189 1928 deteriorem.
1219 1900 1259 1927 ut
1289 1896 1372 1926 Sull.
1395 1897 1448 1927 32.
1491 1895 1532 1927 In
1553 1896 1618 1927 hau
1660 1931 1664 1935 ,

886 1941 1022 1972 fortuna
1040 1941 1162 1971 misera
1177 1941 1358 1971 destitutus.

930 1984 1122 2023 Desii-ingo,
1147 1984 1299 2021 detraho,
1321 1982 1420 2013 traho
1442 1993 1483 2013 ex
1505 1983 1620 2024 aliquo

887 2028 970 2059 loco.
1008 2028 1073 2059 Off.
1095 2029 1142 2059 iii.
1167 2031 1220 2059 31.
1259 2027 1437 2057 confestim
1467 2026 1617 2067 gladium

886 2072 1070 2102 destrinxit.
1100 2072 1135 2102 in
1156 2072 1240 2111 Tog.
1267 2071 1371 2101 Cand.
1396 2073 1560 2101 conantur
1582 2070 1619 2101 in

886 2116 1051 2156 rempubl.
1077 2116 1161 2146 sicas
1184 2116 1394 2153 destringere.
1438 2114 1549 2153 Vulgo
1571 2113 1622 2143 le-

888 2163 974 2198 gunt
995 2160 1206 2199 distringere,
1227 2159 1261 2189 in
1282 2163 1426 2196 utroque
1448 2157 1532 2188 loco.
1561 2157 1621 2188 sed.

887 2202 984 2233 hodie
1001 2212 1100 2234 nemo
1116 2203 1247 2233 dubitat
1269 2202 1304 2231 in
1319 2201 1370 2231 his
1387 2201 1490 2231 literis
1504 2200 1620 2241 paullo

886 2247 1059 2283 versatior,
1074 2247 1108 2277 in
1132 2246 1194 2276 hac
1215 2245 1372 2282 formula,
1395 2248 1429 2274 et
1449 2244 1620 2281 omnibus,

887 2290 923 2320 in
953 2291 1072 2330 quibus
1101 2288 1296 2320 detrahendi
1325 2289 1372 2318 vis
1402 2287 1621 2328 exprimenda

888 2338 951 2371 est,
977 2334 1175 2372 destringere
1203 2336 1332 2363 rectum
1363 2341 1448 2369 esse,
1474 2340 1542 2361 non
1569 2330 1619 2360 di-

889 2378 1065 2417 stringere.
1098 2376 1267 2408 Confundi
1287 2376 1398 2412 verba,
1414 2384 1488 2414 quae
1503 2374 1544 2404 ab
1565 2373 1619 2404 his

889 2420 1020 2460 syllabis
1044 2421 1223 2461 incipiunt,
1233 2421 1305 2459 jam
1330 2420 1365 2449 in
1379 2419 1546 2457 despicere
1570 2417 1620 2448 di·-

889 2469 980 2494 ctum
1005 2468 1066 2494 est.
1107 2465 1146 2495 de
1170 2464 1231 2494 hoc
1254 2462 1354 2492 verbo
1377 2462 1529 2501 inprimis
1550 2461 1618 2491 vid.

889 2512 1010 2547 praeter
1033 2508 1176 2538 Gronow
1193 2507 1235 2537 ad
1257 2505 1328 2536 Liv.
1350 2506 1448 2535 xxvii.
1469 2508 1518 2536 13.
1547 2504 1622 2535 Du—

889 2552 961 2581 ker.
986 2551 1027 2581 ad
1049 2551 1134 2582 Flor.
1157 2551 1191 2581 ii.
1216 2552 1246 2581 2.
1291 2548 1544 2580 Drakenborch.
1577 2547 1621 2578 ad

890 2595 947 2625 Sil.
972 2595 1049 2624 xvii.
1078 2596 1148 2626 164.
1177 2597 1212 2624 et
1233 2603 1314 2633 quos
1338 2593 1382 2622 ibi
1405 2592 1530 2622 laudat.
1551 2591 1621 2622 De-

889 2639 996 2668 strieti
1025 2638 1126 2677 gladii
1154 2641 1234 2669 sunt
1264 2636 1363 2667 Catil.
1385 2636 1433 2666 iii.
1462 2639 1489 2666 l.
1526 2635 1623 2666 Sext‹

891 2685 943 2713 35.
1283 2693 1285 2695 ·

935 2724 1151 2765 Desmfiwtus
1175 2735 1196 2755 a
1220 2723 1446 2754 concionibus.
1486 2721 1626 2753 Cluent.

890 2771 944 2799 40.

935 2813 1153 2849 Demeam-ius,
1166 2809 1274 2841 intell.
1290 2820 1408 2848 equus,
1421 2819 1440 2839 a
1450 2809 1621 2844 desultore,

892 2856 980 2894 quod
1003 2861 1075 2886 erat
1097 2864 1202 2894 genus
1225 2854 1390 2892 equitum,
1406 2853 1516 2893 quiin
1534 2851 1622 2881 circo

892 2909 993 2936 equos
1006 2899 1116 2939 plut-cs
1129 2898 1291 2940 capitibus
1301 2899 1437 2937 jiinctos
1449 2895 1622 2937 agitabant
