1804 3178
622 139 768 169 mnnx
798 140 1091 172 LATIMTAUS.

100 231 231 265 nerent,
253 237 289 258 se
310 227 409 266 scire,
423 228 479 267 qui
503 227 560 264 sit,
574 237 719 267 eumque
742 238 826 263 esse,

102 280 201 310 quem
226 281 260 301 se
284 271 382 301 «licat.
417 270 460 301 cf.
477 281 506 300 v.
522 273 575 304 59.
609 281 638 300 v.
667 273 826 309 (ognievr.

101 322 136 344 n.
157 317 184 345 l.
207 315 225 332 ⁸
238 315 296 345 Or.
311 315 345 345 ii.
358 318 412 346 4¹.
435 324 619 352 cognoscere
634 320 755 350 ιιι-11111,
770 325 828 354 pro

101 366 294 396 agnoscere,
321 358 446 388 sentire
473 363 580 388 artem
606 367 677 387 esse
700 358 829 388 adhibi-

99 404 182 431 tam.
215 401 287 432 ‘ad
316 401 396 432 Her.
427 401 470 430 iv.
506 404 554 431 18.
591 402 648 441 qui
681 401 828 441 privatus

102 443 305 475 intolerabili
326 444 483 484 snperbia
504 444 618 481 fuerit,
636 454 713 475 eum
738 455 828 475 com-

101 488 241 518 modum
265 493 302 518 et
326 488 379 518 sui
403 489 638 526 cogi-treenta„
659 488 769 518 videre
792 489 826 518 111

101 535 266 571 potestate
281 531 356 570 quis
370 532 506 571 speret?

149 574 357 606 &Aer-entia.
379 574 459 605 Nat.
475 574 518 605 D.
533 575 565 604 ii.
576 575 629 606 62.
653 573 694 604 ad
710 574 825 605 mundi

98 617 329 648 maan:
343 618 526 658 pertinent,
537 628 583 648 sc.
597 618 684 657 quod
700 619 770 648 sine
787 619 826 648 iis

100 660 247 691 mundus
262 662 442 692 consistere
459 671 526 691 non
543 666 664 702 potest.

149 703 326 742 atterere,
355 705 548 735 consistere.
583 705 683 735 Tusc.
712 715 744 734 v.
772 706 825 736 98.

100 747 241 778 virtutes
271 748 344 778 sine
374 750 471 779 beata
493 749 561 779 vita
581 750 737 778 colem-ere
759 758 824 778 non

100 795 252 831 possunt,
278 800 340 822 nec
369 793 441 822 sinc
471 792 595 822 virtute
621 792 690 822 vita
719 792 825 822 beata.

101 832 184 865 Har.
209 835 308 875 Resp.
331 837 384 869 27.
412 836 439 866 si
465 835 612 874 undique
635 835 825 871 fulciamus,

99 879 312 909 mltaerebrtnt.
339 878 506 909 *Tuae-ul.
523 879 569 909 iii.
586 880 638 909 25.
666 878 825 909 fulciendi

99 926 192 959 sunt,
208 923 265 961 qui
289 927 408 959 ruunt,
423 932 484 952 nec
509 927 648 962 possunt
669 924 825 952 colum-ere

100 971 239 1005 propter
254 965 522 1005 magnitudinem
534 965 753 1005 aegritudiiiis.
766 975 825 996 εω-

100 1018 142 1048 pe
164 1009 212 1038 sic
232 1010 389 1039 coherere
409 1014 462 1039 est
483 1019 536 1049 ap.
554 1010 623 1039 eie.
647 1019 706 1049 pro
721 1019 760 1039 eo
775 1014 826 1039 est

94 1052 256 1090 junctum
279 1061 351 1082 esse
374 1052 417 1083 N.
440 1053 484 1083 D.
501 1053 535 1082 ii.
553 1055 604 1084 ‘2ss.
628 1053 739 1092 *chz
755 1053 775 1082 i.
793 1056 824 1083 8.

99 1094 168 1125 alia
188 1095 309 1134 quibus
330 1097 486 1126 colim-ent
509 1095 681 1126 homines:
717 1100 825 1136 partes

99 1136 220 1178 quibus
242 1145 412 1169 constant.
446 1140 599 1169 *Caecim
637 1142 684 1170 18.
717 1149 826 1170 sermo

101 1181 274 1212 familiaris
291 1186 326 1212 et
339 1182 552 1222 quotidianus
569 1192 634 1212 non
650 1184 825 1213 eahae-chit.

102 1224 185 1256 coel.
207 1229 238 1259 7.
266 1226 319 1256 vix
342 1227 519 1256 cohoerebat
538 1227 656 1257 oratio.
678 1226 711 1256 h.
727 1237 756 1256 e.
771 1227 826 1257 vix

100 1268 164 1299 sibi
194 1270 381 1300 constabat.
410 1270 429 1287 ¹⁶
444 1270 502 1300 Or.
525 1270 572 1300 iii.
595 1273 648 1301 43.
670 1271 827 1300 coltoerens

101 1313 220 1348 oratio,
237 1322 311 1352 quae
333 1313 441 1343 oritur
454 1324 472 1343 e
488 1313 726 1353 compositione
750 1318 828 1353 apta

102 1356 276 1386 verborum
291 1368 298 1385 :
322 1357 502 1396 opponitur
517 1356 648 1387 hiulcae.

151 1400 308 1430 cohibere.
339 1400 381 1430 ad
398 1400 473 1430 Div.
491 1401 532 1430 iv.
551 1404 580 1431 5.
609 1400 665 1430 vis
683 1410 723 1430 nc
740 1404 777 1430 tu
794 1405 827 1430 te

101 1443 254 1474 cohibere.
274 1443 296 1473 i.
313 1453 343 1473 e.
367 1443 531 1474 moderari
553 1444 658 1474 animi
681 1453 828 1474 commo-

102 1487 244 1523 tionem,
261 1496 290 1516 v.
310 1498 339 1516 c.
362 1486 523 1524 dolorem,
542 1487 718 1527 impetum.
741 1486 828 1517 conf.

103 1529 253 1561 λίπε-,3.
273 1529 374 1560 Tusc.
389 1531 430 1559 iv.
449 1533 496 1561 18.
520 1530 603 1560 Phil.
617 1531 663 1560 iii.
676 1533 706 1561 Q.
727 1531 828 1561 Tusc.

101 1573 150 1603 iii.
165 1574 218 1604 25.
241 1573 460 1613 *complecth
493 1574 568 1604 Nat.
588 1575 621 1604 ii.
642 1577 690 1604 13.
714 1584 829 1604 omnes

101 1615 241 1647 n‘aturas
263 1618 382 1647 cohibet
403 1621 438 1646 et
457 1618 617 1648 continet.
641 1620 829 1648 *arenci-c.

104 1659 197 1690 Vei-r.
212 1660 255 1691 ἰν.
271 1663 326 1691 45.
356 1661 469 1691 oculos
492 1661 533 1690 al)
557 1661 668 1700 aliqua
690 1672 725 1691 re
747 1663 830 1691 calii—

102 1703 186 1734 bere.
215 1703 422 1734 *sustinere.
450 1704 493 1734 N.
518 1705 559 1735 D.
584 1705 605 1734 i.
635 1708 661 1734 1.
691 1706 831 1735 cohibere

103 1747 341 1778 assensionem.
363 1749 382 1766 ²*
396 1747 477 1778 (ῥα-1.
501 1751 531 1779 5.
561 1748 602 1778 ad
624 1749 828 1779 cohibendum

103 1790 277 1821 brachium
298 1795 390 1831 toga,
411 1792 431 1822 i.
455 1801 483 1821 e.
506 1791 703 1830 tegendum,
719 1791 831 1822 occul-

103 1833 259 1865 tandum.

151 1876 316 1916 (hlaibam,
332 1878 534 1915 interdictio,
550 1888 589 1908 ex
605 1877 698 1908 verr.
716 1878 762 1908 iii.
783 1881 830 1909 14.

104 1920 292 1952 laudature
307 1925 386 1952 vett.
403 1921 479 1952 edd.
495 1923 528 1951 111
546 1921 721 1952 Nizoliano
734 1921 831 1952 Lexi-

103 1973 165 1994 co:
189 1963 248 1995 sed
271 1965 471 1995 recentiores
494 1965 568 1995 edd.
583 1965 705 1995 habent
722 1965 832 2005 prohi-

104 2007 200 2039 bitio.

152 2051 335 2082 ahorn-ere.
365 2052 458 2082 Orat.
482 2051 529 2082 iii.
551 2053 582 2082 2.
615 2051 750 2082 medicis
783 2050 831 2081 di-

104 2099 242 2132 cuntur,
264 2095 320 2134 qui
343 2094 466 2135 frigore
488 2094 596 2125 febrili
619 2094 831 2125 infestantur.

103 2147 186 2170 nam
208 2137 324 2168 horror
352 2148 482 2178 quoquc
513 2139 560 2168 sic
582 2137 717 2176 dicitur,
740 2143 776 2168 et
798 2139 832 2168 in

104 2191 242 2221 genere,
264 2191 342 2212 cum
369 2182 474 2221 frig-us
501 2191 559 2211 nos
583 2181 722 2218 invadit,
744 2182 834 2221 quod

103 2235 166 2266 per
184 2228 296 2256 totum
319 2235 438 2265 corpus
454 2225 590 2263 diditur,
606 2229 645 2254 ut
660 2225 699 2254 fit
715 2225 749 2254 iu
766 2230 832 2256 ter-

107 2269 236 2300 roribus
258 2270 389 2308 magnis
406 2273 440 2299 ct
454 2269 584 2299 subitis.
599 2278 628 2297 v.
644 2268 774 2299 Duker.
791 2268 833 2299 ad

109 2311 245 2343 Florum
259 2312 295 2342 ii.
311 2313 343 2342 6.
363 2315 412 2343 14.

154 2355 277 2387 ahorn.
292 2355 358 2396 Ωιι.
379 2356 427 2386 Fr.
443 2356 465 2386 i.
487 2358 514 2385 1.
529 2358 560 2386 4.
585 2355 677 2385 Verr.
693 2355 727 2385 ii.
742 2358 774 2386 4.
791 2355 833 2386 ad

104 2398 176 2430 Att.
199 2399 257 2430 vii.
273 2401 304 2430 2.
334 2400 442 2429 cohors
461 2399 621 2439 praetoris,
638 2408 684 2428 sc.
701 2399 833 2438 provin-

105 2442 214 2482 cialis,
228 2446 310 2474 sunt
325 2443 463 2473 comites
478 2446 562 2483 qius,
580 2441 738 2482 praei'ecti,
753 2443 832 2472 scri-

106 2485 172 2525 bae,
194 2485 331 2524 medici,
355 2486 498 2523 accensi,
521 2486 726 2525 haruspices,
749 2494 833 2525 proe-

106 2538 220 2561 eones.
253 2528 276 2561 l.
298 2539 328 2560 c.
355 2533 405 2560 10.
440 2529 479 2560 111
503 2539 536 2559 re
558 2529 697 2559 militari
719 2532 833 2559 autem

105 2574 215 2604 cohors
224 2574 380 2614 pretoria
390 2573 489 2603 aliam
501 2573 568 2602 vim
581 2572 692 2609 habet,
704 2576 744 2602 ut
757 2571 832 2602 Cat.

104 2616 141 2648 ii.
171 2619 222 2648 10.
255 2620 309 2648 est
331 2617 421 2647 enim
451 2616 581 2652 cohors,
608 2625 682 2655 quae
708 2615 751 2645 ad
775 2625 834 2645 cu-

104 2659 250 2691 stodiam
272 2661 417 2700 corporis
440 2660 575 2701 praetori
598 2669 624 2690 s.
641 2658 833 2700 imperatori

107 2703 270 2734 attributa
284 2707 345 2734 est.

155 2745 332 2778 &hm-tavi.
348 2748 416 2778 Aa.
430 2747 484 2778 xii.
497 2749 550 2778 91.
566 2755 626 2787 pro
636 2745 834 2776 confirmare

105 2789 320 2822 vacillantem
347 2797 383 2822 et
404 2791 586 2822 labentem.
610 2799 640 2820 v.
663 2788 770 2819 Graev.
793 2787 836 2818 ad

156 2875 262 2908 Coitio.
284 2876 351 2918 Ωιι.
373 2877 414 2909 fr.
432 2878 465 2908 ii.
484 2880 535 2908 15.
562 2878 650 2908 coitio
669 2873 833 2906 Memmii.

107 2919 189 2952 ibid.
205 2921 253 2952 iii.
268 2923 297 2952 l.
314 2924 344 2954 5.
362 2921 398 2952 in
413 2920 666 2953 candidatorum
684 2916 835 2950 consula-

1519 138 1597 176 225

872 229 959 259 rium
980 231 1119 260 musone.
1158 230 1238 260 lla-c
1255 235 1304 262 cst
1326 231 1381 262 illa
1402 236 1499 270 coitio,
1518 245 1589 274 pro-

871 277 944 311 ptcr
955 282 1054 310 qnam
1066 272 1105 303 dc
1122 274 1247 304 ambitu
1260 274 1497 306 condemnatus
1509 289 1587 308 vui·

871 315 950 345 latit
977 315 1166 346 Memmius.
1201 318 1240 347 :sd
1269 319 1342 348 niv.
1373 320 1439 348 1111.
1471 323 1496 350 1.
1531 321 1587 351 Est

869 358 959 388 enim
975 360 1076 395 mino,
1091 370 1167 388 cum
1183 359 1331 391 immines
1346 368 1589 400 congru-gantur

871 401 919 432 rei
950 401 1046 432 malae
1078 403 1300 441 perficiendae,
1328 410 1496 442 tamquam
1529 407 1586 435 tri·

871 444 973 475 buum
990 445 1319 486 corrumpendarum,
1335 456 1443 477 causa.
1459 447 1500 478 cf.
1519 447 1586 478 u..-

870 498 958 528 rusp.
988 488 1028 518 R.
1051 489 1104 520 26.
1134 495 1166 519 et
1198 489 1266 519 Att.
1292 489 1325 519 ii.
1353 492 1399 520 18.
1425 496 1476 520 est
1499 493 1586 521 mino

869 531 1132 562 candidatorum.
1156 532 1219 562 Sed
1236 531 1326 562 locus
1343 540 1391 562 est
1408 533 1535 564 dubius.

916 575 1006 605 Celei.
1030 575 1071 605 ad
1088 576 1161 606 Div.
1186 577 1228 606 ix.
1245 577 1297 606 22.
1318 576 1475 606 testiculi.
1499 576 1584 608 Nam

869 618 915 648 sic
938 624 988 648 est
1011 629 1064 659 ap.
1080 619 1212 650 Petron.
1228 621 1281 650 44.
1310 619 1365 649 ubi
1390 619 1451 649 vid.
1468 619 1585 651 Sclicff.

874 662 954 691 (hlei
972 670 1085 692 autem
1101 667 1170 692 erat
1187 666 1220 692 et
1237 672 1357 692 nomen
1374 662 1507 693 familiae
1525 664 1585 694 La-

869 705 1019 735 nuvinoe:
1050 705 1137 735 unde
1165 707 1245 736 Colei
1269 706 1432 736 Lanuvini
1450 705 1586 736 honeste

868 748 1074 784 dicebantur,
1098 750 1242 790 turpiter
1262 754 1375 780 autem
1399 749 1587 780 Cliternini.

870 801 946 821 nam
971 792 1014 822 ibi
1038 792 1130 822 nulla
1150 793 1276 823 familia
1299 793 1473 829 (oleorum,
1491 799 1527 823 ut
1546 794 1584 823 iis

869 836 1060 865 memoratis
1086 836 1126 865 ad
1150 836 1239 866 aliud
1263 837 1372 876 potius
1394 836 1584 866 obscoenum

867 878 1064 909 vocabulum
1081 879 1182 909 alludi
1198 879 1375 916 videretur,
1392 885 1430 909 ut
1445 879 1486 910 ad
1506 885 1585 910 ιλιι-

867 919 983 964 nesta,
999 928 1059 953 aut
1072 922 1191 953 simile.

915 966 1030 996 colere.
1063 966 1134 996 Att.
1162 966 1230 997 xiii.
1254 970 1305 997 30.
1334 976 1355 996 a
1375 970 1408 997 te
1437 966 1586 996 mlendue

867 1014 928 1038 est.
962 1008 1036 1039 istm
1053 1014 1165 1040 autem
1188 1011 1341 1040 καλακιῖαι
1364 1020 1428 1040 non
1447 1009 1584 1049 longum

866 1051 989 1082 absunt
1004 1061 1024 1082 a
1044 1052 1179 1083 scelere.
1197 1053 1239 1083 ad
1261 1053 1335 1084 Div.
1351 1053 1392 1082 vi.
1412 1055 1460 1084 12.
1492 1062 1585 1083 amor

866 1097 972 1125 cultus
987 1105 1006 1125 a
1020 1101 1054 1126 te
1070 1096 1331 1136 diligentissime.
1351 1096 1369 1115 *
1382 1096 1461 1135 Leg.
1479 1096 1512 1126 ii.
1536 1097 1586 1126 16.

868 1138 908 1168 de
931 1139 1047 1169 ritibus
1063 1141 1176 1180 patriis
1191 1141 1349 1170 coloretur.
1372 1140 1424 1169 Sic
1440 1139 1530 1179 Virg.
1544 1139 1585 1169 de

869 1191 970 1212 more.
994 1183 1012 1200 ⁴
1024 1183 1066 1213 N.
1083 1183 1124 1214 D.
1138 1183 1158 1213 i.
1171 1186 1222 1213 41.
1246 1183 1302 1213 Dii
1318 1182 1475 1212 dicuntur
1489 1184 1587 1213 colere

868 1224 1031 1262 homines,
1047 1226 1068 1256 i.
1084 1236 1114 1256 e.
1131 1227 1170 1256 iis
1186 1226 1370 1263 consulere,
1382 1226 1584 1256 benefacere.

867 1268 924 1298 ubi
944 1278 973 1299 v.
991 1269 1074 1299 Dav.

917 1311 1056 1350 Collatia,
1073 1313 1287 1352 comparatio.
1308 1312 1378 1342 Fin.
1395 1313 1436 1342 iv.
1453 1314 1506 1346 27.
1527 1314 1589 1342 col-

869 1356 945 1385 latio
968 1356 1072 1395 igitur
1094 1357 1157 1386 ista
1179 1361 1212 1385 te
1237 1356 1319 1386 1111111
1334 1357 1443 1394 juvat.
1465 1357 1485 1377 ἴ
1501 1355 1588 1386 Con-

870 1399 987 1437 gestio,
1019 1399 1181 1430 collectio.
1214 1398 1313 1429 Tusc.
1347 1400 1389 1430 iv.
1419 1401 1471 1430 38.
1504 1403 1589 1429 extr.

870 1452 945 1472 cum
967 1442 1173 1483 philosophia
1189 1452 1228 1472 ex
1245 1444 1408 1472 collatione
1423 1443 1588 1473 rationum

871 1489 1008 1516 constet.
1039 1487 1058 1504 ¹²
1075 1486 1144 1516 Fin.
1171 1486 1216 1515 iii.
1247 1489 1295 1516 10.
1326 1486 1475 1516 notiones
1502 1485 1590 1516 fiunt

871 1530 1007 1559 rationis
1030 1531 1205 1565 collatione,
1222 1530 1242 1559 i.
1261 1539 1289 1558 ε’.
1305 1529 1469 1569 analogia,
1484 1533 1524 1559 ut
1539 1533 1590 1558 est

871 1582 923 1612 ap.
938 1573 1054 1602 Senec.
1071 1583 1122 1612 ep.
1144 1574 1213 1603 1⁶20.
1246 1573 1411 1611 Diogenes
1432 1571 1538 1602 Lai-irt-
1555 1573 1589 1602 in

872 1616 952 1646 Zen.
971 1616 1041 1645 κατ’
1052 1614 1213 1654 ἀναλογίαν
1228 1615 1322 1652 «livit,
1332 1617 1467 1654 ejusque
1480 1625 1591 1645 exem-

872 1659 927 1700 pla
943 1659 1038 1699 ponit
1052 1659 1174 1698 Tityon
1190 1663 1225 1688 et
1248 1659 1455 1699 Pygmaeum:
1481 1658 1535 1689 ille
1552 1659 1590 1688 fit

872 1702 1037 1741 augendo,
1054 1701 1107 1732 bic
1130 1703 1312 1733 minuendo
1333 1702 1403 1731 κατ’
1421 1700 1592 1740 ἀναλογίαν.

872 1747 890 1764 ⁸
905 1747 938 1776 in
961 1755 994 1775 re
1010 1745 1144 1776 militari
1159 1747 1284 1775 collatio
1305 1749 1357 1775 cst
1378 1746 1485 1785 ipsum
1509 1755 1591 1785 pra·-

873 1790 968 1825 lium,
991 1790 1048 1819 Or.
1073 1789 1094 1819 i.
1117 1791 1169 1819 48.
1193 1789 1389 1819 *concessio
1405 1795 1440 1818 et
1450 1788 1591 1818 attribu-

871 1834 931 1864 tio.
955 1832 1006 1863 Fr.
1029 1833 1064 1863 111
1079 1831 1162 1871 Tog.
1186 1832 1396 1862 concessione
1411 1832 1589 1872 petitorum

873 1883 907 1906 et
929 1877 1092 1906 collatione
1111 1875 1338 1906 centuriarum
1353 1883 1530 1915 praetorem
1544 1874 1592 1904 fa-

873 1924 977 1950 ctum.
991 1929 1021 1949 v.
1037 1918 1160 1949 Gruch.
1177 1918 1216 1948 de
1233 1919 1326 1948 Com.
1345 1918 1366 1948 i.
1380 1921 1412 1949 4.

921 1963 1106 1994 (bllatatus.
1136 1962 1194 1993 Or.
1218 1962 1270 1992 56.
1300 1963 1452 1992 collatam
1474 1961 1592 1997 oratio,

873 2007 1053 2047 opponitur
1066 2007 1174 2043 tenui,
1190 2005 1293 2041 brevi,
1305 2014 1331 2035 s.
1347 2007 1506 2043 ang-ustae.

922 2050 1071 2081 Collatus.
1101 2049 1170 2080 Aet.
1200 2049 1268 2078 xiii.
1302 2050 1350 2078 12.
1380 2057 1434 2078 res
1463 2047 1505 2078 ad
1538 2055 1591 2077 me

873 2094 944 2124 sine
967 2092 1189 2124 controversia
1209 2093 1327 2122 collata
1349 2096 1413 2128 est,
1428 2091 1451 2121 i.
1466 2100 1496 2120 e.
1519 2089 1594 2120 red—

874 2141 959 2167 acta.
989 2136 1064 2167 Div.
1083 2136 1116 2166 ii.
1133 2139 1185 2167 55.
1216 2139 1324 2165 castra
1345 2134 1460 2164 castris
1475 2135 1591 2164 collata

873 2190 958 2218 esse,
974 2180 994 2209 i.
1011 2190 1040 2210 e.
1055 2179 1216 2219 opposita.

922 2224 1066 2254 Collecta.
1094 2222 1149 2253 Gr.
1166 2221 1268 2264 ἵςανος.
1291 2221 1348 2251 Or.
1366 2221 1399 2251 11.
1418 2222 1470 2254 57.
1494 2218 1593 2249 colle--

874 2271 963 2298 ctam
979 2267 1120 2305 exigere.

922 2310 1073 2342 collectio.
1104 2309 1198 2339 Brut.
1230 2310 1283 2338 88.
1313 2306 1481 2338 Attulerat
1511 2305 1592 2336 duas

874 2364 938 2391 res,
961 2363 1041 2392 quas
1064 2361 1162 2382 nemo
1184 2350 1285 2382 alius:
1321 2348 1592 2391 partitionessdc

874 2397 993 2437 quibus
1021 2396 1170 2426 dicturus
1199 2397 1298 2432 esset,
1327 2397 1362 2424 et
1388 2395 1594 2428 callet-timna,

874 2449 1002 2471 memor
1023 2443 1057 2470 et
1078 2447 1152 2478 quae
1173 2441 1286 2468 essent
1305 2436 1394 2468 dicta
1418 2440 1546 2474 contra,
1561 2438 1596 2466 et

873 2493 948 2523 quae
963 2483 1032 2523 ipse
1048 2482 1181 2512 dixisset
1194 2493 1201 2510 :
1226 2484 1306 2511 sunt
1320 2479 1595 2520 ἄνιιιιφαλιιόιυς.

921 2526 1120 2557 (buce-titius.
1144 2525 1185 2555 ad
1199 2525 1277 2556 Div.
1292 2524 1348 2554 vii.
1364 2525 1396 2554 3.
1420 2522 1516 2553 miles
1529 2522 1595 2552 tiro

873 2574 909 2600 et
932 2570 1129 2605 caueamur,
1153 2567 1185 2599 h.
1213 2578 1243 2598 e.
1268 2576 1334 2598 non
1359 2565 1515 2604 dilectus,
1537 2565 1594 2596 sed

874 2614 995 2654 raptim
1010 2616 1045 2644 et
1058 2612 1244 2652 promiscue
1258 2613 1404 2641 coactus.

922 2657 1109 2695 Collegium.
1139 2655 1216 2685 Sen.
1237 2664 1270 2695 p.
1286 2654 1328 2685 R.
1348 2656 1398 2685 13.
1428 2661 1537 2683 servos
1553 2652 1596 2682 si-

875 2700 1058 2731 mulatione
1079 2699 1287 2737 collegiorum
1311 2695 1508 2728 nominatim
1525 2703 1596 2725 esso

875 2744 1088 2783 conscriptos.
1118 2741 1257 2781 alleg-ia
1269 2744 1426 2778 erant,ex
1444 2739 1596 2770 instituto

875 2786 997 2818 Numae
1021 2784 1188 2825 Pompilii,
1209 2784 1398 2815 sodalitates
1421 2781 1538 2823 plebis,
1562 2782 1595 2811 in

875 2840 958 2869 quas
979 2839 1020 2860 ea
1036 2828 1201 2868 descripta
1212 2833 1297 2865 erat,
1312 2827 1353 2858 de
1368 2826 1486 2866 quibus
1501 2835 1531 2855 v.
1547 2825 1597 2854 Si-

876 2882 954 2912 gon.
978 2872 1018 2904 A.
1040 2871 1074 2903 J.
1091 2871 1128 2903 C.
1145 2872 1185 2904 R.
1211 2872 1245 2903 ii.
1266 2874 1315 2902 1⁴2.
1346 2874 1381 2901 et
1401 2869 1532 2901 Manut.
1557 2867 1598 2898 ad

877 2916 935 2948 Or.
963 2925 1023 2957 pro
1045 2915 1157 2947 Sextio
1182 2918 1233 2947 15.
1264 2915 1319 2946 ubi
1341 2911 1522 2944 eorundem
1536 2911 1596 2942 eob—

932 2970 953 2996 Ω
