1800 3131
123 95 218 141 ‘³263

135 199 314 230 devinciret
341 195 527 237 voluptate.
563 193 583 214 Ψ
600 194 633 226 in
663 199 867 237 potestatem

135 251 233 274 suam
247 242 409 281 redigere,
422 247 462 271 ut
474 250 592 271 nocere
607 241 701 271 nobis
715 250 780 270 non
795 249 869 280 pos-

137 287 195 318 sit.
221 286 330 316 Pison.
351 288 400 316 13.
433 285 472 314 de
489 285 660 324 Pompeio,
678 285 734 323 qui
751 292 868 314 omnes

137 331 292 361 omnium
318 329 469 369 gentium
494 334 604 368 partes
627 328 732 358 trihus
748 328 870 357 trium-

136 374 214 416 phis
236 374 439 409 (lembure-rat,
455 373 481 402 is
498 382 531 401 se
549 373 582 402 in
601 372 734 410 publico
750 371 872 400 statuit

136 421 215 448 tuto
252 427 322 447 esse
353 426 421 446 non
451 426 557 456 posse.
596 417 614 433 '⁴²
632 416 790 445 (jctcruin
823 422 871 443 (233

137 461 256 494 formae
287 461 418 491 (licendi
450 462 639 494 frequentes
670 464 762 493 sunt,
794 466 871 486 cum

138 506 301 536 devincire
315 514 354 534 eo
366 513 464 534 sensu
478 504 612 539 dicitur,
630 512 695 539 quo
711 500 871 539 obligare,

138 548 362 588 obstringere,
381 553 419 578 ut
443 547 483 576 ad
507 547 581 576 Div.
600 546 667 575 iiii.
685 548 715 578 7.
739 553 872 573 summo

137 592 303 623 beneficio
340 592 402 622 tibi
440 591 573 628 tuisque
605 589 638 618 in
670 591 872 627 perpetuum

138 636 335 667 devinxeris.
354 635 399 665 ⁴(le
423 643 489 673 qua
511 632 708 671 metaphora
724 630 872 660 dicemus

140 679 267 718 aliquid
294 680 328 708 in
354 678 515 715 obligare.
559 676 636 705 Huc
665 675 767 704 etiam
791 673 874 703 illud

140 724 231 755 refer
247 723 346 753 Dom.
372 724 422 751 51.
448 720 474 749 si
489 719 601 749 sedem
620 719 724 758 ipsam
738 727 776 747 ac
788 722 874 747 tem-

139 767 237 808 plum
267 765 390 806 publici
421 762 550 793 consilii
590 762 749 801 religione
787 761 874 791 Con-

141 811 264 840 cordiae
280 808 482 839 ‹lecina-isset.
505 807 587 836 item
613 806 692 836 Coel.
710 800 762 837 92.
779 805 874 843 jure-

136 853 284 895 jurando
300 853 448 882 devincta
465 851 657 880 auctoritas.

186 897 377 929 Devinctus.
398 894 493 924 Brut.
511 896 559 924 12.
580 903 642 923 nec
657 894 690 923 in
704 891 874 932 impeditis

142 950 181 971 ac
205 949 323 979 regum
348 938 578 968 dominatione
601 937 757 966 devinctis
783 935 874 965 nasci

141 984 309 1024 cupiditas
331 982 462 1012 dicendi
486 981 582 1011 solet.
606 980 700 1010 Prov.
725 979 824 1009 Cons.
842 981 875 1009 8.

139 1028 297 1058 nationes
320 1026 470 1056 nondun]
495 1025 637 1064 legibus,
655 1027 690 1053 et
708 1023 783 1062 jure
805 1032 875 1052 cer-

141 1075 192 1109 to,
205 1081 267 1102 nec
283 1071 363 1100 satis
376 1070 474 1099 firma
485 1078 566 1108 pace
582 1069 747 1098 damnem.
762 1066 875 1097 Plane.

146 1118 197 1146 15.
225 1114 404 1154 largitione
427 1113 590 1142 devinctas
612 1111 718 1141 tribus
742 1110 875 1141 habere.

142 1158 224 1190 ibid.
252 1162 301 1190 18.
331 1157 490 1196 suffragia
516 1156 692 1195 largitione
716 1155 874 1184 devincta.

143 1203 187 1233 ad
208 1203 285 1234 Div.
302 1212 354 1233 xv.
369 1203 401 1231 4.
418 1204 501 1230 extr.
517 1200 635 1230 studiis
651 1198 753 1229 dediti
770 1209 808 1228 ac
824 1199 877 1228 de-

142 1248 254 1278 vineti.

189 1290 326 1322 Devius.
350 1288 432 1319 Lael.
450 1290 502 1319 25.
527 1287 659 1317 animus
675 1284 828 1316 flexibilis
843 1289 878 1315 et

143 1333 256 1365 devius
287 1332 523 1363 assentatoris:
560 1331 581 1360 i.
608 1340 637 1359 e.
669 1330 876 1366 inconstans,

144 1379 202 1418 qui
219 1387 306 1417 saepe
323 1381 499 1414 tamquam
517 1374 650 1404 aberrat
666 1383 686 1403 a
699 1374 765 1410 via,
781 1373 879 1403 aliter

144 1421 211 1452 alio
225 1425 378 1460 tempore
395 1419 475 1455 agit.
499 1417 584 1448 Phil.
601 1427 631 1447 v.
651 1420 698 1447 13.
726 1417 826 1447 homo
842 1416 877 1446 in

145 1465 302 1495 omnibus
340 1463 486 1493 consiliis
517 1471 664 1502 praeceps
695 1464 729 1490 et
758 1461 878 1490 devius.

144 1508 277 1547 Fragm.
301 1507 402 1538 Aeaci.
419 1506 466 1536 iii.
481 1506 509 1535 si
533 1504 800 1535 liceret—vitam
823 1505 879 1533 de-

143 1553 234 1583 viam
263 1551 387 1582 secutis
414 1549 579 1589 corrigere
603 1557 749 1578 errorem
772 1548 878 1587 poeni-

143 1596 260 1627 tendo.

190 1640 368 1671 Devocare.
400 1637 494 1667 Prov.
522 1635 622 1666 cons.
648 1637 698 1666 12.
728 1635 879 1665 devocare

147 1683 293 1722 aliquem
325 1682 365 1712 de
392 1680 572 1721 provincia.
604 1678 724 1709 Manil.
757 1681 806 1709 14.
839 1678 879 1708 ab

146 1728 305 1758 instituto
321 1735 418 1755 cursu
436 1724 477 1755 ad
500 1723 647 1764 praedam
665 1722 812 1761 aliquam
827 1722 879 1752 de—

146 1772 282 1801 vocavit.
311 1769 412 1800 Tusc.
444 1778 475 1798 v.
505 1770 538 1798 4.
570 1767 721 1796 Socrates
750 1767 878 1806 primus

147 1813 395 1856 philosophiam
418 1811 582 1843 devocavit
605 1810 644 1840 de
669 1809 772 1840 coelo:
798 1809 831 1839 h.
848 1819 878 1840 e.

148 1858 247 1888 desiit
273 1857 312 1887 de
341 1857 437 1887 rebus
464 1854 666 1894 coelestibus,
691 1853 788 1884 astris
819 1854 879 1883 &cu

148 1901 387 1944 philosophari.

192 1945 366 1977 Derolare.
389 1943 506 1983 Quint.
523 1945 575 1973 30.
603 1941 642 1971 ab
659 1940 783 1979 afflicta
797 1940 880 1970 ami-

148 1990 229 2020 citia
239 1988 464 2027 transfugere,
477 1991 512 2017 et
528 1986 570 2016 ad
586 1985 762 2015 florentem
779 1984 879 2014 aliam

147 2034 307 2064 devolare.

193 2077 383 2108 Deeolrcre.
416 2074 487 2104 Att.
514 2073 557 2103 ix.
587 2076 636 2106 lo.
668 2071 880 2101 deliberatio-

149 2130 229 2151 nem
253 2120 441 2150 accuratius
465 2119 634 2148 devolvere.
666 2115 750 2145 Phil.
774 2115 829 2145 vii.
848 2117 879 2146 4.

150 2165 290 2195 devoluti&
306 2163 386 2193 estis
403 2162 444 2192 ad
461 2171 553 2201 spen]
570 2161 704 2191 inanem
722 2159 822 2199 pacis.

194 2207 378 2243 Deciorare,
403 2205 521 2245 cupide
540 2204 664 2243 legere,
689 2202 828 2239 audire3
854 2202 881 2230 i-

149 2255 221 2282 tem
238 2251 278 2281 de
293 2251 390 2281 rebus
404 2249 572 2286 omnibus,
587 2257 659 2287 quae
677 2246 769 2276 nobis
785 2245 880 2275 valde

149 2295 299 2336 placent,
314 2296 373 2323 &cn
393 2293 463 2323 Att.
481 2293 536 2322 vii.
554 2295 584 2322 3.
601 2291 754 2320 dammare
766 2288 880 2319 libros.

151 2339 240 2369 Sext.
258 2341 308 2368 10.
331 2337 592 2375 vcrbuni'ipsum
610 2333 792 2373 voluptatis
808 2342 879 2361 om-

150 2382 249 2413 nibus
273 2381 378 2410 modis
401 2380 503 2409 animi
528 2385 562 2408 et
581 2378 727 2417 corporis
750 2377 881 2405 deiura-

150 2427 216 2457 bat.
244 2425 298 2454 ubi
323 2424 388 2454 vid.
413 2423 599 2453 Abi-ninius.
627 2422 646 2439 ’κ’
661 2420 806 2461 perferto
831 2430 880 2449 res

152 2478 267 2509 graves
280 2471 314 2497 et
326 2468 493 2497 molestas.
509 2467 604 2503 item,
618 2464 726 2494 facere
744 2462 881 2502 aliquid,

150 2521 355 2552 quamquam
378 2510 569 2540 molestum.
601 2507 686 2538 Phil.
710 2507 752 2536 vi.
768 2508 798 2537 6.
828 2507 881 2536 de—

148 2565 268 2587 vorare
294 2554 493 2584 molestiam.
523 2553 619 2582 Brut.
644 2552 697 2585 67.
727 2551 882 2580 decorare

151 2599 313 2630 stultitias
328 2602 364 2628 et
377 2597 518 2637 ineptias
535 2596 722 2626 hominum.
750 2593 822 2623 An.
838 2594 880 2623 iv.

153 2646 186 2675 5.
217 2642 344 2673 dudum
369 2640 591 2677 circumrodo,
615 2638 703 2677 quod
725 2638 882 2667 devoran-

151 2687 232 2718 dum
261 2688 322 2715 est.
351 2684 545 2723 *decoqum
577 2683 619 2712 ad
650 2683 725 2712 Div.
757 2682 801 2710 xi.
828 2683 881 2711 21.

151 2730 240 2762 hanc
257 2730 364 2768 ipsam
380 2738 450 2757 rem
467 2734 638 2757 recentem
656 2734 774 2755 novam
792 2724 882 2753 fleva-

151 2774 252 2805 ravit.
277 2774 297 2793 ²*
312 2772 492 2812 praecipere
515 2771 641 2806 animo,
659 2768 698 2798 de
715 2769 754 2798 iis
772 2768 882 2804 rebus,

151 2826 234 2856 quas
258 2818 348 2845 certe
370 2824 542 2854 speramus
559 2823 618 2843 nos
634 2815 882 2842 consecuturos.

151 2861 255 2894 Dom.
271 2860 325 2890 93.
348 2859 502 2888 devorare
517 2856 643 2895 aliquid
658 2866 715 2895 spe
731 2858 765 2884 et
779 2855 884 2884 avari-

149 2904 213 2936 fia.
234 2902 329 2934 verr.
341 2902 363 2933 i.
379 2904 431 2934 51.
454 2901 594 2941 quijam
606 2909 664 2940 spe
679 2903 715 2930 et
726 2899 883 2939 opinione

639 104 793 135 'INDEX
821 104 958 134 LATIN
963 104 1122 134 ITATIS.

912 195 1005 225 illam
1031 193 1180 234 proedam
1206 192 1396 226 devorasset.
1427 195 1448 215 ⁴*
1466 195 1563 229 Brut.
1589 197 1644 230 δ”.

910 239 982 277 ejus
1011 239 1118 269 oratio
1142 238 1246 269 nimia
1270 239 1429 279 religione
1451 245 1643 280 attenuata,

911 282 1020 313 doctis
1043 288 1078 313 et
1101 285 1230 313 attente
1253 283 1463 314 audientibus
1479 289 1552 316 erat
1568 285 1645 316 illu-

911 326 1013 364 stris;
1037 336 1055 356 a
1072 326 1292 357 multitudine
1308 333 1420 357 autem
1438 331 1472 357 et
1486 327 1570 366 foro,
1588 329 1644 359 cui

913 376 993 399 nata
1009 373 1059 399 est
1082 369 1285 408 eloquentia,
1302 371 1520 402 devorabatur
1532 383 1542 401 .·
1565 371 1599 402 h.
1613 381 1646 403 e.

913 412 1110 443 audiebatur
1141 414 1288 452 quidem,
1315 414 1381 445 sed*
1404 415 1464 452 ita,
1489 418 1530 445 ut
1560 414 1645 446 nihil

913 456 1096 495 voluptatis
1126 457 1271 494 afferret,
1295 462 1329 488 et
1352 468 1370 488 a
1393 467 1490 498 paene
1518 458 1645 496 invitis,

914 509 1021 538 neque
1049 499 1301 539 intelligebatur
1323 501 1418 539 adeo,
1443 506 1502 532 aut
1524 502 1647 532 sentie-

914 542 1013 591 lvatur
1025 543 1096 578 ejus
1108 543 1173 573 vis:
1191 545 1475 583 quomadmodum
1488 545 1543 584 qui
1557 545 1646 575 cibos

915 595 1067 615 insuaves
1078 588 1263 618 necessario
1273 588 1468 626 comedunt,
1478 597 1545 619 non
1556 598 1647 618 com-

915 630 1063 659 minutos
1087 633 1122 659 et
1138 634 1288 668 gustatos
1304 632 1509 672 deglutiunt.
1526 631 1566 662 de
1583 632 1646 662 hoc

916 682 1038 712 genere
1062 673 1193 703 <licendi
1218 675 1334 705 Cicero
1357 675 1430 706 aliis
1453 676 1534 707 locis
1551 675 1647 714 dicit,

920 716 1077 746 abhorret
1094 725 1114 746 a
1125 718 1277 757 populari
1292 720 1433 749 ratione.

960 759 1136 798 Devotam,
1153 760 1323 792 devovere.
1349 762 1465 792 Parad.
1481 763 1502 792 i.
1517 763 1548 793 2.
1572 771 1648 801 quae

916 803 965 833 vis
991 803 1098 834 filium
1127 804 1250 844 (Decii)
1277 806 1446 836 devotavit.
1474 806 1528 836 Sic
1551 805 1647 836 MSS.

917 851 952 876 et
984 847 1059 877 edd.
1086 852 1226 878 veteres.
1254 859 1284 878 v.
1311 848 1445 880 Gruter.
1471 848 1515 880 ad
1539 848 1649 880 Plaut.

918 891 1030 921 Oasin.
1047 891 1080 921 ii.
1098 893 1128 922 (ἰ.
1147 892 1201 923 36.

960 934 1104 965 Βθυηίὶο.
1127 935 1206 966 Nat.
1223 936 1266 966 D.
1285 935 1331 966 iii.
1346 936 1377 966 6.
1400 940 1440 966 tu
1456 938 1570 966 autem
1586 935 1649 965 eti-

918 988 973 1008 am
989 979 1171 1009 Deciorum
1184 979 1397 1010 devotionibus
1408 980 1485 1010 deos
1501 979 1650 1020 placatos
1688 987 1691 990 ’

916 1032 989 1059 esse
1014 1031 1139 1052 censes.
1169 1023 1269 1053 Dom.
1294 1026 1346 1057 57.
1376 1023 1464 1054 hanc
1484 1033 1547 1063 ego
1561 1023 1653 1053 devo·

918 1067 1037 1096 tionem
1064 1066 1181 1106 capitis
1210 1066 1277 1096 mci
1303 1068 1490 1097 convictam
1517 1076 1588 1097 esse
1614 1068 1650 1096 et

919 1110 1129 1140 commissam
1148 1110 1283 1150 putabo.
1299 1119 1331 1145 v.
1349 1120 1426 1141 mox
1441 1111 1613 1141 devovere.

962 1152 1142 1190 Devovere,
1172 1154 1303 1193 proprie
1340 1153 1429 1184 idem
1466 1158 1530 1191 est,
1561 1152 1650 1193 quod

917 1207 1039 1227 vovere.
1065 1197 1128 1226 vid.
1146 1207 1175 1225 v.
1189 1207 1217 1227 e.
1240 1196 1305 1227 Off.
1323 1197 1369 1227 iii.
1386 1199 1439 1229 95.
1463 1197 1582 1228 deinde
1598 1200 1650 1227 est

919 1242 1018 1271 certis
1035 1241 1152 1271 ritibus
1169 1250 1203 1270 se
1220 1241 1333 1279 morti,
1350 1251 1376 1271 s.
1393 1240 1522 1271 Telluri
1537 1246 1572 1271 et
1587 1239 1652 1271 diis

920 1285 1072 1314 manibus
1078 1307 1086 1322 ,
1096 1294 1303 1322 consecrare,
1314 1294 1372 1324 pro
1387 1284 1496 1315 salute
1509 1283 1652 1324 reipubl.

919 1336 953 1358 et
980 1328 1126 1369 pernicie
1154 1329 1225 1366 ejus
1255 1328 1367 1367 aliqua
1395 1332 1430 1358 et
1461 1327 1652 1358 calamitate

920 1372 1121 1402 avertenda:
1153 1371 1193 1401 de
1217 1381 1282 1410 quo
1305 1375 1356 1402 est
1378 1371 1470 1402 locus
1494 1372 1651 1402 classicus

920 1426 974 1456 ap.
991 1415 1064 1446 Liv.
1080 1415 1147 1445 viii.
1163 1419 1195 1450 9.
1216 1418 1265 1446 10.
1291 1415 1362 1445 fin.
1380 1417 1413 1446 ii.
1435 1419 1486 1451 19.
1512 1425 1590 1445 cum
1617 1424 1652 1445 se

920 1460 1044 1490 Decius
1067 1459 1241 1489 demvm-et.
1265 1459 1353 1490 unde
1370 1459 1419 1489 illi
1433 1459 1536 1489 etiam
1551 1459 1655 1499 caput

920 1513 1017 1533 suum
1043 1503 1191 1533 devovere
1207 1502 1380 1541 dicuntur,
1397 1503 1452 1542 qui
1469 1512 1504 1533 se
1521 1509 1581 1533 aut
1595 1511 1654 1543 pe-

921 1546 1033 1577 riculis
1049 1546 1202 1576 maximis
1220 1546 1386 1587 intrepide
1401 1556 1462 1586 pro
1473 1547 1584 1586 patria
1594 1546 1654 1576 ob-

915 1591 1054 1630 jiciunt,
1071 1593 1112 1619 ut
1133 1589 1276 1628 faciunt,
1301 1590 1358 1629 qui
1381 1600 1415 1620 se
1439 1590 1654 1620 devoverunt:

919 1634 1014 1674 Quir.
1038 1644 1070 1674 p.
1094 1633 1178 1664 Red.
1204 1637 1231 1663 1.
1256 1644 1333 1663 cum
1357 1643 1410 1663 me
1434 1633 1654 1672 fortunasque

921 1687 1012 1707 meas
1026 1687 1083 1718 pro
1095 1680 1205 1707 vestra
1217 1677 1466 1714 incolumitate,
1475 1679 1558 1715 otio,
1573 1685 1653 1707 con-

923 1721 1035 1751 cordia
1060 1721 1189 1751 devom‘:
1220 1724 1280 1751 aut
1305 1724 1422 1751 votum
1447 1716 1592 1758 faciunt,
1615 1720 1652 1750 in

922 1775 987 1804 quo
1018 1768 1121 1804 caput
1149 1774 1262 1802 suum,
1289 1768 1464 1803 tamquam
1493 1763 1654 1802 bostiam,

921 1809 996 1839 Diis
1027 1809 1185 1846 offerunt,
1212 1808 1307 1847 cujus
1337 1807 1528 1848 exemplum
1560 1816 1655 1847 egre-

922 1853 1014 1891 gium
1038 1856 1089 1882 est
1104 1862 1154 1892 pr.
1171 1852 1271 1882 Dom.
1288 1862 1316 1882 c..
1334 1854 1386 1886 57.
1415 1851 1553 1881 ducitur
1575 1851 1654 1881 hinc

921 1896 1025 1926 etiam
1049 1896 1140 1925 lusus
1166 1895 1222 1926 ille
1247 1895 1416 1925 Ciceronis
1444 1894 1531 1925 Phil.
1552 1895 1598 1925 xi.
1621 1895 1654 1925 6.

921 1939 1032 1970 videte
1056 1940 1158 1969 etiam
1184 1939 1220 1968 P.
1244 1939 1341 1969 Decii
1362 1939 1572 1969 auctionem:
1597 1938 1655 1978 qui

922 1983 1089 2022 majorum
1113 1992 1250 2013 suorum
1273 1983 1418 2022 vestigia
1439 1991 1655 2022 persequens,

921 2037 981 2066 pro
999 2027 1109 2056 alieno
1125 2036 1159 2056 se
1176 2036 1240 2056 aere
1255 2027 1386 2057 devovit.
1410 2025 1550 2056 *Divin.
1567 2026 1588 2056 i.
1601 2027 1655 2056 43.

922 2070 1001 2100 hinc
1024 2071 1149 2101 Remus
1175 2071 1322 2110 auspicio
1345 2080 1379 2100 se
1404 2070 1552 2100 devovet.-
1575 2069 1609 2099 h.
1625 2070 1658 2099 e.

923 2114 1070 2152 auspicio
1086 2114 1246 2154 capiendo
1257 2124 1291 2144 se
1305 2113 1460 2152 accingit.
1475 2122 1515 2143 ex
1528 2113 1650 2144 Ennio.

968 2156 1125 2195 Dentatus,
1152 2157 1350 2187 destinatus.
1382 2156 1527 2196 Harusp.
1555 2156 1596 2187 R.
1623 2158 1655 2187 3.

927 2201 1075 2239 Clodius,
1092 2202 1205 2232 devota
1227 2200 1337 2231 Annio
1356 2200 1467 2231 hostia
1481 2203 1516 2230 εἴ
1530 2200 1657 2230 consti-

925 2250 1020 2275 tura:
1045 2245 1078 2275 h.
1094 2255 1121 2275 e.
1140 2254 1239 2283 quem
1264 2248 1354 2274 certo
1377 2243 1472 2274 video
1488 2244 1528 2275 ab
1543 2244 1655 2274 Annio

925 2288 1052 2318 Milone
1071 2288 1285 2318 interfectum
1305 2288 1357 2318 iri.
1554 2298 1557 2301 ·

986 2333 1070 2369 jem,
1088 2333 1144 2370 qni
1162 2333 1195 2361 iu
1213 2331 1322 2370 aliquo
1340 2340 1461 2370 genere
1476 2329 1656 2369 insigniter

923 2375 1066 2406 excellit.
1095 2376 1151 2405 Or.
1169 2375 1190 2404 i.
1208 2377 1259 2406 93.
1287 2376 1320 2404 ii.
1338 2378 1390 2405 42.
1417 2374 1436 2393 ’Ἠ
1452 2373 1656 2404 benefactor.

923 2420 1017 2459 Quin
1035 2430 1067 2459 p.
1084 2419 1124 2449 R.
1144 2422 1173 2450 5.
1190 2418 1355 2448 Lentulus
1372 2417 1502 2454 consul,
1519 2425 1653 2456 parens,

923 2467 1014 2499 (letes,
1032 2463 1121 2492 salus
1137 2463 1211 2492 vitae
1229 2465 1364 2492 nost-rae.
1388 2461 1407 2480 ²*
1419 2461 1512 2492 Deus
1527 2464 1579 2490 est
1592 2461 1655 2490 etj-

924 2517 978 2536 am
996 2508 1035 2536 de
1051 2506 1195 2536 feminis.
1220 2506 1323 2537 Tusa.
1338 2505 1361 2536 i.
1373 2507 1426 2539 47.
1451 2505 1490 2534 de
1506 2504 1653 2534 Junone.

924 2551 966 2580 cf.
985 2549 1116 2580 Invent.
1132 2550 1164 2580 ii.
1181 2552 1234 2580 31.
1263 2550 1315 2579 Sic
1331 2549 1434 2579 etiam
1451 2547 1557 2577 Graeci
1574 2546 1654 2581 θοός.

968 2594 1138 2630 Dea-cella,
1153 2593 1279 2622 amicus
1297 2591 1414 2622 fidelis.
1437 2591 1510 2621 Att.
1521 2591 1585 2622 xiv.
1600 2593 1654 2622 20.

924 2637 964 2678 Ω.
982 2637 1069 2666 filius
1087 2637 1224 2666 Antonii
1241 2640 1292 2666 est
1307 2636 1458 2666 dexcella.
1641 2648 1643 2651 ·

968 2680 1147 2717 Diadcma,
1163 2683 1214 2709 est
1236 2679 1338 2709 fascia
1360 2679 1448 2715 alba,
1469 2687 1536 2717 qua
1551 2680 1655 2717 caput

926 2724 1080 2754 redimire
1098 2733 1191 2762 reges
1207 2723 1286 2752 olim
1302 2722 1475 2760 solebant3
1499 2720 1589 2750 unde
1604 2721 1656 2751 in-

925 2769 1019 2807 signe
1033 2767 1131 2806 regiae
1145 2767 1318 2807 potestatis
1329 2767 1520 2806 putabatur.
1537 2763 1655 2802 ltaque

926 2813 1027 2841 eiiam
1053 2811 1218 2846 Ciceroni,
1235 2813 1274 2840 ut
1296 2810 1338 2840 ad
1357 2810 1510 2841 Atticum
1527 2807 1654 2845 scribit,

925 2855 1036 2885 fasciae
1053 2858 1190 2884 cretatae
1207 2852 1357 2893 Pompeii
1374 2853 1406 2882 in
1424 2852 1574 2882 cruribus
1589 2850 1655 2880 dis-

926 2898 1109 2939 plicebant,
1127 2896 1216 2938 quod
1229 2897 1390 2939 potentiae
1413 2905 1532 2937 parum
1549 2893 1654 2926 civius
