1800 3131
137 161 222 205 218

189 257 269 289 Cieo.
303 258 361 288 Or.
386 257 409 288 i.
437 257 488 288 56.
518 259 650 286 eretum
678 257 770 293 cieri,
794 256 815 286 i.
842 266 871 286 e.

140 302 309 333 distribui.
342 301 399 332 sed
429 300 468 330 de
496 307 590 330 ercto
613 310 640 331 s.
663 299 777 330 bercto
803 300 870 330 cito

141 346 230 377 iufra
245 346 278 375 in
295 351 425 375 erctum
443 344 605 374 dicemus.
651 343 810 373 Ceterum
830 354 869 372 ex

141 389 205 420 hoc
221 389 294 419 loco
307 388 454 418 concidit
470 392 543 417 tota
555 386 705 417 Salmasii
721 386 870 426 disputa-

139 434 189 464 tio
204 433 245 463 ad
270 432 421 463 Solinum
439 431 478 461 de
500 441 579 461 voce
597 431 715 467 citum,
742 431 776 460 in
793 429 867 459 illo.

137 476 297 510 ⁴heretum
331 476 446 505 citum.
475 485 508 514 p.
541 477 615 508 891.
672 474 720 503 Ex
762 482 869 511 graeco

140 519 211 558 xlm,
230 520 251 549 i.
267 529 297 549 e.
312 517 430 561 πορεύω,
449 518 490 548 ad
502 517 740 548 ambulandum
756 526 871 556 provo-

144 574 196 601 co,
215 568 314 604 putat
328 573 398 592 esse
418 563 514 597 ciere,
530 568 564 590 ct
590 560 668 590 hinc
691 560 808 596 citare,
825 559 871 587 ci-

142 612 214 645 tus,
231 616 289 647 pro
315 605 413 635 celer.
458 605 523 634 Sed
553 605 587 634 in
613 603 674 633 hoc
703 603 786 632 citus
806 602 870 641 pri-

137 659 233 683 mam
265 659 335 680 esse
366 649 509 679 brevem.
570 647 619 676 Ab
646 646 710 676 alia
739 645 867 683 origine

143 704 215 724 esse
231 694 317 724 citus
334 702 393 732 pro
411 692 544 722 divisus.
589 691 675 720 Nam
695 689 729 718 in
745 699 783 718 ea
800 688 869 728 pri-

136 747 233 770 mam
257 746 327 766 esse
352 735 485 774 longam
511 733 717 773 quodetiam
737 732 868 762 videba-

143 784 203 811 tur
229 779 398 819 Stephano
432 783 467 808 et
491 778 685 821 Burmanno
716 775 757 805 ad
779 776 869 814 Virg.

136 825 223 857 ,AEm
247 824 314 853 viii.
338 823 412 852 64⁶2.
438 821 494 851 ubi
527 821 680 851 Donatus
713 820 788 849 citae
821 819 871 848 in-

143 872 350 907 terpretatus
374 870 424 895 est
449 864 574 894 divisae.
619 864 698 894 Esse
715 869 829 892 autem
853 872 872 892 a

143 911 260 940 Graeco
284 909 382 938 vcrbo
398 907 489 948 σχίω,
504 918 564 947 pro
583 917 646 946 quo
667 910 702 936 et
718 904 816 946 σχῖζω
832 910 871 935 ut

143 953 234 996 πρίω,
258 951 361 994 “i-efflat.
407 952 469 981 Pro
493 950 571 990 σχίω
594 959 663 980 esse
686 953 721 980 ct
743 948 815 988 χίω,
832 955 871 978 ut

140 996 282 1039 ,εφαιξίζω
305 1001 341 1025 et
363 994 494 1037 φαιξίζω.
519 995 597 1024 hinc
614 994 677 1031 cio,
694 993 781 1023 unde
800 992 872 1021 her-

144 1044 235 1070 etum
261 1040 400 1075 mitum,
445 1037 683 1078 patrimonium
728 1035 870 1065 divisum
907 1043 915 1050 ”

139 1084 206 1116 .&c.
252 1083 334 1113 Haec
366 1081 502 1121 quidam
532 1086 708 1120 tamquam
739 1078 873 1109 oracula

136 1127 252 1160 ,secuti
281 1130 372 1156 sunt.
409 1125 459 1155 Ex
496 1124 568 1155 loco
605 1129 719 1154 nostro
748 1122 869 1153 falsum

146 1180 218 1200 esse
246 1173 396 1210 apparet,
418 1169 523 1199 citum
541 1169 575 1198 in
605 1175 734 1198 erctum
763 1166 867 1196 citum

145 1223 216 1244 esse
242 1224 260 1244 a
283 1214 343 1243 cio.
368 1217 418 1242 est
435 1213 524 1242 enim
549 1218 679 1241 erctum
696 1211 784 1247 cieri,
803 1219 869 1240 non

137 1259 215 1292 ciri.
260 1257 396 1287 Veteres
422 1256 577 1286 dicebant
600 1256 663 1285 cieo
686 1261 721 1285 et
744 1254 806 1283 cio.
829 1253 870 1283 ab

144 1301 202 1332 illo
219 1301 305 1330 citus
320 1301 409 1330 brevi
426 1300 544 1340 prima,
567 1300 606 1329 ab
622 1299 685 1329 hoc
702 1299 787 1328 citus
806 1297 871 1336 pri-

147 1355 204 1376 ma
226 1344 339 1384 longa,
360 1343 418 1373 sed
432 1343 548 1373 eadem
572 1343 614 1372 vi.
660 1343 713 1372 Sic
730 1342 764 1372 in
782 1350 872 1370 com-

136 1405 274 1446 ·positis,
291 1407 328 1433 ut
343 1407 451 1443 poetae
468 1403 590 1433 docent
605 1402 716 1439 latini,
740 1388 869 1433 excitus

146 1466 183 1492 et
198 1468 339 1498 exeltus,
357 1459 397 1490 ab
419 1457 546 1494 excieo,
563 1456 659 1494 illud,
674 1456 737 1487 hoc
761 1457 801 1487 ab
816 1467 871 1487 ex-

148 1506 211 1536 cio.
257 1505 448 1542 Utrumque
465 1507 517 1531 est
528 1506 729 1538 commotus,
746 1501 870 1532 excita-

145 1553 216 1588 tus,
231 1552 439 1589 provocatus.
484 1545 624 1575 Eretum
650 1545 733 1574 ciere
756 1549 872 1574 autem

147 1602 216 1624 non
233 1597 285 1623 est
310 1591 441 1633 proprie
464 1588 622 1625 dividere,
640 1587 697 1618 sed
723 1598 800 1617 cum
823 1598 872 1617 er-

147 1641 255 1674 ctum,
277 1636 309 1666 h.
337 1645 366 1665 e.
393 1638 433 1664 ut
458 1631 546 1662 infra
575 1632 872 1668 demonstrabitur,

147 1681 248 1718 bona,
265 1689 339 1719 quae
362 1677 485 1708 aedibus
502 1685 529 1705 v.
547 1685 576 1706 c.
594 1675 741 1715 paternis
766 1676 874 1705 conti-

149 1724 316 1754 nebantur
332 1726 366 1752 et
382 1727 556 1759 tamquam
575 1719 786 1755 acerbantur,
802 1729 872 1748 mo-

146 1772 246 1797 vetur
266 1767 339 1796 loco
354 1775 414 1796 suo
439 1769 473 1794 et
489 1762 661 1800 dividitur,
676 1762 822 1801 adeoque
840 1763 874 1792 in

149 1810 230 1842 alias
247 1810 333 1840 aedes
345 1809 476 1839 transit.

197 1854 383 1889 Cim-inum,
419 1851 476 1882 Or.
503 1849 550 1880 iii.
576 1852 629 1880 25.
655 1849 687 1879 in
715 1850 874 1879 cincinnis

149 1898 290 1928 oratoris
300 1901 358 1926 aut
369 1899 475 1936 poetae
491 1893 628 1931 offendi,
641 1893 681 1923 de
696 1902 874 1923 ornamen-

148 1942 193 1971 tis
210 1941 321 1970 nimiis
339 1944 373 1969 et
385 1938 560 1969 affectatis.

198 1984 419 2021 Cincinnatus,
452 1982 533 2013 Nat.
563 1981 607 2011 D.
637 1980 671 2010 ii.
698 1983 727 2011 5.

150 2030 352 2059 cincinnaeoe.

199 2071 330 2102 Cinnas.
355 2070 410 2100 Or.
429 2069 475 2099 iii.
493 2069 522 2099 6.
556 2068 670 2098 cinnas
686 2067 874 2097 amborum.

150 2115 191 2146 de
208 2124 328 2155 genere
346 2113 476 2143 dicendi
493 2111 615 2149 medio,
632 2110 719 2150 quod
731 2111 779 2140 ita
794 2110 875 2140 dici-

148 2164 219 2195 tur,
235 2159 313 2198 quia
329 2158 470 2187 mixtum
484 2161 535 2185 est
550 2165 567 2184 e
582 2155 678 2185 tenui
696 2157 730 2184 et
745 2154 876 2193 magni-

151 2204 225 2233 fico.
272 2202 332 2232 Est
348 2201 437 2230 enim
463 2201 590 2236 cinnas,
606 2202 646 2228 ut
659 2198 790 2228 Nonius
806 2202 875 2226 tra-

153 2245 215 2283 dit,
233 2245 422 2275 commistio
449 2243 684 2283 plurimorum,
706 2241 796 2271 unde
813 2241 875 2270 eti-

154 2300 209 2319 am
226 2288 369 2329 potionis
385 2297 489 2327 genus
514 2296 554 2316 ex
570 2285 720 2325 pluribus
736 2284 878 2323 liquido-

155 2342 231 2364 rum
257 2332 433 2371 generibus
459 2330 612 2366 mistum,
645 2327 734 2368 quod
766 2328 873 2357 Graeci

153 2376 293 2413 κυκεῶνα,
316 2375 373 2414 qui
394 2385 414 2404 a
433 2375 538 2413 κυκᾷν,
557 2373 708 2409 miscere,
727 2377 878 2409 vocatur,

153 2420 283 2455 dicunt,
300 2418 389 2458 apud
404 2417 547 2447 eundem
558 2416 706 2446 Nonium
723 2418 757 2444 ct
773 2414 878 2444 Arno-

152 2463 246 2492 bium
268 2462 387 2492 Cimzus
403 2461 536 2491 dicitur.
583 2460 673 2490 Hinc
689 2458 878 2488 Gatakerus

153 2505 371 2537 Miscellanea
386 2515 411 2535 s.
429 2503 626 2534 Adversaria
647 2512 708 2533 sua
736 2502 878 2533 Chmum

154 2549 336 2589 inscripsit.
353 2559 383 2579 v.
401 2551 472 2578 not.
490 2547 511 2577 l.
529 2557 557 2576 c.

203 2593 367 2623 circuitio.
407 2591 450 2622 N.
475 2591 518 2621 D.
545 2591 579 2620 ii.
606 2592 656 2623 17.
692 2590 880 2619 circuitione

155 2636 298 2675 quadam
314 2637 403 2666 Deos
410 2633 512 2664 tollit.
523 2633 653 2664 barbari
666 2632 814 2663 dicerent
828 2632 879 2661 in·-

155 2680 280 2709 directe
290 2689 315 2709 s.
327 2689 387 2718 per
398 2678 613 2708 indirectum.
629 2676 691 2706 *in
708 2676 880 2706 rhetoricis

154 2722 235 2762 quid
250 2722 306 2759 sit,
318 2732 347 2752 ν.
360 2722 401 2752 ad
416 2722 564 2751 Herenn.
581 2721 624 2750 iv.
639 2723 691 2751 32.

204 2766 375 2796 Circuitus.
398 2765 456 2795 Or.
473 2765 519 2794 iii.
551 2767 603 2794 51.
636 2763 793 2793 circuitus
809 2772 881 2792 ver·

154 2810 274 2840 borum
289 2814 340 2838 est
356 2807 520 2848 periodus.
538 2807 579 2837 ef.
594 2807 652 2837 Or.
679 2809 731 2838 23.
748 2806 807 2835 ἃς.

204 2853 377 2889 Circuitus,
394 2861 425 2889 a,
443 2860 512 2881 um.
541 2850 674 2881 Cornel.
691 2850 713 2880 i.
736 2849 882 2880 circuitis

155 2897 282 2928 rostris.

203 2939 378 2977 aremari,
401 2936 499 2968 Brut.
527 2938 579 2968 54.
596 2936 703 2976 judex
717 2937 881 2968 circulum

765 1979 872 2011 stellae

662 169 806 202 INDEX
836 169 1130 198 LATINITATIS.

915 261 978 293 cst,
1014 257 1069 295 qui
1101 257 1135 286 in
1160 257 1231 296 ipso
1265 256 1408 296 judicio,
1431 257 1510 288 dum
1537 267 1638 289 causa

914 301 1075 330 continua
1102 301 1253 331 oratione
1293 301 1418 339 agitur,
1452 302 1571 341 surgit,
1601 305 1638 332 et

914 353 991 373 cum
1022 344 1210 373 hominibus
1240 345 1404 381 consistit,
1431 349 1465 374 et
1497 345 1637 379 circulos

913 386 1006 423 facit,
1025 387 1235 426 colloquitur.

963 430 1154 460 Circululor.
1178 431 1219 460 ad
1236 431 1311 461 Div.
1337 441 1367 460 x.
1385 432 1436 460 32.
1461 432 1638 462 circulator

914 473 1122 510 auctionum,
1162 483 1213 504 cst
1252 474 1549 511 circumforaneus,
1580 476 1636 514 qui

914 526 990 546 cum
1009 517 1127 546 sci-ntis
1149 521 1183 547 ct
1205 518 1352 556 undiquc
1378 516 1525 548 collectis
1551 527 1638 548 mer-

914 559 1005 589 cibus
1022 559 1094 589 fora
1109 561 1192 598 obit,
1219 567 1253 590 ct
1271 567 1445 599 congestas
1462 571 1513 590 res
1533 561 1640 591 aucti-

913 603 1031 632 onibus
1049 603 1173 634 vendit.
1227 604 1351 635 Eodem
1379 604 1475 634 modo
1499 605 1640 636 circula-

913 649 995 675 tores
1007 646 1166 676 dicuntur
1183 648 1301 677 medici
1328 647 1593 678 circumforanei.
1607 657 1639 678 V.

911 689 1012 718 Salui.
1025 689 1065 718 ad
1078 689 1182 720 Solin.
1201 701 1233 730 p.
1253 694 1327 725 739.
1345 701 1373 721 a.
1390 691 1430 720 G.

964 732 1122 770 Cin-ulus,
1147 738 1328 764 conventus
1355 736 1504 774 privatus
1533 734 1641 765 homi-

914 785 997 805 num
1031 775 1240 815 colloquendi
1287 788 1397 807 causa.
1446 779 1502 808 Or.
1534 778 1556 808 i.
1586 780 1639 809 34.

915 829 1148 858 quemcunque
1181 820 1457 860 patremfamilias
1483 822 1639 862 arripuis-

915 864 994 893 setis
1011 873 1051 893 ex
1068 863 1177 902 aliquo
1193 865 1322 894 circulo.
1342 863 1420 894 ibid.
1434 868 1485 896 33.
1514 875 1590 895 cum
1605 865 1639 895 in

915 907 1034 936 circulo
1050 907 1215 946 decipiare
1233 907 1409 937 adversarii
1426 908 1565 947 alicujus
1581 908 1639 938 sti-

914 950 1156 990 pulatiuncula.
1181 950 1274 981 Balb.
1288 952 1340 982 26.
1366 952 1399 980 in
1414 951 1571 982 conviviis
1589 961 1640 981 ro·

916 993 1014 1030 dunt,
1032 995 1066 1023 in
1083 995 1212 1025 circulis
1226 994 1394 1024 vellicant.

962 1036 1102 1067 Circum.
1126 1038 1245 1077 Quint.
1270 1040 1300 1067 G.
1331 1047 1450 1077 pueros
1465 1038 1589 1068 circum
1605 1047 1639 1067 a·

916 1081 1018 1110 inicos
1043 1080 1197 1118 dimittit,
1219 1092 1249 1109 v.
1268 1082 1429 1111 Passerat.
1446 1081 1486 1111 ad
1507 1081 1540 1111 h.
1556 1081 1578 1111 l.
1596 1081 1639 1112 cf.

915 1123 986 1154 Att.
1004 1125 1071 1154 viii.
1090 1129 1121 1158 9.
1135 1126 1193 1154 ἅς.
1216 1125 1310 1155 Vcrr.
1327 1125 1348 1154 i.
1365 1126 1418 1156 36.
1441 1126 1567 1154 circum
1583 1134 1640 1164 pe-

916 1167 973 1198 des
989 1167 1139 1198 homines
1155 1168 1290 1198 formosi
1307 1173 1339 1198 et
1356 1168 1492 1198 literati.
1510 1168 1550 1198 de
1572 1178 1640 1198 ser-

915 1212 975 1248 vis,
986 1211 1064 1250 quia
1073 1211 1142 1241 scil.
1153 1212 1187 1241 in
1202 1212 1357 1241 conviviis
1371 1211 1411 1241 ad
1424 1212 1522 1252 pedes
1536 1216 1639 1242 stant.

963 1255 1211 1291 Circumcidere,
1235 1254 1362 1284 tollere.
1382 1255 1451 1284 Fin.
1471 1256 1491 1285 i.
1512 1258 1560 1286 13.
1577 1256 1641 1285 cir-

914 1300 1118 1339 cumcisaque
1135 1299 1299 1328 inanitate
1323 1299 1414 1328 omni
1426 1302 1461 1328 et
1474 1308 1596 1329 errore.

963 1343 1239 1373 Circunwurscre.
1284 1342 1326 1372 ad
1361 1342 1437 1372 Div.
1460 1342 1515 1372 vii.
1543 1345 1570 1373 1.
1601 1345 1641 1373 ut

915 1390 1044 1416 nostras
1061 1385 1190 1416 villulas
1218 1385 1308 1415 obire
1325 1389 1359 1415 et
1373 1385 1475 1415 simul
1507 1395 1640 1417 mecum

915 1429 1035 1459 lectica
1051 1431 1312 1459 circumcursare
1329 1439 1452 1468 posses.

964 1472 1188 1513 Circumflare.
1211 1473 1304 1503 Verr.
1321 1473 1368 1502 iii.
1383 1475 1438 1503 41.
1452 1472 1560 1503 ventis
1569 1482 1642 1503 om-

917 1517 1013 1547 nibus
1030 1517 1162 1547 invidiae
1178 1515 1393 1556 circumflari.

966 1560 1214 1600 Cir-cungfluere,
1233 1559 1415 1590 abundare.
1437 1559 1532 1591 ¹Verr.
1549 1559 1596 1589 iii.
1608 1561 1641 1590 4.

916 1604 1013 1634 rebus
1043 1604 1197 1634 omnibus
1217 1602 1454 1643 circumfluere.
1479 1601 1560 1633 Lael.
1589 1606 1640 1634 15.

915 1648 1068 1677 omnibus
1081 1648 1183 1687 copiis
1196 1646 1435 1687 circumfluere.
1454 1645 1526 1676 Att.
1539 1646 1572 1677 ii.
1585 1648 1640 1677 21.

914 1691 1143 1731 circuufiuere
1159 1691 1274 1730 gloria.

965 1734 1259 1774 Caereumjbraneus.
1291 1733 1426 1764 Cluent.
1455 1735 1506 1763 14.
1543 1732 1643 1773 phar·

917 1778 1090 1818 macopola
1104 1777 1392 1817 circumforaneus.
1410 1776 1476 1806 vid.
1502 1775 1642 1808 salmas.

917 1822 959 1852 ad
985 1821 1087 1851 Solin.
1112 1825 1186 1856 739.
1216 1820 1394 1859 Menagius
1420 1819 1641 1854 Amoen..1ur.

917 1876 945 1895 e.
964 1869 1016 1896 35.
1040 1865 1111 1895 Att.
1127 1865 1160 1895 ii.
1187 1869 1214 1895 l.
1238 1874 1302 1895 aere
1319 1861 1574 1904 circumforaneo
1587 1873 1643 1895 me

919 1910 1117 1945 obruerunt,
1145 1909 1167 1939 i.
1184 1919 1213 1939 e.
1236 1918 1300 1938 aere
1317 1907 1426 1937 alieno
1441 1907 1643 1939 subssfoenore

917 1957 1041 1983 sumto.
1086 1952 1186 1983 Ratio
1211 1950 1344 1982 dicendi
1366 1950 1443 1980 inde
1460 1949 1563 1982 ducta
1578 1955 1642 1988 est,

917 1996 1006 2035 quod
1021 1997 1166 2035 pecunia
1180 1996 1288 2026 omnis
1304 1995 1419 2025 Romae
1437 1994 1472 2024 in
1489 1994 1560 2024 foro
1574 1998 1645 2024 tra-

918 2040 1085 2076 ctabatur,
1110 2040 1167 2069 ubi
1189 2039 1277 2079 apud
1301 2037 1507 2077 argentarios
1523 2037 1644 2078 deponi

916 2083 1044 2113 solebat
1061 2093 1080 2112 a
1092 2083 1280 2120 ditioribus,
1294 2082 1351 2120 qui
1367 2081 1407 2111 de
1425 2090 1552 2119 mensa,
1569 2090 1644 2111 raro

918 2127 958 2157 de
986 2137 1061 2156 arca
1084 2126 1267 2156 solvebant.
1305 2125 1370 2156 vid.
1387 2135 1416 2154 v.
1434 2135 1463 2155 c.
1479 2123 1644 2155 Budaeum

919 2170 961 2200 ad
977 2170 1078 2200 Pand.
1090 2180 1122 2210 p.
1140 2180 1184 2200 m.
1207 2170 1276 2203 196.

968 2212 1180 2255 Circuny'z'cio.
1218 2211 1433 2252 complector.
1471 2210 1511 2241 de
1543 2210 1644 2241 Univ.

922 2261 952 2288 8.
979 2258 1111 2287 animus
1128 2267 1148 2287 a
1163 2256 1272 2286 medio
1289 2254 1470 2295 profectus,
1486 2254 1646 2284 extremi-

920 2305 1026 2331 tatem
1052 2300 1126 2331 coeli
1150 2311 1170 2330 a
1192 2309 1350 2339 suprema
1368 2299 1503 2337 regione
1527 2302 1644 2328 rotun-

922 2344 963 2374 do
999 2345 1128 2374 ambitu
1161 2339 1371 2382 circumjecit.
1410 2341 1486 2372 Div.
1516 2341 1551 2371 ii.
1590 2343 1643 2372 28.

922 2387 1010 2427 quod
1026 2388 1145 2427 anguis
1161 2386 1250 2417 domi
1266 2389 1397 2416 vectem
1420 2382 1647 2426 circumjectus

918 2431 1048 2462 suisset.

969 2474 1159 2504 Circumire.
1193 2472 1265 2503 Att.
1295 2472 1361 2502 xiv.
1384 2474 1437 2504 21.
1471 2472 1648 2502 circumire

922 2524 1109 2554 veteranos,
1121 2526 1167 2546 sc.
1183 2515 1321 2555 rogandi
1336 2525 1447 2545 causa.
1460 2525 1490 2544 v.
1508 2515 1647 2544 circum.

923 2562 965 2592 cf.
983 2561 1025 2591 ad
1040 2561 1116 2592 Div.
1131 2571 1161 2590 x.
1178 2562 1230 2590 30.
1253 2558 1272 2577 ³*
1287 2559 1360 2589 Att.
1375 2558 1444 2588 xiii.
1458 2560 1512 2589 20.
1537 2558 1593 2596 qui
1610 2567 1645 2588 se

922 2605 1027 2635 totius
1057 2603 1136 2634 belli
1165 2603 1321 2633 fluctibus
1348 2603 1529 2639 circumiri,
1545 2611 1647 2640 quam

924 2648 1022 2678 illum
1039 2646 1194 2688 progredi
1210 2645 1341 2676 maluit.

972 2691 1203 2722 Circumluvw.
1227 2690 1284 2720 Or.
1307 2689 1328 2719 i.
1345 2692 1397 2720 38.
1421 2689 1647 2719 circumluvio-

923 2745 1002 2766 num
1014 2736 1105 2775 jura.

973 2778 1232 2817 Cz'rezcmplector‚
1256 2774 1452 2815 amplector.
1469 2774 1555 2805 Phil.
1577 2775 1649 2806 xiii.

925 2825 955 2853 5.
980 2821 1133 2852 Univers.
1150 2824 1182 2854 7.
1209 2819 1248 2849 de
1276 2819 1340 2849 hoc
1366 2817 1466 2849 verbo
1481 2828 1512 2848 v.
1529 2818 1646 2856 Heius.

925 2870 961 2896 et
976 2865 1092 2895 Burm.
1105 2863 1147 2893 ad
1161 2863 1253 2902 Virg.
1268 2863 1344 2893 AEn.
1361 2871 1389 2891 ν.
1406 2863 1481 2893 312.

974 2908 1195 2947 C'z'rcumplicO.
1226 2906 1303 2937 Div.
1332 2905 1366 2935 ii.
1396 2907 1450 2937 28.
1474 2905 1501 2937 si
1528 2904 1646 2945 ungui!

923 2957 1056 2983 vectem
1070 2951 1386 2992 circumplicavz'ceet.
