<?xml version="1.0" encoding="UTF-8"?>
<!DOCTYPE html PUBLIC "-//W3C//DTD XHTML 1.0 Transitional//EN"
    "http://www.w3.org/TR/xhtml1/DTD/xhtml1-transitional.dtd">
<html xmlns="http://www.w3.org/1999/xhtml" xml:lang="en" lang="en">
 <head>
  <title>
</title>
<meta http-equiv="Content-Type" content="text/html;charset=utf-8" />
  <meta name='ocr-system' content='tesseract 3.04.00' />
  <meta name='ocr-capabilities' content='ocr_page ocr_carea ocr_par ocr_line ocrx_word'/>
</head>
<body>
  <div class='ocr_page' id='page_1' title='image "./operaomnia05ciceuoft/operaomnia05ciceuoft_0197.png"; bbox 0 0 1804 3178; ppageno 0'>
   <div class='ocr_carea' id='block_1_1' title="bbox 629 125 1101 169">
    <p class='ocr_par' dir='ltr' id='par_1_1' title="bbox 629 125 1101 169">
     <span class='ocr_line' id='line_1_1' title="bbox 629 125 1101 169; baseline 0.008 -4"><span class='ocrx_word' id='word_1_1' title='bbox 629 136 777 167; x_wconf 69' lang='lat' dir='ltr'><strong>mnnx</strong></span> <span class='ocrx_word' id='word_1_2' title='bbox 807 125 1101 169; x_wconf 57' lang='lat' dir='ltr'><strong>mrim-raris.</strong></span> 
     </span>
    </p>
   </div>
   <div class='ocr_carea' id='block_1_2' title="bbox 109 225 848 2969">
    <p class='ocr_par' dir='ltr' id='par_1_2' title="bbox 112 225 846 702">
     <span class='ocr_line' id='line_1_2' title="bbox 157 225 840 261; baseline -0.007 0"><span class='ocrx_word' id='word_1_3' title='bbox 157 225 314 261; x_wconf 66' lang='lat' dir='ltr'><strong>Altitudo.</strong></span> <span class='ocrx_word' id='word_1_4' title='bbox 335 225 449 258; x_wconf 73' lang='lat' dir='ltr'><strong>Rabir.</strong></span> <span class='ocrx_word' id='word_1_5' title='bbox 464 225 501 256; x_wconf 77' lang='lat' dir='ltr'><strong>P.</strong></span> <span class='ocrx_word' id='word_1_6' title='bbox 518 225 570 256; x_wconf 76' lang='lat'><strong>16.</strong></span> <span class='ocrx_word' id='word_1_7' title='bbox 594 226 716 256; x_wconf 83' lang='lat' dir='ltr'><strong>mentis</strong></span> <span class='ocrx_word' id='word_1_8' title='bbox 740 225 840 257; x_wconf 87' lang='lat' dir='ltr'><strong>lumi-</strong></span> 
     </span>
     <span class='ocr_line' id='line_1_3' title="bbox 114 268 840 310; baseline -0.006 -6"><span class='ocrx_word' id='word_1_9' title='bbox 114 271 213 304; x_wconf 68' lang='lat' dir='ltr'><strong>nibus</strong></span> <span class='ocrx_word' id='word_1_10' title='bbox 231 272 333 302; x_wconf 76' lang='lat' dir='ltr'><strong>officit</strong></span> <span class='ocrx_word' id='word_1_11' title='bbox 350 269 488 302; x_wconf 73' lang='lat' dir='ltr'><strong>aleimdo</strong></span> <span class='ocrx_word' id='word_1_12' title='bbox 502 268 646 300; x_wconf 76' lang='lat' dir='ltr'><strong>fortunae</strong></span> <span class='ocrx_word' id='word_1_13' title='bbox 667 273 701 300; x_wconf 84' lang='lat' dir='ltr'><strong>et</strong></span> <span class='ocrx_word' id='word_1_14' title='bbox 714 269 840 310; x_wconf 77' lang='lat' dir='ltr'><strong>gioriae.</strong></span> 
     </span>
     <span class='ocr_line' id='line_1_4' title="bbox 115 313 841 350; baseline -0.004 -4"><span class='ocrx_word' id='word_1_15' title='bbox 115 315 212 346; x_wconf 67' lang='lat' dir='ltr'><strong>‘Offi</strong></span> <span class='ocrx_word' id='word_1_16' title='bbox 230 315 250 345; x_wconf 90' lang='lat' dir='ltr'><strong>i.</strong></span> <span class='ocrx_word' id='word_1_17' title='bbox 266 317 319 347; x_wconf 72' lang='lat'><strong>95.</strong></span> <span class='ocrx_word' id='word_1_18' title='bbox 342 313 483 345; x_wconf 75' lang='lat' dir='ltr'>facilitas</span> <span class='ocrx_word' id='word_1_19' title='bbox 506 318 540 342; x_wconf 87' lang='lat' dir='ltr'><strong>et</strong></span> <span class='ocrx_word' id='word_1_20' title='bbox 563 313 702 343; x_wconf 79' lang='lat' dir='ltr'><em>altitudo</em></span> <span class='ocrx_word' id='word_1_21' title='bbox 725 314 841 350; x_wconf 87' lang='lat' dir='ltr'><strong>animi,</strong></span> 
     </span>
     <span class='ocr_line' id='line_1_5' title="bbox 112 355 836 398; baseline -0.003 -9"><span class='ocrx_word' id='word_1_22' title='bbox 112 368 189 398; x_wconf 75' lang='lat' dir='ltr'><strong>quae</strong></span> <span class='ocrx_word' id='word_1_23' title='bbox 216 358 349 389; x_wconf 86' lang='lat' dir='ltr'><strong>dicitur.</strong></span> <span class='ocrx_word' id='word_1_24' title='bbox 373 357 433 388; x_wconf 59' lang='grc' dir='ltr'><strong>Εἰ</strong></span> <span class='ocrx_word' id='word_1_25' title='bbox 449 356 565 386; x_wconf 80' lang='lat' dir='ltr'><strong>eadem</strong></span> <span class='ocrx_word' id='word_1_26' title='bbox 592 366 666 396; x_wconf 79' lang='lat' dir='ltr'><strong>quoe</strong></span> <span class='ocrx_word' id='word_1_27' title='bbox 687 355 836 393; x_wconf 59' lang='grc' dir='ltr'>βαθύς-ης.</span> 
     </span>
     <span class='ocr_line' id='line_1_6' title="bbox 113 399 842 433; baseline -0.001 -2"><span class='ocrx_word' id='word_1_28' title='bbox 113 411 144 433; x_wconf 87' lang='lat' dir='ltr'><strong>v.</strong></span> <span class='ocrx_word' id='word_1_29' title='bbox 169 401 242 432; x_wconf 74' lang='lat' dir='ltr'><strong>ind.</strong></span> <span class='ocrx_word' id='word_1_30' title='bbox 259 402 315 432; x_wconf 90' lang='lat' dir='ltr'><strong>Gr.</strong></span> <span class='ocrx_word' id='word_1_31' title='bbox 330 406 366 432; x_wconf 85' lang='lat' dir='ltr'><strong>et</strong></span> <span class='ocrx_word' id='word_1_32' title='bbox 381 400 422 431; x_wconf 82' lang='lat' dir='ltr'><strong>ad</strong></span> <span class='ocrx_word' id='word_1_33' title='bbox 437 400 546 430; x_wconf 83' lang='lat' dir='ltr'><strong>Tacit.</strong></span> <span class='ocrx_word' id='word_1_34' title='bbox 562 399 600 430; x_wconf 89' lang='grc' dir='ltr'><strong>Α.</strong></span> <span class='ocrx_word' id='word_1_35' title='bbox 619 400 664 430; x_wconf 89' lang='lat' dir='ltr'><strong>iii.</strong></span> <span class='ocrx_word' id='word_1_36' title='bbox 681 403 735 431; x_wconf 77' lang='lat'><strong>4⁴.</strong></span> <span class='ocrx_word' id='word_1_37' title='bbox 766 400 842 431; x_wconf 81' lang='lat' dir='ltr'><strong>Mil.</strong></span> 
     </span>
     <span class='ocr_line' id='line_1_7' title="bbox 115 443 843 483; baseline -0.003 -7"><span class='ocrx_word' id='word_1_38' title='bbox 115 448 147 477; x_wconf 81' lang='lat'><strong>8.</strong></span> <span class='ocrx_word' id='word_1_39' title='bbox 180 454 274 476; x_wconf 76' lang='lat' dir='ltr'><strong>mens</strong></span> <span class='ocrx_word' id='word_1_40' title='bbox 299 447 384 481; x_wconf 75' lang='lat' dir='ltr'><strong>alta,</strong></span> <span class='ocrx_word' id='word_1_41' title='bbox 412 444 432 474; x_wconf 93' lang='lat' dir='ltr'><strong>i.</strong></span> <span class='ocrx_word' id='word_1_42' title='bbox 458 454 487 474; x_wconf 89' lang='lat' dir='ltr'><strong>c.</strong></span> <span class='ocrx_word' id='word_1_43' title='bbox 509 453 582 483; x_wconf 80' lang='lat' dir='ltr'><strong>quae</strong></span> <span class='ocrx_word' id='word_1_44' title='bbox 605 453 656 474; x_wconf 78' lang='lat' dir='ltr'><strong>res</strong></span> <span class='ocrx_word' id='word_1_45' title='bbox 679 443 843 474; x_wconf 71' lang='lat' dir='ltr'><strong>humanas</strong></span> 
     </span>
     <span class='ocr_line' id='line_1_8' title="bbox 114 487 843 519; baseline -0.003 0"><span class='ocrx_word' id='word_1_46' title='bbox 114 488 314 519; x_wconf 78' lang='lat' dir='ltr'><strong>contemnit.</strong></span> <span class='ocrx_word' id='word_1_47' title='bbox 337 490 356 509; x_wconf 58' lang='grc' dir='ltr'><strong>Φ</strong></span> <span class='ocrx_word' id='word_1_48' title='bbox 373 487 441 518; x_wconf 84' lang='lat' dir='ltr'><strong>Fin.</strong></span> <span class='ocrx_word' id='word_1_49' title='bbox 460 488 492 517; x_wconf 88' lang='lat' dir='ltr'><strong>ii.</strong></span> <span class='ocrx_word' id='word_1_50' title='bbox 510 488 557 518; x_wconf 84' lang='lat'><strong>16.</strong></span> <span class='ocrx_word' id='word_1_51' title='bbox 582 494 618 518; x_wconf 92' lang='lat' dir='ltr'><strong>ut</strong></span> <span class='ocrx_word' id='word_1_52' title='bbox 631 489 729 517; x_wconf 73' lang='lat' dir='ltr'><strong>‹deior</strong></span> <span class='ocrx_word' id='word_1_53' title='bbox 742 488 843 518; x_wconf 85' lang='lat' dir='ltr'><strong>inter·</strong></span> 
     </span>
     <span class='ocr_line' id='line_1_9' title="bbox 114 530 845 572; baseline -0.001 -10"><span class='ocrx_word' id='word_1_54' title='bbox 114 531 196 562; x_wconf 90' lang='lat' dir='ltr'><strong>dum</strong></span> <span class='ocrx_word' id='word_1_55' title='bbox 220 531 327 562; x_wconf 81' lang='lat' dir='ltr'><strong>fieres.</strong></span> <span class='ocrx_word' id='word_1_56' title='bbox 351 530 477 561; x_wconf 88' lang='lat' dir='ltr'><strong>dicitur</strong></span> <span class='ocrx_word' id='word_1_57' title='bbox 500 530 539 560; x_wconf 89' lang='lat' dir='ltr'><strong>de</strong></span> <span class='ocrx_word' id='word_1_58' title='bbox 559 530 622 567; x_wconf 84' lang='lat' dir='ltr'><strong>his,</strong></span> <span class='ocrx_word' id='word_1_59' title='bbox 638 531 756 570; x_wconf 87' lang='lat' dir='ltr'><strong>quibus</strong></span> <span class='ocrx_word' id='word_1_60' title='bbox 774 531 845 572; x_wconf 84' lang='lat' dir='ltr'><strong>ipsa</strong></span> 
     </span>
     <span class='ocr_line' id='line_1_10' title="bbox 114 574 846 615; baseline -0.001 -9"><span class='ocrx_word' id='word_1_61' title='bbox 114 574 313 615; x_wconf 72' lang='lat' dir='ltr'>magnitudo</span> <span class='ocrx_word' id='word_1_62' title='bbox 328 584 453 611; x_wconf 86' lang='lat' dir='ltr'><strong>rerum,</strong></span> <span class='ocrx_word' id='word_1_63' title='bbox 471 584 551 614; x_wconf 84' lang='lat' dir='ltr'><strong>quas</strong></span> <span class='ocrx_word' id='word_1_64' title='bbox 567 574 697 612; x_wconf 88' lang='lat' dir='ltr'><strong>dicunt,</strong></span> <span class='ocrx_word' id='word_1_65' title='bbox 713 574 846 605; x_wconf 77' lang='lat' dir='ltr'><strong>videtur</strong></span> 
     </span>
     <span class='ocr_line' id='line_1_11' title="bbox 112 618 844 658; baseline -0.001 -9"><span class='ocrx_word' id='word_1_66' title='bbox 112 618 217 649; x_wconf 80' lang='lat' dir='ltr'><strong>animi</strong></span> <span class='ocrx_word' id='word_1_67' title='bbox 229 618 497 658; x_wconf 64' lang='lat' dir='ltr'><strong>magnitudinem</strong></span> <span class='ocrx_word' id='word_1_68' title='bbox 509 619 638 655; x_wconf 76' lang='lat' dir='ltr'><strong>afferre,</strong></span> <span class='ocrx_word' id='word_1_69' title='bbox 650 619 710 657; x_wconf 77' lang='lat' dir='ltr'><strong>ita,</strong></span> <span class='ocrx_word' id='word_1_70' title='bbox 724 623 774 656; x_wconf 91' lang='lat' dir='ltr'><strong>ut,</strong></span> <span class='ocrx_word' id='word_1_71' title='bbox 788 619 844 658; x_wconf 88' lang='lat' dir='ltr'><strong>qui</strong></span> 
     </span>
     <span class='ocr_line' id='line_1_12' title="bbox 112 661 500 702; baseline -0.003 -10"><span class='ocrx_word' id='word_1_72' title='bbox 112 661 228 692; x_wconf 80' lang='lat' dir='ltr'><strong>audiat</strong></span> <span class='ocrx_word' id='word_1_73' title='bbox 242 661 367 692; x_wconf 77' lang='lat' dir='ltr'><strong>sentire</strong></span> <span class='ocrx_word' id='word_1_74' title='bbox 386 662 500 702; x_wconf 80' lang='lat' dir='ltr'>possit.</span> 
     </span>
    </p>

    <p class='ocr_par' dir='ltr' id='par_1_3' title="bbox 112 703 846 962">
     <span class='ocr_line' id='line_1_13' title="bbox 157 703 843 743; baseline -0.003 -7"><span class='ocrx_word' id='word_1_75' title='bbox 157 705 264 736; x_wconf 70' lang='lat' dir='ltr'><strong>Amas.</strong></span> <span class='ocrx_word' id='word_1_76' title='bbox 299 705 432 736; x_wconf 76' lang='lat' dir='ltr'><strong>Servius</strong></span> <span class='ocrx_word' id='word_1_77' title='bbox 461 705 502 735; x_wconf 83' lang='lat' dir='ltr'><strong>ad</strong></span> <span class='ocrx_word' id='word_1_78' title='bbox 530 703 647 743; x_wconf 61' lang='lat' dir='ltr'><strong>virgil.</strong></span> <span class='ocrx_word' id='word_1_79' title='bbox 672 704 749 734; x_wconf 85' lang='lat' dir='ltr'><strong>AEn.</strong></span> <span class='ocrx_word' id='word_1_80' title='bbox 775 703 843 734; x_wconf 90' lang='lat' dir='ltr'><strong>viii.</strong></span> 
     </span>
     <span class='ocr_line' id='line_1_14' title="bbox 112 747 845 790; baseline -0.004 -10"><span class='ocrx_word' id='word_1_81' title='bbox 112 750 189 783; x_wconf 77' lang='lat'><strong>395.</strong></span> <span class='ocrx_word' id='word_1_82' title='bbox 212 748 339 790; x_wconf 72' lang='lat' dir='ltr'><strong>profert</strong></span> <span class='ocrx_word' id='word_1_83' title='bbox 361 759 379 779; x_wconf 88' lang='lat' dir='ltr'><strong>e</strong></span> <span class='ocrx_word' id='word_1_84' title='bbox 404 750 511 790; x_wconf 87' lang='lat' dir='ltr'><strong>primo</strong></span> <span class='ocrx_word' id='word_1_85' title='bbox 527 747 569 778; x_wconf 86' lang='lat' dir='ltr'><strong>ad</strong></span> <span class='ocrx_word' id='word_1_86' title='bbox 585 747 679 778; x_wconf 85' lang='lat' dir='ltr'>Brut.</span> <span class='ocrx_word' id='word_1_87' title='bbox 703 748 730 778; x_wconf 91' lang='lat' dir='ltr'><strong>si</strong></span> <span class='ocrx_word' id='word_1_88' title='bbox 747 747 845 778; x_wconf 87' lang='lat' dir='ltr'><strong>Pom-</strong></span> 
     </span>
     <span class='ocr_line' id='line_1_15' title="bbox 112 790 844 833; baseline -0.003 -11"><span class='ocrx_word' id='word_1_89' title='bbox 112 792 208 833; x_wconf 86' lang='lat' dir='ltr'><strong>peius</strong></span> <span class='ocrx_word' id='word_1_90' title='bbox 232 802 298 823; x_wconf 90' lang='lat' dir='ltr'><strong>non</strong></span> <span class='ocrx_word' id='word_1_91' title='bbox 321 803 362 822; x_wconf 63' lang='lat' dir='ltr'><strong>ez·</strong></span> <span class='ocrx_word' id='word_1_92' title='bbox 383 794 448 823; x_wconf 79' lang='lat' dir='ltr'><strong>alto</strong></span> <span class='ocrx_word' id='word_1_93' title='bbox 471 797 614 832; x_wconf 81' lang='lat' dir='ltr'><strong>peteret,</strong></span> <span class='ocrx_word' id='word_1_94' title='bbox 631 792 651 821; x_wconf 90' lang='lat' dir='ltr'><strong>i.</strong></span> <span class='ocrx_word' id='word_1_95' title='bbox 675 801 704 821; x_wconf 91' lang='lat' dir='ltr'><strong>e.</strong></span> <span class='ocrx_word' id='word_1_96' title='bbox 728 790 844 821; x_wconf 86' lang='lat' dir='ltr'><strong>multis</strong></span> 
     </span>
     <span class='ocr_line' id='line_1_16' title="bbox 112 834 846 876; baseline -0.003 -10"><span class='ocrx_word' id='word_1_97' title='bbox 112 836 222 866; x_wconf 85' lang='lat' dir='ltr'><strong>causis</strong></span> <span class='ocrx_word' id='word_1_98' title='bbox 245 847 263 866; x_wconf 87' lang='lat' dir='ltr'><strong>e</strong></span> <span class='ocrx_word' id='word_1_99' title='bbox 286 837 447 876; x_wconf 81' lang='lat' dir='ltr'><strong>superiori</strong></span> <span class='ocrx_word' id='word_1_100' title='bbox 467 837 536 866; x_wconf 77' lang='lat' dir='ltr'><strong>vita</strong></span> <span class='ocrx_word' id='word_1_101' title='bbox 555 835 719 875; x_wconf 84' lang='lat' dir='ltr'><strong>repetitis,</strong></span> <span class='ocrx_word' id='word_1_102' title='bbox 736 840 774 864; x_wconf 84' lang='lat' dir='ltr'><strong>ut</strong></span> <span class='ocrx_word' id='word_1_103' title='bbox 792 834 846 864; x_wconf 85' lang='lat' dir='ltr'><strong>Ci-</strong></span> 
     </span>
     <span class='ocr_line' id='line_1_17' title="bbox 113 877 845 920; baseline -0.001 -11"><span class='ocrx_word' id='word_1_104' title='bbox 113 888 191 910; x_wconf 84' lang='lat' dir='ltr'><strong>cero</strong></span> <span class='ocrx_word' id='word_1_105' title='bbox 207 879 241 909; x_wconf 90' lang='lat' dir='ltr'><strong>in</strong></span> <span class='ocrx_word' id='word_1_106' title='bbox 258 879 402 920; x_wconf 83' lang='lat' dir='ltr'><strong>petendo</strong></span> <span class='ocrx_word' id='word_1_107' title='bbox 418 880 526 910; x_wconf 80' lang='lat' dir='ltr'><strong>facere</strong></span> <span class='ocrx_word' id='word_1_108' title='bbox 541 877 638 909; x_wconf 84' lang='lat' dir='ltr'><strong>solet.</strong></span> <span class='ocrx_word' id='word_1_109' title='bbox 661 878 725 908; x_wconf 82' lang='lat' dir='ltr'><strong>vid.</strong></span> <span class='ocrx_word' id='word_1_110' title='bbox 743 878 845 909; x_wconf 82' lang='lat' dir='ltr'><strong>Pieri—</strong></span> 
     </span>
     <span class='ocr_line' id='line_1_18' title="bbox 112 922 422 962; baseline 0.003 -10"><span class='ocrx_word' id='word_1_111' title='bbox 112 931 171 953; x_wconf 86' lang='lat' dir='ltr'><strong>um</strong></span> <span class='ocrx_word' id='word_1_112' title='bbox 189 922 231 953; x_wconf 88' lang='lat' dir='ltr'><strong>ad</strong></span> <span class='ocrx_word' id='word_1_113' title='bbox 246 923 337 962; x_wconf 77' lang='lat' dir='ltr'><strong>Vix-g.</strong></span> <span class='ocrx_word' id='word_1_114' title='bbox 356 922 377 953; x_wconf 96' lang='lat' dir='ltr'><strong>l.</strong></span> <span class='ocrx_word' id='word_1_115' title='bbox 394 934 422 953; x_wconf 90' lang='lat' dir='ltr'><strong>c.</strong></span> 
     </span>
    </p>

    <p class='ocr_par' dir='ltr' id='par_1_4' title="bbox 115 965 843 1041">
     <span class='ocr_line' id='line_1_19' title="bbox 154 965 843 998; baseline -0.004 0"><span class='ocrx_word' id='word_1_116' title='bbox 154 967 286 998; x_wconf 71' lang='lat' dir='ltr'><strong>Ataeus.</strong></span> <span class='ocrx_word' id='word_1_117' title='bbox 299 966 339 996; x_wconf 82' lang='lat' dir='ltr'><strong>de</strong></span> <span class='ocrx_word' id='word_1_118' title='bbox 355 966 437 997; x_wconf 84' lang='lat' dir='ltr'><strong>solio</strong></span> <span class='ocrx_word' id='word_1_119' title='bbox 453 965 614 997; x_wconf 85' lang='lat' dir='ltr'><strong>balneari.</strong></span> <span class='ocrx_word' id='word_1_120' title='bbox 633 965 784 996; x_wconf 70' lang='lat' dir='ltr'><strong>Herenn.</strong></span> <span class='ocrx_word' id='word_1_121' title='bbox 801 966 843 996; x_wconf 89' lang='lat' dir='ltr'><strong>iv.</strong></span> 
     </span>
     <span class='ocr_line' id='line_1_20' title="bbox 115 1009 400 1041; baseline -0.004 0"><span class='ocrx_word' id='word_1_122' title='bbox 115 1011 166 1041; x_wconf 81' lang='lat'><strong>10.</strong></span> <span class='ocrx_word' id='word_1_123' title='bbox 190 1009 234 1040; x_wconf 88' lang='lat' dir='ltr'><strong>cf.</strong></span> <span class='ocrx_word' id='word_1_124' title='bbox 251 1009 331 1040; x_wconf 82' lang='lat' dir='ltr'><strong>Coel.</strong></span> <span class='ocrx_word' id='word_1_125' title='bbox 347 1011 400 1041; x_wconf 71' lang='lat'><strong>523.</strong></span> 
     </span>
    </p>

    <p class='ocr_par' dir='ltr' id='par_1_5' title="bbox 111 1053 843 1129">
     <span class='ocr_line' id='line_1_21' title="bbox 155 1053 843 1084; baseline -0.001 0"><span class='ocrx_word' id='word_1_126' title='bbox 155 1053 355 1084; x_wconf 84' lang='lat' dir='ltr'><strong>Amandare.</strong></span> <span class='ocrx_word' id='word_1_127' title='bbox 379 1058 539 1084; x_wconf 85' lang='lat' dir='ltr'><strong>avertere.</strong></span> <span class='ocrx_word' id='word_1_128' title='bbox 562 1053 643 1084; x_wconf 81' lang='lat' dir='ltr'><strong>Nat.</strong></span> <span class='ocrx_word' id='word_1_129' title='bbox 666 1053 709 1084; x_wconf 93' lang='lat' dir='ltr'><strong>D.</strong></span> <span class='ocrx_word' id='word_1_130' title='bbox 734 1053 768 1083; x_wconf 88' lang='lat' dir='ltr'><strong>ii.</strong></span> <span class='ocrx_word' id='word_1_131' title='bbox 792 1053 843 1084; x_wconf 87' lang='lat'><strong>56.</strong></span> 
     </span>
     <span class='ocr_line' id='line_1_22' title="bbox 111 1097 519 1129; baseline -0.005 0"><span class='ocrx_word' id='word_1_132' title='bbox 111 1097 308 1129; x_wconf 55' lang='lat' dir='ltr'><strong>amandam}</strong></span> <span class='ocrx_word' id='word_1_133' title='bbox 324 1107 344 1127; x_wconf 89' lang='lat' dir='ltr'><strong>a</strong></span> <span class='ocrx_word' id='word_1_134' title='bbox 358 1097 519 1127; x_wconf 73' lang='lat' dir='ltr'><strong>sensibus.</strong></span> 
     </span>
    </p>

    <p class='ocr_par' dir='ltr' id='par_1_6' title="bbox 153 1139 791 1180">
     <span class='ocr_line' id='line_1_23' title="bbox 153 1139 791 1180; baseline -0.005 -8"><span class='ocrx_word' id='word_1_135' title='bbox 153 1141 365 1172; x_wconf 72' lang='lat' dir='ltr'><strong>Amaudatio.</strong></span> <span class='ocrx_word' id='word_1_136' title='bbox 382 1141 553 1180; x_wconf 76' lang='lat' dir='ltr'><strong>relegatio.</strong></span> <span class='ocrx_word' id='word_1_137' title='bbox 569 1139 666 1171; x_wconf 84' lang='lat' dir='ltr'><strong>Rosc.</strong></span> <span class='ocrx_word' id='word_1_138' title='bbox 682 1140 721 1170; x_wconf 87' lang='lat' dir='ltr'><strong>A.</strong></span> <span class='ocrx_word' id='word_1_139' title='bbox 743 1142 791 1170; x_wconf 84' lang='lat'><strong>15.</strong></span> 
     </span>
    </p>

    <p class='ocr_par' dir='ltr' id='par_1_7' title="bbox 111 1184 845 1355">
     <span class='ocr_line' id='line_1_24' title="bbox 153 1184 844 1215; baseline -0.003 0"><span class='ocrx_word' id='word_1_140' title='bbox 153 1185 312 1215; x_wconf 73' lang='lat' dir='ltr'><strong>Amaras.</strong></span> <span class='ocrx_word' id='word_1_141' title='bbox 330 1194 491 1214; x_wconf 68' lang='lat' dir='ltr'><strong>morosuS.</strong></span> <span class='ocrx_word' id='word_1_142' title='bbox 515 1185 586 1214; x_wconf 79' lang='lat' dir='ltr'><strong>Att.</strong></span> <span class='ocrx_word' id='word_1_143' title='bbox 599 1184 662 1213; x_wconf 84' lang='lat' dir='ltr'><strong>xiv.</strong></span> <span class='ocrx_word' id='word_1_144' title='bbox 675 1185 727 1214; x_wconf 74' lang='lat'><strong>21.</strong></span> <span class='ocrx_word' id='word_1_145' title='bbox 751 1193 844 1213; x_wconf 79' lang='lat' dir='ltr'><strong>ama-</strong></span> 
     </span>
     <span class='ocr_line' id='line_1_25' title="bbox 111 1226 845 1265; baseline -0.004 -6"><span class='ocrx_word' id='word_1_146' title='bbox 111 1230 232 1260; x_wconf 77' lang='lat' dir='ltr'><strong>riorem</strong></span> <span class='ocrx_word' id='word_1_147' title='bbox 248 1238 301 1259; x_wconf 80' lang='lat' dir='ltr'><strong>mc</strong></span> <span class='ocrx_word' id='word_1_148' title='bbox 317 1236 472 1259; x_wconf 77' lang='lat' dir='ltr'><strong>senectus</strong></span> <span class='ocrx_word' id='word_1_149' title='bbox 488 1227 581 1265; x_wconf 84' lang='lat' dir='ltr'><strong>facit,</strong></span> <span class='ocrx_word' id='word_1_150' title='bbox 598 1226 789 1257; x_wconf 79' lang='lat' dir='ltr'>stomachor</span> <span class='ocrx_word' id='word_1_151' title='bbox 804 1227 845 1256; x_wconf 86' lang='lat' dir='ltr'><strong>ad</strong></span> 
     </span>
     <span class='ocr_line' id='line_1_26' title="bbox 111 1269 845 1303; baseline -0.004 0"><span class='ocrx_word' id='word_1_152' title='bbox 111 1273 238 1303; x_wconf 86' lang='lat' dir='ltr'><strong>omnia.</strong></span> <span class='ocrx_word' id='word_1_153' title='bbox 262 1271 304 1302; x_wconf 89' lang='lat' dir='ltr'><strong>ad</strong></span> <span class='ocrx_word' id='word_1_154' title='bbox 320 1272 391 1302; x_wconf 86' lang='lat' dir='ltr'><strong>Att.</strong></span> <span class='ocrx_word' id='word_1_155' title='bbox 409 1272 472 1301; x_wconf 77' lang='lat' dir='ltr'><strong>xvi.</strong></span> <span class='ocrx_word' id='word_1_156' title='bbox 495 1274 541 1302; x_wconf 84' lang='lat'><strong>13.</strong></span> <span class='ocrx_word' id='word_1_157' title='bbox 573 1271 626 1300; x_wconf 65' lang='lat' dir='ltr'><strong>via</strong></span> <span class='ocrx_word' id='word_1_158' title='bbox 641 1280 771 1301; x_wconf 69' lang='lat' dir='ltr'><strong>antara.</strong></span> <span class='ocrx_word' id='word_1_159' title='bbox 787 1269 845 1300; x_wconf 81' lang='lat' dir='ltr'><strong>sed</strong></span> 
     </span>
     <span class='ocr_line' id='line_1_27' title="bbox 111 1314 505 1355; baseline -0.005 -9"><span class='ocrx_word' id='word_1_160' title='bbox 111 1315 220 1347; x_wconf 84' lang='lat' dir='ltr'><strong>Graev.</strong></span> <span class='ocrx_word' id='word_1_161' title='bbox 235 1314 355 1347; x_wconf 72' lang='lat' dir='ltr'><strong>habet:</strong></span> <span class='ocrx_word' id='word_1_162' title='bbox 381 1316 505 1355; x_wconf 84' lang='lat' dir='ltr'><strong>inepta.</strong></span> 
     </span>
    </p>

    <p class='ocr_par' dir='ltr' id='par_1_8' title="bbox 109 1356 847 1565">
     <span class='ocr_line' id='line_1_28' title="bbox 155 1356 845 1400; baseline -0.004 -10"><span class='ocrx_word' id='word_1_163' title='bbox 155 1360 295 1391; x_wconf 81' lang='lat' dir='ltr'><em>Amator</em></span> <span class='ocrx_word' id='word_1_164' title='bbox 315 1364 441 1397; x_wconf 79' lang='lat' dir='ltr'><strong>noster,</strong></span> <span class='ocrx_word' id='word_1_165' title='bbox 458 1368 516 1400; x_wconf 87' lang='lat' dir='ltr'><strong>pro</strong></span> <span class='ocrx_word' id='word_1_166' title='bbox 541 1358 654 1388; x_wconf 76' lang='lat' dir='ltr'><strong>amico.</strong></span> <span class='ocrx_word' id='word_1_167' title='bbox 679 1357 721 1388; x_wconf 89' lang='lat' dir='ltr'><strong>ad</strong></span> <span class='ocrx_word' id='word_1_168' title='bbox 736 1356 807 1387; x_wconf 76' lang='lat' dir='ltr'><strong>Att.</strong></span> <span class='ocrx_word' id='word_1_169' title='bbox 824 1358 845 1388; x_wconf 90' lang='lat' dir='ltr'><strong>i.</strong></span> 
     </span>
     <span class='ocr_line' id='line_1_29' title="bbox 154 1445 846 1486; baseline -0.006 -8"><span class='ocrx_word' id='word_1_170' title='bbox 154 1447 368 1486; x_wconf 78' lang='lat' dir='ltr'><em>Ambiguum.</em></span> <span class='ocrx_word' id='word_1_171' title='bbox 391 1446 449 1477; x_wconf 87' lang='lat' dir='ltr'><strong>Or.</strong></span> <span class='ocrx_word' id='word_1_172' title='bbox 468 1445 502 1475; x_wconf 93' lang='lat' dir='ltr'><strong>ii.</strong></span> <span class='ocrx_word' id='word_1_173' title='bbox 520 1447 574 1476; x_wconf 71' lang='lat'><strong>24.</strong></span> <span class='ocrx_word' id='word_1_174' title='bbox 595 1454 669 1485; x_wconf 81' lang='lat' dir='ltr'><strong>quae</strong></span> <span class='ocrx_word' id='word_1_175' title='bbox 685 1445 729 1475; x_wconf 86' lang='lat' dir='ltr'><strong>sit</strong></span> <span class='ocrx_word' id='word_1_176' title='bbox 746 1454 846 1474; x_wconf 81' lang='lat' dir='ltr'><strong>causa</strong></span> 
     </span>
     <span class='ocr_line' id='line_1_30' title="bbox 110 1488 847 1531; baseline -0.004 -10"><span class='ocrx_word' id='word_1_177' title='bbox 110 1492 280 1531; x_wconf 74' lang='lat' dir='ltr'><strong>ambigui:</strong></span> <span class='ocrx_word' id='word_1_178' title='bbox 304 1491 375 1530; x_wconf 85' lang='lat' dir='ltr'><strong>ejus</strong></span> <span class='ocrx_word' id='word_1_179' title='bbox 399 1489 446 1520; x_wconf 88' lang='lat' dir='ltr'><strong>rei</strong></span> <span class='ocrx_word' id='word_1_180' title='bbox 470 1489 510 1519; x_wconf 89' lang='lat' dir='ltr'><strong>de</strong></span> <span class='ocrx_word' id='word_1_181' title='bbox 534 1498 600 1528; x_wconf 86' lang='lat' dir='ltr'><strong>qua</strong></span> <span class='ocrx_word' id='word_1_182' title='bbox 622 1488 847 1519; x_wconf 79' lang='lat' dir='ltr'><strong>controversia</strong></span> 
     </span>
     <span class='ocr_line' id='line_1_31' title="bbox 109 1539 173 1565; baseline -0.016 0"><span class='ocrx_word' id='word_1_183' title='bbox 109 1539 173 1565; x_wconf 84' lang='lat' dir='ltr'><strong>est.</strong></span> 
     </span>
    </p>

    <p class='ocr_par' dir='ltr' id='par_1_9' title="bbox 109 1575 848 2480">
     <span class='ocr_line' id='line_1_32' title="bbox 154 1575 846 1618; baseline -0.004 -9"><span class='ocrx_word' id='word_1_184' title='bbox 154 1578 306 1609; x_wconf 76' lang='lat' dir='ltr'><em>Ambitio.</em></span> <span class='ocrx_word' id='word_1_185' title='bbox 342 1577 464 1618; x_wconf 81' lang='lat' dir='ltr'><strong>petitio</strong></span> <span class='ocrx_word' id='word_1_186' title='bbox 492 1576 658 1607; x_wconf 90' lang='lat' dir='ltr'><strong>honorum</strong></span> <span class='ocrx_word' id='word_1_187' title='bbox 691 1575 846 1614; x_wconf 81' lang='lat' dir='ltr'><strong>honesta,</strong></span> 
     </span>
     <span class='ocr_line' id='line_1_33' title="bbox 111 1620 846 1654; baseline -0.004 -2"><span class='ocrx_word' id='word_1_188' title='bbox 111 1621 170 1652; x_wconf 85' lang='lat' dir='ltr'><strong>Or.</strong></span> <span class='ocrx_word' id='word_1_189' title='bbox 188 1622 210 1652; x_wconf 85' lang='lat' dir='ltr'><strong>i.</strong></span> <span class='ocrx_word' id='word_1_190' title='bbox 230 1624 258 1654; x_wconf 88' lang='lat' dir='ltr'><strong>l.</strong></span> <span class='ocrx_word' id='word_1_191' title='bbox 287 1621 329 1651; x_wconf 88' lang='lat' dir='ltr'><strong>ad</strong></span> <span class='ocrx_word' id='word_1_192' title='bbox 344 1622 421 1652; x_wconf 76' lang='lat' dir='ltr'><strong>Div.</strong></span> <span class='ocrx_word' id='word_1_193' title='bbox 438 1620 494 1650; x_wconf 75' lang='lat' dir='ltr'><strong>vii.</strong></span> <span class='ocrx_word' id='word_1_194' title='bbox 514 1623 540 1651; x_wconf 93' lang='lat' dir='ltr'><strong>l.</strong></span> <span class='ocrx_word' id='word_1_195' title='bbox 570 1620 643 1650; x_wconf 76' lang='lat' dir='ltr'><strong>Att.</strong></span> <span class='ocrx_word' id='word_1_196' title='bbox 666 1620 688 1650; x_wconf 93' lang='lat' dir='ltr'><strong>i.</strong></span> <span class='ocrx_word' id='word_1_197' title='bbox 717 1623 743 1649; x_wconf 91' lang='lat' dir='ltr'><strong>l.</strong></span> <span class='ocrx_word' id='word_1_198' title='bbox 775 1630 846 1650; x_wconf 77' lang='lat' dir='ltr'><strong>am-</strong></span> 
     </span>
     <span class='ocr_line' id='line_1_34' title="bbox 111 1663 845 1703; baseline -0.004 -7"><span class='ocrx_word' id='word_1_199' title='bbox 111 1665 186 1696; x_wconf 81' lang='lat' dir='ltr'><strong>bitio</strong></span> <span class='ocrx_word' id='word_1_200' title='bbox 211 1671 326 1696; x_wconf 85' lang='lat' dir='ltr'><strong>nostra</strong></span> <span class='ocrx_word' id='word_1_201' title='bbox 349 1665 470 1695; x_wconf 86' lang='lat' dir='ltr'><strong>nititur</strong></span> <span class='ocrx_word' id='word_1_202' title='bbox 497 1667 556 1694; x_wconf 57' lang='lat' dir='ltr'><strong>ohe.</strong></span> <span class='ocrx_word' id='word_1_203' title='bbox 585 1667 677 1703; x_wconf 66' lang='lat' dir='ltr'><strong>*pro</strong></span> <span class='ocrx_word' id='word_1_204' title='bbox 702 1663 845 1693; x_wconf 79' lang='lat' dir='ltr'><strong>ambitu.</strong></span> 
     </span>
     <span class='ocr_line' id='line_1_35' title="bbox 109 1706 846 1742; baseline -0.005 -2"><span class='ocrx_word' id='word_1_205' title='bbox 109 1708 194 1742; x_wconf 87' lang='lat' dir='ltr'><strong>Sull.</strong></span> <span class='ocrx_word' id='word_1_206' title='bbox 225 1711 253 1740; x_wconf 84' lang='lat'><strong>1.</strong></span> <span class='ocrx_word' id='word_1_207' title='bbox 278 1708 449 1738; x_wconf 72' lang='lat' dir='ltr'><strong>*ambitio</strong></span> <span class='ocrx_word' id='word_1_208' title='bbox 476 1707 601 1737; x_wconf 88' lang='lat' dir='ltr'><strong>dicitur</strong></span> <span class='ocrx_word' id='word_1_209' title='bbox 626 1706 666 1736; x_wconf 81' lang='lat' dir='ltr'><strong>de</strong></span> <span class='ocrx_word' id='word_1_210' title='bbox 690 1707 846 1737; x_wconf 86' lang='lat' dir='ltr'><strong>omnibus</strong></span> 
     </span>
     <span class='ocr_line' id='line_1_36' title="bbox 110 1750 847 1792; baseline -0.004 -9"><span class='ocrx_word' id='word_1_211' title='bbox 110 1753 223 1790; x_wconf 83' lang='lat' dir='ltr'><strong>rebus,</strong></span> <span class='ocrx_word' id='word_1_212' title='bbox 235 1762 310 1792; x_wconf 81' lang='lat' dir='ltr'><strong>quae</strong></span> <span class='ocrx_word' id='word_1_213' title='bbox 325 1759 386 1782; x_wconf 87' lang='lat' dir='ltr'><strong>aut</strong></span> <span class='ocrx_word' id='word_1_214' title='bbox 401 1751 519 1792; x_wconf 81' lang='lat' dir='ltr'><strong>gratiae</strong></span> <span class='ocrx_word' id='word_1_215' title='bbox 534 1750 729 1790; x_wconf 81' lang='lat' dir='ltr'><strong>colligendae</strong></span> <span class='ocrx_word' id='word_1_216' title='bbox 747 1760 847 1781; x_wconf 85' lang='lat' dir='ltr'><strong>causa</strong></span> 
     </span>
     <span class='ocr_line' id='line_1_37' title="bbox 110 1795 846 1834; baseline -0.004 -7"><span class='ocrx_word' id='word_1_217' title='bbox 110 1795 266 1834; x_wconf 74' lang='lat' dir='ltr'><strong>facimus,</strong></span> <span class='ocrx_word' id='word_1_218' title='bbox 279 1800 339 1826; x_wconf 86' lang='lat' dir='ltr'><strong>aut</strong></span> <span class='ocrx_word' id='word_1_219' title='bbox 350 1801 390 1826; x_wconf 90' lang='lat' dir='ltr'><strong>ut</strong></span> <span class='ocrx_word' id='word_1_220' title='bbox 401 1805 460 1825; x_wconf 85' lang='lat' dir='ltr'><strong>nos</strong></span> <span class='ocrx_word' id='word_1_221' title='bbox 473 1795 636 1834; x_wconf 84' lang='lat' dir='ltr'><strong>gratiosos</strong></span> <span class='ocrx_word' id='word_1_222' title='bbox 648 1804 718 1824; x_wconf 81' lang='lat' dir='ltr'><strong>esse</strong></span> <span class='ocrx_word' id='word_1_223' title='bbox 735 1798 846 1825; x_wconf 82' lang='lat' dir='ltr'><strong>osten-</strong></span> 
     </span>
     <span class='ocr_line' id='line_1_38' title="bbox 111 1837 846 1880; baseline -0.005 -9"><span class='ocrx_word' id='word_1_224' title='bbox 111 1839 230 1871; x_wconf 83' lang='lat' dir='ltr'>damus</span> <span class='ocrx_word' id='word_1_225' title='bbox 248 1839 337 1880; x_wconf 84' lang='lat' dir='ltr'><strong>apud</strong></span> <span class='ocrx_word' id='word_1_226' title='bbox 351 1839 424 1877; x_wconf 89' lang='lat' dir='ltr'><strong>hos,</strong></span> <span class='ocrx_word' id='word_1_227' title='bbox 442 1849 462 1869; x_wconf 90' lang='lat' dir='ltr'><strong>a</strong></span> <span class='ocrx_word' id='word_1_228' title='bbox 477 1839 596 1878; x_wconf 83' lang='lat' dir='ltr'><strong>quibus</strong></span> <span class='ocrx_word' id='word_1_229' title='bbox 620 1838 766 1878; x_wconf 86' lang='lat' dir='ltr'><strong>petimus</strong></span> <span class='ocrx_word' id='word_1_230' title='bbox 786 1837 846 1868; x_wconf 88' lang='lat' dir='ltr'><strong>ali-</strong></span> 
     </span>
     <span class='ocr_line' id='line_1_39' title="bbox 110 1881 845 1923; baseline -0.004 -9"><span class='ocrx_word' id='word_1_231' title='bbox 110 1883 202 1923; x_wconf 82' lang='lat' dir='ltr'><strong>quid.</strong></span> <span class='ocrx_word' id='word_1_232' title='bbox 226 1882 320 1913; x_wconf 84' lang='lat' dir='ltr'><strong>Verr.</strong></span> <span class='ocrx_word' id='word_1_233' title='bbox 346 1883 380 1913; x_wconf 88' lang='lat' dir='ltr'><strong>ii.</strong></span> <span class='ocrx_word' id='word_1_234' title='bbox 409 1885 461 1914; x_wconf 88' lang='lat'><strong>55.</strong></span> <span class='ocrx_word' id='word_1_235' title='bbox 484 1885 537 1913; x_wconf 86' lang='lat'><strong>40.</strong></span> <span class='ocrx_word' id='word_1_236' title='bbox 565 1881 607 1912; x_wconf 86' lang='lat' dir='ltr'><strong>ad</strong></span> <span class='ocrx_word' id='word_1_237' title='bbox 632 1882 709 1912; x_wconf 87' lang='lat' dir='ltr'><strong>Div.</strong></span> <span class='ocrx_word' id='word_1_238' title='bbox 736 1891 766 1911; x_wconf 90' lang='lat' dir='ltr'><strong>v.</strong></span> <span class='ocrx_word' id='word_1_239' title='bbox 792 1884 845 1913; x_wconf 70' lang='lat'><strong>90.</strong></span> 
     </span>
     <span class='ocr_line' id='line_1_40' title="bbox 109 1924 846 1958; baseline -0.004 0"><span class='ocrx_word' id='word_1_240' title='bbox 109 1933 180 1958; x_wconf 88' lang='lat' dir='ltr'><strong>tuae</strong></span> <span class='ocrx_word' id='word_1_241' title='bbox 202 1927 372 1958; x_wconf 74' lang='lat' dir='ltr'><em>ambitioni</em></span> <span class='ocrx_word' id='word_1_242' title='bbox 394 1930 563 1956; x_wconf 85' lang='lat' dir='ltr'><strong>reservata</strong></span> <span class='ocrx_word' id='word_1_243' title='bbox 584 1935 666 1956; x_wconf 83' lang='lat' dir='ltr'><strong>esse.</strong></span> <span class='ocrx_word' id='word_1_244' title='bbox 686 1924 721 1955; x_wconf 85' lang='lat' dir='ltr'><strong>h.</strong></span> <span class='ocrx_word' id='word_1_245' title='bbox 737 1934 766 1954; x_wconf 85' lang='lat' dir='ltr'><strong>e.</strong></span> <span class='ocrx_word' id='word_1_246' title='bbox 783 1925 846 1955; x_wconf 83' lang='lat' dir='ltr'><strong>tibi</strong></span> 
     </span>
     <span class='ocr_line' id='line_1_41' title="bbox 109 1968 846 2009; baseline -0.004 -8"><span class='ocrx_word' id='word_1_247' title='bbox 109 1969 242 2008; x_wconf 82' lang='lat' dir='ltr'><strong>relicta,</strong></span> <span class='ocrx_word' id='word_1_248' title='bbox 258 1977 299 2000; x_wconf 91' lang='lat' dir='ltr'><strong>ut</strong></span> <span class='ocrx_word' id='word_1_249' title='bbox 317 1970 461 2009; x_wconf 79' lang='lat' dir='ltr'><strong>gratiam</strong></span> <span class='ocrx_word' id='word_1_250' title='bbox 482 1969 565 1999; x_wconf 87' lang='lat' dir='ltr'><strong>inire</strong></span> <span class='ocrx_word' id='word_1_251' title='bbox 582 1969 623 1999; x_wconf 87' lang='lat' dir='ltr'><strong>ab</strong></span> <span class='ocrx_word' id='word_1_252' title='bbox 638 1968 711 1999; x_wconf 83' lang='lat' dir='ltr'><strong>aliis</strong></span> <span class='ocrx_word' id='word_1_253' title='bbox 727 1969 846 2009; x_wconf 86' lang='lat' dir='ltr'><strong>possis,</strong></span> 
     </span>
     <span class='ocr_line' id='line_1_42' title="bbox 110 2012 846 2054; baseline -0.001 -10"><span class='ocrx_word' id='word_1_254' title='bbox 110 2014 230 2054; x_wconf 90' lang='lat' dir='ltr'><strong>quibus</strong></span> <span class='ocrx_word' id='word_1_255' title='bbox 254 2013 317 2044; x_wconf 91' lang='lat' dir='ltr'><strong>hoc</strong></span> <span class='ocrx_word' id='word_1_256' title='bbox 340 2013 493 2044; x_wconf 79' lang='lat' dir='ltr'><strong>beneficii</strong></span> <span class='ocrx_word' id='word_1_257' title='bbox 514 2012 654 2043; x_wconf 81' lang='lat' dir='ltr'><strong>tribuas.</strong></span> <span class='ocrx_word' id='word_1_258' title='bbox 677 2013 773 2043; x_wconf 84' lang='lat' dir='ltr'><strong>Brut.</strong></span> <span class='ocrx_word' id='word_1_259' title='bbox 793 2012 846 2047; x_wconf 87' lang='lat'><strong>69.</strong></span> 
     </span>
     <span class='ocr_line' id='line_1_43' title="bbox 110 2055 847 2093; baseline -0.004 -5"><span class='ocrx_word' id='word_1_260' title='bbox 110 2057 285 2089; x_wconf 75' lang='lat' dir='ltr'><em>ambitione</em></span> <span class='ocrx_word' id='word_1_261' title='bbox 303 2056 380 2087; x_wconf 87' lang='lat' dir='ltr'><strong>labi.</strong></span> <span class='ocrx_word' id='word_1_262' title='bbox 396 2066 441 2087; x_wconf 90' lang='lat' dir='ltr'><strong>sc.</strong></span> <span class='ocrx_word' id='word_1_263' title='bbox 457 2057 493 2086; x_wconf 88' lang='lat' dir='ltr'><strong>in</strong></span> <span class='ocrx_word' id='word_1_264' title='bbox 509 2055 620 2093; x_wconf 83' lang='lat' dir='ltr'><strong>laude,</strong></span> <span class='ocrx_word' id='word_1_265' title='bbox 638 2065 715 2086; x_wconf 86' lang='lat' dir='ltr'><strong>cum</strong></span> <span class='ocrx_word' id='word_1_266' title='bbox 732 2055 847 2086; x_wconf 88' lang='lat' dir='ltr'><strong>lauda-</strong></span> 
     </span>
     <span class='ocr_line' id='line_1_44' title="bbox 111 2099 845 2140; baseline -0.004 -8"><span class='ocrx_word' id='word_1_267' title='bbox 111 2111 187 2132; x_wconf 84' lang='lat' dir='ltr'><strong>mus</strong></span> <span class='ocrx_word' id='word_1_268' title='bbox 204 2101 372 2140; x_wconf 82' lang='lat' dir='ltr'><strong>indignos,</strong></span> <span class='ocrx_word' id='word_1_269' title='bbox 387 2106 427 2130; x_wconf 88' lang='lat' dir='ltr'><strong>ut</strong></span> <span class='ocrx_word' id='word_1_270' title='bbox 450 2099 593 2138; x_wconf 70' lang='lat' dir='ltr'><strong>gratiam</strong></span> <span class='ocrx_word' id='word_1_271' title='bbox 617 2099 779 2130; x_wconf 86' lang='lat' dir='ltr'><strong>ineamus.</strong></span> <span class='ocrx_word' id='word_1_272' title='bbox 803 2099 845 2130; x_wconf 87' lang='lat' dir='ltr'><strong>ad</strong></span> 
     </span>
     <span class='ocr_line' id='line_1_45' title="bbox 111 2143 846 2183; baseline -0.005 -7"><span class='ocrx_word' id='word_1_273' title='bbox 111 2144 190 2176; x_wconf 92' lang='lat' dir='ltr'><strong>Div.</strong></span> <span class='ocrx_word' id='word_1_274' title='bbox 207 2145 275 2175; x_wconf 85' lang='lat' dir='ltr'><strong>xiii.</strong></span> <span class='ocrx_word' id='word_1_275' title='bbox 293 2147 323 2176; x_wconf 91' lang='lat'><strong>5.</strong></span> <span class='ocrx_word' id='word_1_276' title='bbox 349 2144 520 2174; x_wconf 73' lang='lat' dir='ltr'><em>ambitione</em></span> <span class='ocrx_word' id='word_1_277' title='bbox 536 2152 622 2180; x_wconf 85' lang='lat' dir='ltr'><strong>mea,</strong></span> <span class='ocrx_word' id='word_1_278' title='bbox 641 2143 661 2174; x_wconf 92' lang='lat' dir='ltr'><strong>i.</strong></span> <span class='ocrx_word' id='word_1_279' title='bbox 685 2153 714 2174; x_wconf 91' lang='lat' dir='ltr'><strong>e.</strong></span> <span class='ocrx_word' id='word_1_280' title='bbox 739 2143 846 2183; x_wconf 83' lang='lat' dir='ltr'><strong>preci-</strong></span> 
     </span>
     <span class='ocr_line' id='line_1_46' title="bbox 110 2187 847 2227; baseline -0.004 -8"><span class='ocrx_word' id='word_1_281' title='bbox 110 2188 176 2219; x_wconf 86' lang='lat' dir='ltr'><strong>bus</strong></span> <span class='ocrx_word' id='word_1_282' title='bbox 191 2189 286 2226; x_wconf 79' lang='lat' dir='ltr'><strong>meis,</strong></span> <span class='ocrx_word' id='word_1_283' title='bbox 298 2187 419 2227; x_wconf 81' lang='lat' dir='ltr'><strong>quibus</strong></span> <span class='ocrx_word' id='word_1_284' title='bbox 435 2194 524 2224; x_wconf 86' lang='lat' dir='ltr'><strong>utor,</strong></span> <span class='ocrx_word' id='word_1_285' title='bbox 535 2191 574 2216; x_wconf 93' lang='lat' dir='ltr'><strong>ut</strong></span> <span class='ocrx_word' id='word_1_286' title='bbox 591 2187 779 2227; x_wconf 82' lang='lat' dir='ltr'>impetratis</span> <span class='ocrx_word' id='word_1_287' title='bbox 796 2196 847 2216; x_wconf 90' lang='lat' dir='ltr'><strong>re-</strong></span> 
     </span>
     <span class='ocr_line' id='line_1_47' title="bbox 112 2229 846 2272; baseline -0.003 -10"><span class='ocrx_word' id='word_1_288' title='bbox 112 2231 187 2270; x_wconf 92' lang='lat' dir='ltr'><strong>bus,</strong></span> <span class='ocrx_word' id='word_1_289' title='bbox 204 2232 369 2272; x_wconf 79' lang='lat' dir='ltr'><strong>gratiosus</strong></span> <span class='ocrx_word' id='word_1_290' title='bbox 385 2230 507 2261; x_wconf 85' lang='lat' dir='ltr'><strong>videar.</strong></span> <span class='ocrx_word' id='word_1_291' title='bbox 539 2229 674 2260; x_wconf 83' lang='lat' dir='ltr'><strong>cluent.</strong></span> <span class='ocrx_word' id='word_1_292' title='bbox 692 2231 744 2260; x_wconf 75' lang='lat'><strong>28.</strong></span> <span class='ocrx_word' id='word_1_293' title='bbox 773 2240 846 2261; x_wconf 80' lang='lat' dir='ltr'><strong>am-</strong></span> 
     </span>
     <span class='ocr_line' id='line_1_48' title="bbox 112 2273 847 2316; baseline -0.004 -10"><span class='ocrx_word' id='word_1_294' title='bbox 112 2276 187 2306; x_wconf 78' lang='lat' dir='ltr'><strong>bitio</strong></span> <span class='ocrx_word' id='word_1_295' title='bbox 201 2275 359 2316; x_wconf 85' lang='lat' dir='ltr'><strong>judicum</strong></span> <span class='ocrx_word' id='word_1_296' title='bbox 383 2275 442 2305; x_wconf 68' lang='grc' dir='ltr'>ἀρ.</span> <span class='ocrx_word' id='word_1_297' title='bbox 467 2273 532 2304; x_wconf 90' lang='lat' dir='ltr'><strong>vid.</strong></span> <span class='ocrx_word' id='word_1_298' title='bbox 556 2273 596 2303; x_wconf 83' lang='lat' dir='ltr'><strong>de</strong></span> <span class='ocrx_word' id='word_1_299' title='bbox 619 2273 682 2303; x_wconf 84' lang='lat' dir='ltr'><strong>hac</strong></span> <span class='ocrx_word' id='word_1_300' title='bbox 704 2274 735 2303; x_wconf 92' lang='lat' dir='ltr'><strong>vi</strong></span> <span class='ocrx_word' id='word_1_301' title='bbox 755 2273 847 2304; x_wconf 74' lang='lat' dir='ltr'><strong>verbi</strong></span> 
     </span>
     <span class='ocr_line' id='line_1_49' title="bbox 111 2317 846 2350; baseline -0.004 0"><span class='ocrx_word' id='word_1_302' title='bbox 111 2318 215 2350; x_wconf 89' lang='lat' dir='ltr'><strong>Gron.</strong></span> <span class='ocrx_word' id='word_1_303' title='bbox 239 2319 281 2349; x_wconf 88' lang='lat' dir='ltr'><strong>ad</strong></span> <span class='ocrx_word' id='word_1_304' title='bbox 303 2318 375 2349; x_wconf 90' lang='lat' dir='ltr'><strong>Liv.</strong></span> <span class='ocrx_word' id='word_1_305' title='bbox 399 2317 464 2348; x_wconf 87' lang='lat' dir='ltr'><strong>xlv.</strong></span> <span class='ocrx_word' id='word_1_306' title='bbox 487 2317 540 2348; x_wconf 79' lang='lat'><strong>36.</strong></span> <span class='ocrx_word' id='word_1_307' title='bbox 576 2317 671 2348; x_wconf 69' lang='lat' dir='ltr'><strong>*Offi</strong></span> <span class='ocrx_word' id='word_1_308' title='bbox 692 2317 713 2347; x_wconf 91' lang='lat' dir='ltr'><strong>i.</strong></span> <span class='ocrx_word' id='word_1_309' title='bbox 735 2320 788 2348; x_wconf 89' lang='lat'><strong>30.</strong></span> <span class='ocrx_word' id='word_1_310' title='bbox 812 2318 846 2348; x_wconf 91' lang='lat' dir='ltr'><strong>in</strong></span> 
     </span>
     <span class='ocr_line' id='line_1_50' title="bbox 110 2361 848 2403; baseline -0.004 -9"><span class='ocrx_word' id='word_1_311' title='bbox 110 2362 267 2403; x_wconf 81' lang='lat' dir='ltr'>Scipione</span> <span class='ocrx_word' id='word_1_312' title='bbox 282 2363 415 2393; x_wconf 76' lang='lat' dir='ltr'><em>ambitio</em></span> <span class='ocrx_word' id='word_1_313' title='bbox 432 2361 549 2401; x_wconf 81' lang='lat' dir='ltr'><strong>major,</strong></span> <span class='ocrx_word' id='word_1_314' title='bbox 564 2361 634 2391; x_wconf 89' lang='lat' dir='ltr'><strong>vita</strong></span> <span class='ocrx_word' id='word_1_315' title='bbox 644 2361 783 2391; x_wconf 83' lang='lat' dir='ltr'><strong>tristior.</strong></span> <span class='ocrx_word' id='word_1_316' title='bbox 795 2365 848 2391; x_wconf 86' lang='lat' dir='ltr'><strong>est</strong></span> 
     </span>
     <span class='ocr_line' id='line_1_51' title="bbox 111 2403 847 2480; baseline 0 -44"><span class='ocrx_word' id='word_1_317' title='bbox 111 2405 250 2480; x_wconf 61' lang='grc' dir='ltr'><strong>ἱεμιὸσης</strong></span> <span class='ocrx_word' id='word_1_318' title='bbox 267 2405 421 2446; x_wconf 82' lang='lat' dir='ltr'><strong>quaedam</strong></span> <span class='ocrx_word' id='word_1_319' title='bbox 437 2410 473 2436; x_wconf 88' lang='lat' dir='ltr'><strong>et</strong></span> <span class='ocrx_word' id='word_1_320' title='bbox 489 2405 632 2444; x_wconf 75' lang='lat' dir='ltr'><strong>gravitas</strong></span> <span class='ocrx_word' id='word_1_321' title='bbox 650 2405 684 2435; x_wconf 90' lang='lat' dir='ltr'><strong>in</strong></span> <span class='ocrx_word' id='word_1_322' title='bbox 701 2403 797 2435; x_wconf 85' lang='lat' dir='ltr'><strong>cuitu</strong></span> <span class='ocrx_word' id='word_1_323' title='bbox 812 2410 847 2436; x_wconf 85' lang='lat' dir='ltr'><strong>et</strong></span> 
     </span>
    </p>

    <p class='ocr_par' dir='ltr' id='par_1_10' title="bbox 138 2449 422 2480">
     <span class='ocr_line' id='line_1_52' title="bbox 138 2449 422 2480; baseline -0.004 0"><span class='ocrx_word' id='word_1_324' title='bbox 138 2449 242 2480; x_wconf 88' lang='lat' dir='ltr'><strong>abitu.</strong></span> <span class='ocrx_word' id='word_1_325' title='bbox 414 2449 422 2455; x_wconf 88' lang='lat'>&#39;</span> 
     </span>
    </p>

    <p class='ocr_par' dir='ltr' id='par_1_11' title="bbox 111 2492 846 2881">
     <span class='ocr_line' id='line_1_53' title="bbox 155 2492 846 2530; baseline -0.004 -6"><span class='ocrx_word' id='word_1_326' title='bbox 155 2493 329 2524; x_wconf 76' lang='lat' dir='ltr'><strong>Ambitiose</strong></span> <span class='ocrx_word' id='word_1_327' title='bbox 344 2493 416 2523; x_wconf 79' lang='lat' dir='ltr'><strong>fleri</strong></span> <span class='ocrx_word' id='word_1_328' title='bbox 440 2492 613 2529; x_wconf 86' lang='lat' dir='ltr'><strong>dicuntur,</strong></span> <span class='ocrx_word' id='word_1_329' title='bbox 629 2500 703 2530; x_wconf 84' lang='lat' dir='ltr'><strong>quae</strong></span> <span class='ocrx_word' id='word_1_330' title='bbox 723 2492 846 2530; x_wconf 77' lang='lat' dir='ltr'><strong>gratiae</strong></span> 
     </span>
     <span class='ocr_line' id='line_1_54' title="bbox 113 2535 844 2570; baseline -0.003 -3"><span class='ocrx_word' id='word_1_331' title='bbox 113 2546 216 2567; x_wconf 82' lang='lat' dir='ltr'><strong>cansa</strong></span> <span class='ocrx_word' id='word_1_332' title='bbox 231 2537 330 2568; x_wconf 82' lang='lat' dir='ltr'><strong>fiunt.</strong></span> <span class='ocrx_word' id='word_1_333' title='bbox 353 2536 396 2567; x_wconf 87' lang='lat' dir='ltr'><strong>ad</strong></span> <span class='ocrx_word' id='word_1_334' title='bbox 412 2536 487 2567; x_wconf 91' lang='lat' dir='ltr'><strong>Div.</strong></span> <span class='ocrx_word' id='word_1_335' title='bbox 504 2536 572 2566; x_wconf 85' lang='lat' dir='ltr'><strong>xiii.</strong></span> <span class='ocrx_word' id='word_1_336' title='bbox 591 2536 642 2570; x_wconf 80' lang='grc'><strong>69.</strong></span> <span class='ocrx_word' id='word_1_337' title='bbox 666 2535 736 2565; x_wconf 84' lang='lat' dir='ltr'><strong>Att.</strong></span> <span class='ocrx_word' id='word_1_338' title='bbox 748 2545 800 2565; x_wconf 87' lang='lat' dir='ltr'><strong>xv.</strong></span> <span class='ocrx_word' id='word_1_339' title='bbox 816 2538 844 2565; x_wconf 82' lang='lat' dir='ltr'><strong>l.</strong></span> 
     </span>
     <span class='ocr_line' id='line_1_55' title="bbox 113 2578 844 2617; baseline -0.005 -6"><span class='ocrx_word' id='word_1_340' title='bbox 113 2587 154 2611; x_wconf 87' lang='lat' dir='ltr'><strong>ut</strong></span> <span class='ocrx_word' id='word_1_341' title='bbox 169 2581 366 2611; x_wconf 87' lang='lat' dir='ltr'><strong>concionem</strong></span> <span class='ocrx_word' id='word_1_342' title='bbox 380 2590 442 2610; x_wconf 80' lang='lat' dir='ltr'><strong>non</strong></span> <span class='ocrx_word' id='word_1_343' title='bbox 457 2580 620 2610; x_wconf 80' lang='lat' dir='ltr'><strong>ambitiose</strong></span> <span class='ocrx_word' id='word_1_344' title='bbox 631 2578 844 2617; x_wconf 77' lang='lat' dir='ltr'><strong>corrigerem,</strong></span> 
     </span>
     <span class='ocr_line' id='line_1_56' title="bbox 112 2622 845 2661; baseline -0.004 -7"><span class='ocrx_word' id='word_1_345' title='bbox 112 2622 147 2655; x_wconf 89' lang='lat' dir='ltr'><strong>h.</strong></span> <span class='ocrx_word' id='word_1_346' title='bbox 163 2634 192 2654; x_wconf 80' lang='lat' dir='ltr'><strong>e.</strong></span> <span class='ocrx_word' id='word_1_347' title='bbox 211 2633 277 2654; x_wconf 92' lang='lat' dir='ltr'><strong>non</strong></span> <span class='ocrx_word' id='word_1_348' title='bbox 295 2623 423 2661; x_wconf 77' lang='lat' dir='ltr'><strong>leviter,</strong></span> <span class='ocrx_word' id='word_1_349' title='bbox 441 2627 557 2653; x_wconf 84' lang='lat' dir='ltr'><strong>tacens</strong></span> <span class='ocrx_word' id='word_1_350' title='bbox 573 2623 667 2659; x_wconf 87' lang='lat' dir='ltr'><strong>vitia,</strong></span> <span class='ocrx_word' id='word_1_351' title='bbox 685 2626 723 2652; x_wconf 88' lang='lat' dir='ltr'><strong>ut</strong></span> <span class='ocrx_word' id='word_1_352' title='bbox 743 2622 845 2661; x_wconf 83' lang='lat' dir='ltr'><strong>grati-</strong></span> 
     </span>
     <span class='ocr_line' id='line_1_57' title="bbox 112 2665 846 2706; baseline -0.005 -8"><span class='ocrx_word' id='word_1_353' title='bbox 112 2676 168 2697; x_wconf 82' lang='lat' dir='ltr'><strong>am</strong></span> <span class='ocrx_word' id='word_1_354' title='bbox 185 2677 206 2698; x_wconf 87' lang='lat' dir='ltr'><strong>a</strong></span> <span class='ocrx_word' id='word_1_355' title='bbox 218 2673 254 2697; x_wconf 88' lang='lat' dir='ltr'><strong>te</strong></span> <span class='ocrx_word' id='word_1_356' title='bbox 271 2667 401 2698; x_wconf 85' lang='lat' dir='ltr'><strong>inirem.</strong></span> <span class='ocrx_word' id='word_1_357' title='bbox 425 2667 532 2706; x_wconf 69' lang='lat' dir='ltr'><strong>*quia</strong></span> <span class='ocrx_word' id='word_1_358' title='bbox 548 2675 621 2704; x_wconf 79' lang='lat' dir='ltr'><strong>quae</strong></span> <span class='ocrx_word' id='word_1_359' title='bbox 635 2665 751 2704; x_wconf 59' lang='lat' dir='ltr'><strong>gratiae</strong></span> <span class='ocrx_word' id='word_1_360' title='bbox 768 2675 846 2695; x_wconf 89' lang='lat' dir='ltr'><strong>cau-</strong></span> 
     </span>
     <span class='ocr_line' id='line_1_58' title="bbox 111 2708 843 2748; baseline -0.005 -7"><span class='ocrx_word' id='word_1_361' title='bbox 111 2720 151 2741; x_wconf 73' lang='lat' dir='ltr'><strong>sa</strong></span> <span class='ocrx_word' id='word_1_362' title='bbox 172 2710 327 2748; x_wconf 78' lang='lat' dir='ltr'><strong>facimus,</strong></span> <span class='ocrx_word' id='word_1_363' title='bbox 343 2710 488 2741; x_wconf 78' lang='lat' dir='ltr'><strong>solemus</strong></span> <span class='ocrx_word' id='word_1_364' title='bbox 515 2709 695 2740; x_wconf 83' lang='lat' dir='ltr'><strong>studiosius</strong></span> <span class='ocrx_word' id='word_1_365' title='bbox 721 2708 843 2745; x_wconf 75' lang='lat' dir='ltr'><strong>facore,</strong></span> 
     </span>
     <span class='ocr_line' id='line_1_59' title="bbox 112 2751 844 2793; baseline -0.005 -9"><span class='ocrx_word' id='word_1_366' title='bbox 112 2755 276 2785; x_wconf 77' lang='lat' dir='ltr'><strong>ambitiose</strong></span> <span class='ocrx_word' id='word_1_367' title='bbox 305 2754 431 2785; x_wconf 83' lang='lat' dir='ltr'><strong>dicitur</strong></span> <span class='ocrx_word' id='word_1_368' title='bbox 461 2754 563 2783; x_wconf 78' lang='lat' dir='ltr'><strong>etiam</strong></span> <span class='ocrx_word' id='word_1_369' title='bbox 596 2762 655 2793; x_wconf 85' lang='lat' dir='ltr'><strong>pro</strong></span> <span class='ocrx_word' id='word_1_370' title='bbox 685 2751 844 2781; x_wconf 79' lang='lat' dir='ltr'><strong>studiose.</strong></span> 
     </span>
     <span class='ocr_line' id='line_1_60' title="bbox 113 2794 844 2832; baseline -0.005 -4"><span class='ocrx_word' id='word_1_371' title='bbox 113 2797 157 2828; x_wconf 82' lang='lat' dir='ltr'><strong>ad</strong></span> <span class='ocrx_word' id='word_1_372' title='bbox 180 2797 256 2828; x_wconf 86' lang='lat' dir='ltr'><strong>Div.</strong></span> <span class='ocrx_word' id='word_1_373' title='bbox 272 2797 318 2828; x_wconf 85' lang='lat' dir='ltr'><strong>iii.</strong></span> <span class='ocrx_word' id='word_1_374' title='bbox 338 2801 369 2832; x_wconf 86' lang='lat'><strong>7.</strong></span> <span class='ocrx_word' id='word_1_375' title='bbox 392 2798 590 2828; x_wconf 73' lang='lat' dir='ltr'><strong>ambitiosius</strong></span> <span class='ocrx_word' id='word_1_376' title='bbox 612 2796 720 2825; x_wconf 77' lang='lat' dir='ltr'><strong>facere</strong></span> <span class='ocrx_word' id='word_1_377' title='bbox 742 2794 844 2832; x_wconf 86' lang='lat' dir='ltr'><strong>solco,</strong></span> 
     </span>
     <span class='ocr_line' id='line_1_61' title="bbox 113 2840 642 2881; baseline -0.004 -11"><span class='ocrx_word' id='word_1_378' title='bbox 113 2850 214 2881; x_wconf 84' lang='lat' dir='ltr'><strong>quam</strong></span> <span class='ocrx_word' id='word_1_379' title='bbox 231 2840 377 2880; x_wconf 84' lang='lat' dir='ltr'><strong>dignitas</strong></span> <span class='ocrx_word' id='word_1_380' title='bbox 393 2851 470 2871; x_wconf 85' lang='lat' dir='ltr'><strong>mea</strong></span> <span class='ocrx_word' id='word_1_381' title='bbox 483 2840 642 2881; x_wconf 73' lang='lat' dir='ltr'><strong>postulat.</strong></span> 
     </span>
    </p>

    <p class='ocr_par' dir='ltr' id='par_1_12' title="bbox 112 2883 846 2969">
     <span class='ocr_line' id='line_1_62' title="bbox 156 2883 845 2924; baseline -0.004 -10"><span class='ocrx_word' id='word_1_382' title='bbox 156 2884 364 2923; x_wconf 61' lang='lat' dir='ltr'><strong>Ambiacum,</strong></span> <span class='ocrx_word' id='word_1_383' title='bbox 377 2885 433 2924; x_wconf 90' lang='lat' dir='ltr'><strong>qui</strong></span> <span class='ocrx_word' id='word_1_384' title='bbox 447 2884 570 2924; x_wconf 81' lang='lat' dir='ltr'><strong>gratias</strong></span> <span class='ocrx_word' id='word_1_385' title='bbox 584 2883 755 2914; x_wconf 87' lang='lat' dir='ltr'><strong>hominum</strong></span> <span class='ocrx_word' id='word_1_386' title='bbox 769 2891 845 2921; x_wconf 86' lang='lat' dir='ltr'><strong>cap-</strong></span> 
     </span>
     <span class='ocr_line' id='line_1_63' title="bbox 112 2927 846 2969; baseline -0.004 -10"><span class='ocrx_word' id='word_1_387' title='bbox 112 2931 178 2966; x_wconf 64' lang='lat' dir='ltr'><strong>m,</strong></span> <span class='ocrx_word' id='word_1_388' title='bbox 190 2932 251 2959; x_wconf 85' lang='lat' dir='ltr'><strong>aut</strong></span> <span class='ocrx_word' id='word_1_389' title='bbox 261 2928 426 2968; x_wconf 84' lang='lat' dir='ltr'><strong>gratiosus</strong></span> <span class='ocrx_word' id='word_1_390' title='bbox 439 2927 528 2969; x_wconf 85' lang='lat' dir='ltr'><strong>apud</strong></span> <span class='ocrx_word' id='word_1_391' title='bbox 538 2927 690 2958; x_wconf 85' lang='lat' dir='ltr'><strong>homines</strong></span> <span class='ocrx_word' id='word_1_392' title='bbox 707 2934 846 2967; x_wconf 83' lang='lat' dir='ltr'><strong>magnos</strong></span> 
     </span>
    </p>
   </div>
   <div class='ocr_carea' id='block_1_3' title="bbox 883 225 1623 2968">
    <p class='ocr_par' dir='ltr' id='par_1_13' title="bbox 883 225 1619 910">
     <span class='ocr_line' id='line_1_64' title="bbox 883 225 1607 269; baseline 0.015 -14"><span class='ocrx_word' id='word_1_393' title='bbox 883 225 987 257; x_wconf 82' lang='lat' dir='ltr'><strong>videri</strong></span> <span class='ocrx_word' id='word_1_394' title='bbox 1011 227 1094 259; x_wconf 84' lang='lat' dir='ltr'><strong>vult.</strong></span> <span class='ocrx_word' id='word_1_395' title='bbox 1126 228 1258 261; x_wconf 86' lang='lat' dir='ltr'><strong>Cluent.</strong></span> <span class='ocrx_word' id='word_1_396' title='bbox 1286 233 1337 262; x_wconf 78' lang='grc'><strong>38.</strong></span> <span class='ocrx_word' id='word_1_397' title='bbox 1363 231 1454 263; x_wconf 81' lang='lat' dir='ltr'><strong>Verr.</strong></span> <span class='ocrx_word' id='word_1_398' title='bbox 1482 234 1528 265; x_wconf 84' lang='lat' dir='ltr'><strong>iii.</strong></span> <span class='ocrx_word' id='word_1_399' title='bbox 1553 240 1607 269; x_wconf 74' lang='lat'><strong>84.</strong></span> 
     </span>
     <span class='ocr_line' id='line_1_65' title="bbox 884 270 1608 312; baseline 0.014 -13"><span class='ocrx_word' id='word_1_400' title='bbox 884 270 949 310; x_wconf 75' lang='lat' dir='ltr'><strong>Qu.</strong></span> <span class='ocrx_word' id='word_1_401' title='bbox 974 270 1024 300; x_wconf 81' lang='lat' dir='ltr'><strong>Fr.</strong></span> <span class='ocrx_word' id='word_1_402' title='bbox 1049 272 1070 301; x_wconf 90' lang='lat' dir='ltr'><strong>i.</strong></span> <span class='ocrx_word' id='word_1_403' title='bbox 1094 273 1124 303; x_wconf 69' lang='lat'><strong>2.</strong></span> <span class='ocrx_word' id='word_1_404' title='bbox 1147 274 1178 302; x_wconf 79' lang='lat'><strong>2.</strong></span> <span class='ocrx_word' id='word_1_405' title='bbox 1207 283 1248 303; x_wconf 80' lang='lat' dir='ltr'><strong>nc</strong></span> <span class='ocrx_word' id='word_1_406' title='bbox 1270 283 1323 304; x_wconf 88' lang='lat' dir='ltr'><strong>me</strong></span> <span class='ocrx_word' id='word_1_407' title='bbox 1340 275 1373 305; x_wconf 89' lang='lat' dir='ltr'><strong>in</strong></span> <span class='ocrx_word' id='word_1_408' title='bbox 1390 275 1519 307; x_wconf 68' lang='lat' dir='ltr'><strong>Grecos</strong></span> <span class='ocrx_word' id='word_1_409' title='bbox 1536 286 1608 312; x_wconf 78' lang='lat' dir='ltr'><strong>tam</strong></span> 
     </span>
     <span class='ocr_line' id='line_1_66' title="bbox 884 313 1608 354; baseline 0.015 -12"><span class='ocrx_word' id='word_1_410' title='bbox 884 313 1085 345; x_wconf 69' lang='lat' dir='ltr'><strong>ambitiosum</strong></span> <span class='ocrx_word' id='word_1_411' title='bbox 1114 314 1238 346; x_wconf 80' lang='lat' dir='ltr'><strong>sactum</strong></span> <span class='ocrx_word' id='word_1_412' title='bbox 1266 318 1396 348; x_wconf 83' lang='lat' dir='ltr'><strong>mirere.</strong></span> <span class='ocrx_word' id='word_1_413' title='bbox 1425 318 1530 350; x_wconf 75' lang='lat' dir='ltr'><strong>Flacc.</strong></span> <span class='ocrx_word' id='word_1_414' title='bbox 1559 326 1608 354; x_wconf 77' lang='lat'><strong>18.</strong></span> 
     </span>
     <span class='ocr_line' id='line_1_67' title="bbox 885 357 1609 404; baseline 0.014 -18"><span class='ocrx_word' id='word_1_415' title='bbox 885 357 933 386; x_wconf 90' lang='lat' dir='ltr'><strong>ita</strong></span> <span class='ocrx_word' id='word_1_416' title='bbox 949 362 999 387; x_wconf 85' lang='lat' dir='ltr'><strong>est</strong></span> <span class='ocrx_word' id='word_1_417' title='bbox 1015 359 1215 396; x_wconf 76' lang='lat' dir='ltr'><strong>ambitiosus,</strong></span> <span class='ocrx_word' id='word_1_418' title='bbox 1232 364 1269 390; x_wconf 88' lang='lat' dir='ltr'><strong>ut</strong></span> <span class='ocrx_word' id='word_1_419' title='bbox 1283 370 1398 391; x_wconf 84' lang='lat' dir='ltr'><strong>omnes</strong></span> <span class='ocrx_word' id='word_1_420' title='bbox 1413 371 1468 391; x_wconf 83' lang='lat' dir='ltr'><strong>vos</strong></span> <span class='ocrx_word' id='word_1_421' title='bbox 1485 372 1609 404; x_wconf 76' lang='lat' dir='ltr'><strong>nosque</strong></span> 
     </span>
     <span class='ocr_line' id='line_1_68' title="bbox 885 400 1611 441; baseline 0.012 -11"><span class='ocrx_word' id='word_1_422' title='bbox 885 400 1008 431; x_wconf 76' lang='lat' dir='ltr'><strong>salutet</strong></span> <span class='ocrx_word' id='word_1_423' title='bbox 1037 401 1196 441; x_wconf 83' lang='lat' dir='ltr'><strong>quotidie.</strong></span> <span class='ocrx_word' id='word_1_424' title='bbox 1222 402 1263 432; x_wconf 85' lang='lat' dir='ltr'><strong>ad</strong></span> <span class='ocrx_word' id='word_1_425' title='bbox 1289 403 1364 434; x_wconf 89' lang='lat' dir='ltr'><strong>Div.</strong></span> <span class='ocrx_word' id='word_1_426' title='bbox 1390 405 1433 434; x_wconf 90' lang='lat' dir='ltr'><strong>vi.</strong></span> <span class='ocrx_word' id='word_1_427' title='bbox 1457 406 1488 435; x_wconf 80' lang='lat'><strong>6.</strong></span> <span class='ocrx_word' id='word_1_428' title='bbox 1523 408 1611 439; x_wconf 75' lang='lat' dir='ltr'><strong>cedit</strong></span> 
     </span>
     <span class='ocr_line' id='line_1_69' title="bbox 887 444 1611 483; baseline 0.01 -9"><span class='ocrx_word' id='word_1_429' title='bbox 887 445 1060 476; x_wconf 69' lang='lat' dir='ltr'><strong>ambitiosis</strong></span> <span class='ocrx_word' id='word_1_430' title='bbox 1075 444 1316 483; x_wconf 77' lang='lat' dir='ltr'><strong>voluntatibus,</strong></span> <span class='ocrx_word' id='word_1_431' title='bbox 1332 452 1365 477; x_wconf 79' lang='lat' dir='ltr'><strong>ct</strong></span> <span class='ocrx_word' id='word_1_432' title='bbox 1384 447 1461 477; x_wconf 86' lang='lat' dir='ltr'><strong>ibid.</strong></span> <span class='ocrx_word' id='word_1_433' title='bbox 1489 451 1536 480; x_wconf 75' lang='lat'><strong>12.</strong></span> <span class='ocrx_word' id='word_1_434' title='bbox 1561 461 1611 480; x_wconf 90' lang='lat' dir='ltr'><strong>ro·</strong></span> 
     </span>
     <span class='ocr_line' id='line_1_70' title="bbox 887 488 1612 528; baseline 0.01 -11"><span class='ocrx_word' id='word_1_435' title='bbox 887 488 1038 527; x_wconf 80' lang='lat' dir='ltr'><strong>gationes</strong></span> <span class='ocrx_word' id='word_1_436' title='bbox 1072 489 1268 526; x_wconf 72' lang='lat' dir='ltr'><strong>ambitiosae3</strong></span> <span class='ocrx_word' id='word_1_437' title='bbox 1307 499 1379 528; x_wconf 75' lang='lat' dir='ltr'><strong>qum</strong></span> <span class='ocrx_word' id='word_1_438' title='bbox 1417 491 1516 528; x_wconf 81' lang='lat' dir='ltr'><strong>fiunt,</strong></span> <span class='ocrx_word' id='word_1_439' title='bbox 1546 503 1612 525; x_wconf 89' lang='lat' dir='ltr'><strong>non</strong></span> 
     </span>
     <span class='ocr_line' id='line_1_71' title="bbox 887 531 1612 574; baseline 0.008 -13"><span class='ocrx_word' id='word_1_440' title='bbox 887 531 975 570; x_wconf 89' lang='lat' dir='ltr'><strong>quod</strong></span> <span class='ocrx_word' id='word_1_441' title='bbox 997 533 1142 563; x_wconf 88' lang='lat' dir='ltr'><strong>officium</strong></span> <span class='ocrx_word' id='word_1_442' title='bbox 1170 532 1340 570; x_wconf 64' lang='lat' dir='ltr'><strong>amicitiae,</strong></span> <span class='ocrx_word' id='word_1_443' title='bbox 1357 534 1612 574; x_wconf 71' lang='lat' dir='ltr'><strong>propinquitatis</strong></span> 
     </span>
     <span class='ocr_line' id='line_1_72' title="bbox 887 575 1614 619; baseline 0.007 -16"><span class='ocrx_word' id='word_1_444' title='bbox 887 575 1048 614; x_wconf 85' lang='lat' dir='ltr'><strong>postulet,</strong></span> <span class='ocrx_word' id='word_1_445' title='bbox 1063 575 1120 605; x_wconf 85' lang='lat' dir='ltr'><strong>sed</strong></span> <span class='ocrx_word' id='word_1_446' title='bbox 1136 580 1173 605; x_wconf 89' lang='lat' dir='ltr'><strong>ut</strong></span> <span class='ocrx_word' id='word_1_447' title='bbox 1191 577 1352 616; x_wconf 78' lang='lat' dir='ltr'><strong>gratiosos</strong></span> <span class='ocrx_word' id='word_1_448' title='bbox 1369 586 1427 606; x_wconf 90' lang='lat' dir='ltr'><strong>nos</strong></span> <span class='ocrx_word' id='word_1_449' title='bbox 1442 587 1511 607; x_wconf 80' lang='lat' dir='ltr'><strong>esse</strong></span> <span class='ocrx_word' id='word_1_450' title='bbox 1526 581 1614 619; x_wconf 80' lang='lat' dir='ltr'><strong>apud</strong></span> 
     </span>
     <span class='ocr_line' id='line_1_73' title="bbox 887 619 1614 659; baseline 0.007 -11"><span class='ocrx_word' id='word_1_451' title='bbox 887 628 942 648; x_wconf 83' lang='lat' dir='ltr'><strong>eos</strong></span> <span class='ocrx_word' id='word_1_452' title='bbox 956 619 1185 657; x_wconf 75' lang='lat' dir='ltr'><strong>ostendamuS,</strong></span> <span class='ocrx_word' id='word_1_453' title='bbox 1199 629 1280 659; x_wconf 85' lang='lat' dir='ltr'><strong>quos</strong></span> <span class='ocrx_word' id='word_1_454' title='bbox 1296 629 1464 659; x_wconf 86' lang='lat' dir='ltr'><strong>rogamus,</strong></span> <span class='ocrx_word' id='word_1_455' title='bbox 1476 621 1503 651; x_wconf 89' lang='lat' dir='ltr'><strong>si</strong></span> <span class='ocrx_word' id='word_1_456' title='bbox 1520 622 1560 652; x_wconf 90' lang='lat' dir='ltr'><strong>ab</strong></span> <span class='ocrx_word' id='word_1_457' title='bbox 1576 624 1614 653; x_wconf 71' lang='lat' dir='ltr'><strong>iis</strong></span> 
     </span>
     <span class='ocr_line' id='line_1_74' title="bbox 888 663 1613 704; baseline 0.006 -12"><span class='ocrx_word' id='word_1_458' title='bbox 888 668 1004 702; x_wconf 83' lang='lat' dir='ltr'><strong>rogata</strong></span> <span class='ocrx_word' id='word_1_459' title='bbox 1031 664 1263 703; x_wconf 64' lang='lat' dir='ltr'><strong>impetratum,</strong></span> <span class='ocrx_word' id='word_1_460' title='bbox 1289 667 1324 693; x_wconf 89' lang='lat' dir='ltr'><strong>et</strong></span> <span class='ocrx_word' id='word_1_461' title='bbox 1349 663 1449 693; x_wconf 91' lang='lat' dir='ltr'><strong>simul</strong></span> <span class='ocrx_word' id='word_1_462' title='bbox 1474 667 1613 704; x_wconf 80' lang='lat' dir='ltr'><strong>gratiam</strong></span> 
     </span>
     <span class='ocr_line' id='line_1_75' title="bbox 888 706 1616 741; baseline 0.008 -6"><span class='ocrx_word' id='word_1_463' title='bbox 888 706 1050 737; x_wconf 85' lang='lat' dir='ltr'><strong>ineamus.</strong></span> <span class='ocrx_word' id='word_1_464' title='bbox 1084 706 1154 737; x_wconf 77' lang='lat' dir='ltr'><strong>Att.</strong></span> <span class='ocrx_word' id='word_1_465' title='bbox 1179 708 1200 737; x_wconf 87' lang='lat' dir='ltr'><strong>i.</strong></span> <span class='ocrx_word' id='word_1_466' title='bbox 1229 710 1276 738; x_wconf 86' lang='grc'><strong>18.</strong></span> <span class='ocrx_word' id='word_1_467' title='bbox 1309 707 1465 737; x_wconf 83' lang='lat' dir='ltr'><strong>amicitiae</strong></span> <span class='ocrx_word' id='word_1_468' title='bbox 1496 716 1616 741; x_wconf 64' lang='lat' dir='ltr'><strong>nostra</strong></span> 
     </span>
     <span class='ocr_line' id='line_1_76' title="bbox 888 749 1619 790; baseline 0.007 -12"><span class='ocrx_word' id='word_1_469' title='bbox 888 750 1063 780; x_wconf 58' lang='lat' dir='ltr'><strong>ambitiose?</strong></span> <span class='ocrx_word' id='word_1_470' title='bbox 1078 755 1157 780; x_wconf 90' lang='lat' dir='ltr'><strong>sunt</strong></span> <span class='ocrx_word' id='word_1_471' title='bbox 1175 751 1208 781; x_wconf 92' lang='lat' dir='ltr'><strong>in</strong></span> <span class='ocrx_word' id='word_1_472' title='bbox 1225 749 1368 789; x_wconf 81' lang='lat' dir='ltr'><strong>quodam</strong></span> <span class='ocrx_word' id='word_1_473' title='bbox 1384 749 1557 790; x_wconf 77' lang='lat' dir='ltr'><strong>splendore</strong></span> <span class='ocrx_word' id='word_1_474' title='bbox 1571 753 1619 783; x_wconf 81' lang='lat' dir='ltr'><strong>fo-</strong></span> 
     </span>
     <span class='ocr_line' id='line_1_77' title="bbox 888 793 1617 826; baseline 0.005 -4"><span class='ocrx_word' id='word_1_475' title='bbox 888 793 987 822; x_wconf 72' lang='lat' dir='ltr'><strong>rensi.</strong></span> <span class='ocrx_word' id='word_1_476' title='bbox 1022 793 1063 823; x_wconf 84' lang='lat' dir='ltr'><strong>ad</strong></span> <span class='ocrx_word' id='word_1_477' title='bbox 1089 794 1166 825; x_wconf 81' lang='lat' dir='ltr'><strong>Div.</strong></span> <span class='ocrx_word' id='word_1_478' title='bbox 1194 794 1260 824; x_wconf 85' lang='lat' dir='ltr'><strong>xiii.</strong></span> <span class='ocrx_word' id='word_1_479' title='bbox 1291 797 1317 824; x_wconf 96' lang='lat' dir='ltr'><strong>l.</strong></span> <span class='ocrx_word' id='word_1_480' title='bbox 1354 793 1453 824; x_wconf 87' lang='lat' dir='ltr'><strong>homo</strong></span> <span class='ocrx_word' id='word_1_481' title='bbox 1478 795 1617 826; x_wconf 82' lang='lat' dir='ltr'><strong>minime</strong></span> 
     </span>
     <span class='ocr_line' id='line_1_78' title="bbox 889 837 1618 878; baseline 0.005 -12"><span class='ocrx_word' id='word_1_482' title='bbox 889 837 1086 876; x_wconf 78' lang='lat' dir='ltr'><strong>ambitiosus,</strong></span> <span class='ocrx_word' id='word_1_483' title='bbox 1115 837 1254 868; x_wconf 87' lang='lat' dir='ltr'><strong>minime</strong></span> <span class='ocrx_word' id='word_1_484' title='bbox 1281 838 1315 867; x_wconf 91' lang='lat' dir='ltr'><strong>in</strong></span> <span class='ocrx_word' id='word_1_485' title='bbox 1344 837 1489 878; x_wconf 84' lang='lat' dir='ltr'><strong>rogando</strong></span> <span class='ocrx_word' id='word_1_486' title='bbox 1514 839 1618 870; x_wconf 84' lang='lat' dir='ltr'><strong>mole-</strong></span> 
     </span>
     <span class='ocr_line' id='line_1_79' title="bbox 887 885 969 910; baseline 0 0"><span class='ocrx_word' id='word_1_487' title='bbox 887 885 969 910; x_wconf 88' lang='lat' dir='ltr'><strong>stus.</strong></span> 
     </span>
    </p>

    <p class='ocr_par' dir='ltr' id='par_1_14' title="bbox 886 923 1618 1227">
     <span class='ocr_line' id='line_1_80' title="bbox 930 923 1616 965; baseline 0.006 -11"><span class='ocrx_word' id='word_1_488' title='bbox 930 924 1088 955; x_wconf 79' lang='lat' dir='ltr'><strong>Ambitus.</strong></span> <span class='ocrx_word' id='word_1_489' title='bbox 1135 925 1261 955; x_wconf 84' lang='lat' dir='ltr'><strong>crimen</strong></span> <span class='ocrx_word' id='word_1_490' title='bbox 1293 923 1380 964; x_wconf 89' lang='lat' dir='ltr'><strong>quod</strong></span> <span class='ocrx_word' id='word_1_491' title='bbox 1411 924 1616 965; x_wconf 82' lang='lat' dir='ltr'><strong>admittitur,</strong></span> 
     </span>
     <span class='ocr_line' id='line_1_81' title="bbox 888 967 1618 1008; baseline 0.005 -11"><span class='ocrx_word' id='word_1_492' title='bbox 888 977 964 997; x_wconf 90' lang='lat' dir='ltr'><strong>cum</strong></span> <span class='ocrx_word' id='word_1_493' title='bbox 983 968 1121 998; x_wconf 88' lang='lat' dir='ltr'><strong>minime</strong></span> <span class='ocrx_word' id='word_1_494' title='bbox 1137 967 1297 1007; x_wconf 79' lang='lat' dir='ltr'><strong>legitimis</strong></span> <span class='ocrx_word' id='word_1_495' title='bbox 1319 967 1423 998; x_wconf 87' lang='lat' dir='ltr'><strong>modis</strong></span> <span class='ocrx_word' id='word_1_496' title='bbox 1443 970 1618 1008; x_wconf 77' lang='lat' dir='ltr'><strong>magistra-</strong></span> 
     </span>
     <span class='ocr_line' id='line_1_82' title="bbox 886 1011 1618 1053; baseline 0.004 -12"><span class='ocrx_word' id='word_1_497' title='bbox 886 1016 941 1041; x_wconf 89' lang='lat' dir='ltr'><strong>tus</strong></span> <span class='ocrx_word' id='word_1_498' title='bbox 966 1011 1144 1051; x_wconf 80' lang='lat' dir='ltr'><strong>impetrare</strong></span> <span class='ocrx_word' id='word_1_499' title='bbox 1167 1012 1350 1042; x_wconf 73' lang='lat' dir='ltr'><strong>studemus.</strong></span> <span class='ocrx_word' id='word_1_500' title='bbox 1372 1011 1405 1042; x_wconf 89' lang='lat' dir='ltr'><strong>h.</strong></span> <span class='ocrx_word' id='word_1_501' title='bbox 1421 1021 1450 1042; x_wconf 83' lang='lat' dir='ltr'><strong>e.</strong></span> <span class='ocrx_word' id='word_1_502' title='bbox 1467 1013 1518 1050; x_wconf 89' lang='lat' dir='ltr'><strong>iis,</strong></span> <span class='ocrx_word' id='word_1_503' title='bbox 1535 1024 1618 1053; x_wconf 76' lang='lat' dir='ltr'><strong>quos</strong></span> 
     </span>
     <span class='ocr_line' id='line_1_83' title="bbox 887 1053 1616 1096; baseline 0.004 -12"><span class='ocrx_word' id='word_1_504' title='bbox 887 1053 978 1093; x_wconf 75' lang='lat' dir='ltr'><strong>leges</strong></span> <span class='ocrx_word' id='word_1_505' title='bbox 1002 1055 1042 1085; x_wconf 87' lang='lat' dir='ltr'><strong>de</strong></span> <span class='ocrx_word' id='word_1_506' title='bbox 1066 1056 1196 1085; x_wconf 83' lang='lat' dir='ltr'><strong>ambitu</strong></span> <span class='ocrx_word' id='word_1_507' title='bbox 1220 1055 1407 1096; x_wconf 86' lang='lat' dir='ltr'><strong>prohibent.</strong></span> <span class='ocrx_word' id='word_1_508' title='bbox 1427 1055 1468 1085; x_wconf 85' lang='lat' dir='ltr'><strong>ad</strong></span> <span class='ocrx_word' id='word_1_509' title='bbox 1482 1056 1546 1095; x_wconf 80' lang='grc' dir='ltr'>Ωιι.</span> <span class='ocrx_word' id='word_1_510' title='bbox 1565 1057 1616 1088; x_wconf 87' lang='lat' dir='ltr'><strong>Fr.</strong></span> 
     </span>
     <span class='ocr_line' id='line_1_84' title="bbox 887 1098 1616 1140; baseline 0.005 -12"><span class='ocrx_word' id='word_1_511' title='bbox 887 1098 922 1128; x_wconf 69' lang='lat' dir='ltr'><strong>ii,</strong></span> <span class='ocrx_word' id='word_1_512' title='bbox 940 1102 971 1129; x_wconf 83' lang='lat'><strong>3.</strong></span> <span class='ocrx_word' id='word_1_513' title='bbox 1003 1098 1042 1128; x_wconf 87' lang='lat' dir='ltr'><strong>de</strong></span> <span class='ocrx_word' id='word_1_514' title='bbox 1059 1100 1184 1129; x_wconf 79' lang='lat' dir='ltr'><strong>ambitu</strong></span> <span class='ocrx_word' id='word_1_515' title='bbox 1201 1099 1388 1140; x_wconf 82' lang='lat' dir='ltr'><strong>postulatus</strong></span> <span class='ocrx_word' id='word_1_516' title='bbox 1405 1104 1466 1130; x_wconf 83' lang='lat' dir='ltr'><strong>est.</strong></span> <span class='ocrx_word' id='word_1_517' title='bbox 1493 1100 1550 1131; x_wconf 89' lang='lat' dir='ltr'><strong>Or.</strong></span> <span class='ocrx_word' id='word_1_518' title='bbox 1568 1101 1616 1132; x_wconf 82' lang='lat' dir='ltr'><strong>iii.</strong></span> 
     </span>
     <span class='ocr_line' id='line_1_85' title="bbox 887 1141 1616 1176; baseline 0.005 -5"><span class='ocrx_word' id='word_1_519' title='bbox 887 1144 940 1172; x_wconf 77' lang='lat'><strong>48.</strong></span> <span class='ocrx_word' id='word_1_520' title='bbox 976 1141 1067 1171; x_wconf 83' lang='lat' dir='ltr'><strong>Brut.</strong></span> <span class='ocrx_word' id='word_1_521' title='bbox 1093 1145 1145 1173; x_wconf 77' lang='lat'><strong>44.</strong></span> <span class='ocrx_word' id='word_1_522' title='bbox 1174 1143 1236 1173; x_wconf 72' lang='grc' dir='ltr'>ἃς.</span> <span class='ocrx_word' id='word_1_523' title='bbox 1265 1143 1440 1173; x_wconf 83' lang='lat' dir='ltr'><strong>verborum</strong></span> <span class='ocrx_word' id='word_1_524' title='bbox 1473 1146 1616 1176; x_wconf 64' lang='lat' dir='ltr'><strong>abablius</strong></span> 
     </span>
     <span class='ocr_line' id='line_1_86' title="bbox 887 1183 1094 1227; baseline 0 -12"><span class='ocrx_word' id='word_1_525' title='bbox 887 1191 938 1215; x_wconf 87' lang='lat' dir='ltr'><strong>est</strong></span> <span class='ocrx_word' id='word_1_526' title='bbox 954 1183 1094 1227; x_wconf 68' lang='grc' dir='ltr'>περίοδος.</span> 
     </span>
    </p>

    <p class='ocr_par' dir='ltr' id='par_1_15' title="bbox 888 1229 1619 1434">
     <span class='ocr_line' id='line_1_87' title="bbox 931 1229 1617 1264; baseline 0.004 -6"><span class='ocrx_word' id='word_1_527' title='bbox 931 1230 1111 1259; x_wconf 71' lang='lat' dir='ltr'><strong>Ambrosia.</strong></span> <span class='ocrx_word' id='word_1_528' title='bbox 1135 1229 1192 1259; x_wconf 92' lang='lat' dir='ltr'><strong>Or.</strong></span> <span class='ocrx_word' id='word_1_529' title='bbox 1215 1229 1248 1260; x_wconf 91' lang='lat' dir='ltr'><strong>ii.</strong></span> <span class='ocrx_word' id='word_1_530' title='bbox 1270 1232 1323 1264; x_wconf 78' lang='lat'><strong>57.</strong></span> <span class='ocrx_word' id='word_1_531' title='bbox 1346 1230 1508 1260; x_wconf 75' lang='lat' dir='ltr'><strong>ambrosia</strong></span> <span class='ocrx_word' id='word_1_532' title='bbox 1526 1229 1617 1261; x_wconf 67' lang='lat' dir='ltr'><strong>axon-</strong></span> 
     </span>
     <span class='ocr_line' id='line_1_88' title="bbox 889 1271 1618 1314; baseline 0.003 -12"><span class='ocrx_word' id='word_1_533' title='bbox 889 1271 963 1309; x_wconf 89' lang='lat' dir='ltr'><strong>dus,</strong></span> <span class='ocrx_word' id='word_1_534' title='bbox 977 1272 1101 1302; x_wconf 84' lang='lat' dir='ltr'><strong>dicitur</strong></span> <span class='ocrx_word' id='word_1_535' title='bbox 1117 1273 1156 1303; x_wconf 86' lang='lat' dir='ltr'><strong>de</strong></span> <span class='ocrx_word' id='word_1_536' title='bbox 1174 1282 1225 1310; x_wconf 89' lang='lat' dir='ltr'><strong>eo,</strong></span> <span class='ocrx_word' id='word_1_537' title='bbox 1239 1273 1294 1312; x_wconf 85' lang='lat' dir='ltr'><strong>qui</strong></span> <span class='ocrx_word' id='word_1_538' title='bbox 1312 1274 1345 1303; x_wconf 89' lang='lat' dir='ltr'><strong>in</strong></span> <span class='ocrx_word' id='word_1_539' title='bbox 1363 1273 1474 1312; x_wconf 82' lang='lat' dir='ltr'><strong>aliqua</strong></span> <span class='ocrx_word' id='word_1_540' title='bbox 1486 1284 1517 1303; x_wconf 84' lang='lat' dir='ltr'><strong>rc</strong></span> <span class='ocrx_word' id='word_1_541' title='bbox 1534 1284 1618 1314; x_wconf 73' lang='lat' dir='ltr'><strong>prte-</strong></span> 
     </span>
     <span class='ocr_line' id='line_1_89' title="bbox 888 1316 1618 1355; baseline 0.004 -10"><span class='ocrx_word' id='word_1_542' title='bbox 888 1320 942 1345; x_wconf 88' lang='lat' dir='ltr'><strong>tcr</strong></span> <span class='ocrx_word' id='word_1_543' title='bbox 953 1320 1080 1347; x_wconf 79' lang='lat' dir='ltr'><strong>ceteros</strong></span> <span class='ocrx_word' id='word_1_544' title='bbox 1093 1316 1238 1354; x_wconf 78' lang='lat' dir='ltr'><strong>excellit,</strong></span> <span class='ocrx_word' id='word_1_545' title='bbox 1250 1317 1435 1355; x_wconf 87' lang='lat' dir='ltr'><strong>cujusmodi</strong></span> <span class='ocrx_word' id='word_1_546' title='bbox 1447 1317 1618 1348; x_wconf 59' lang='lat' dir='ltr'><strong>hominem</strong></span> 
     </span>
     <span class='ocr_line' id='line_1_90' title="bbox 889 1359 1619 1401; baseline 0.004 -13"><span class='ocrx_word' id='word_1_547' title='bbox 889 1359 1039 1390; x_wconf 70' lang='lat' dir='ltr'><strong>divinum</strong></span> <span class='ocrx_word' id='word_1_548' title='bbox 1067 1365 1101 1390; x_wconf 88' lang='lat' dir='ltr'><strong>et</strong></span> <span class='ocrx_word' id='word_1_549' title='bbox 1126 1360 1238 1391; x_wconf 88' lang='lat' dir='ltr'><strong>Deum</strong></span> <span class='ocrx_word' id='word_1_550' title='bbox 1265 1360 1346 1390; x_wconf 86' lang='lat' dir='ltr'><strong>adeo</strong></span> <span class='ocrx_word' id='word_1_551' title='bbox 1369 1360 1483 1391; x_wconf 81' lang='lat' dir='ltr'><strong>Latini</strong></span> <span class='ocrx_word' id='word_1_552' title='bbox 1507 1361 1619 1401; x_wconf 80' lang='lat' dir='ltr'><strong>appel·</strong></span> 
     </span>
     <span class='ocr_line' id='line_1_91' title="bbox 888 1402 1137 1434; baseline 0.004 -2"><span class='ocrx_word' id='word_1_553' title='bbox 888 1402 971 1433; x_wconf 86' lang='lat' dir='ltr'><strong>lant.</strong></span> <span class='ocrx_word' id='word_1_554' title='bbox 987 1413 1017 1434; x_wconf 90' lang='lat' dir='ltr'><strong>v.</strong></span> <span class='ocrx_word' id='word_1_555' title='bbox 1035 1403 1137 1433; x_wconf 85' lang='lat' dir='ltr'><strong>Deus.</strong></span> 
     </span>
    </p>

    <p class='ocr_par' dir='ltr' id='par_1_16' title="bbox 887 1446 1619 1609">
     <span class='ocr_line' id='line_1_92' title="bbox 931 1446 1619 1487; baseline 0.001 -10"><span class='ocrx_word' id='word_1_556' title='bbox 931 1447 1122 1485; x_wconf 78' lang='lat' dir='ltr'><strong>Ambustus,</strong></span> <span class='ocrx_word' id='word_1_557' title='bbox 1135 1446 1243 1486; x_wconf 86' lang='lat' dir='ltr'><strong>quide</strong></span> <span class='ocrx_word' id='word_1_558' title='bbox 1260 1447 1399 1477; x_wconf 79' lang='lat' dir='ltr'><strong>crimine</strong></span> <span class='ocrx_word' id='word_1_559' title='bbox 1415 1447 1548 1487; x_wconf 85' lang='lat' dir='ltr'><strong>capitali</strong></span> <span class='ocrx_word' id='word_1_560' title='bbox 1565 1458 1619 1478; x_wconf 86' lang='lat' dir='ltr'><strong>ac-</strong></span> 
     </span>
     <span class='ocr_line' id='line_1_93' title="bbox 889 1491 1618 1529; baseline 0.003 -9"><span class='ocrx_word' id='word_1_561' title='bbox 889 1496 1025 1521; x_wconf 81' lang='lat' dir='ltr'><strong>cusatus</strong></span> <span class='ocrx_word' id='word_1_562' title='bbox 1049 1491 1100 1520; x_wconf 82' lang='lat' dir='ltr'><strong>vix</strong></span> <span class='ocrx_word' id='word_1_563' title='bbox 1123 1492 1239 1528; x_wconf 79' lang='lat' dir='ltr'><strong>evasit,</strong></span> <span class='ocrx_word' id='word_1_564' title='bbox 1255 1497 1290 1521; x_wconf 81' lang='lat' dir='ltr'><strong>et</strong></span> <span class='ocrx_word' id='word_1_565' title='bbox 1315 1491 1478 1529; x_wconf 65' lang='lat' dir='ltr'><strong>insignem</strong></span> <span class='ocrx_word' id='word_1_566' title='bbox 1503 1498 1618 1523; x_wconf 76' lang='lat' dir='ltr'><strong>tamen</strong></span> 
     </span>
     <span class='ocr_line' id='line_1_94' title="bbox 887 1534 1618 1574; baseline 0.001 -10"><span class='ocrx_word' id='word_1_567' title='bbox 887 1534 1135 1574; x_wconf 79' lang='lat' dir='ltr'><strong>turpitudinem</strong></span> <span class='ocrx_word' id='word_1_568' title='bbox 1154 1534 1304 1564; x_wconf 78' lang='lat' dir='ltr'><strong>abstuiit.</strong></span> <span class='ocrx_word' id='word_1_569' title='bbox 1328 1534 1399 1564; x_wconf 85' lang='lat' dir='ltr'><strong>Mil.</strong></span> <span class='ocrx_word' id='word_1_570' title='bbox 1422 1538 1450 1565; x_wconf 88' lang='lat'><strong>5.</strong></span> <span class='ocrx_word' id='word_1_571' title='bbox 1476 1535 1557 1565; x_wconf 87' lang='lat' dir='ltr'><strong>Har.</strong></span> <span class='ocrx_word' id='word_1_572' title='bbox 1578 1535 1618 1566; x_wconf 78' lang='lat' dir='ltr'><strong>P..</strong></span> 
     </span>
     <span class='ocr_line' id='line_1_95' title="bbox 888 1578 1585 1609; baseline 0 -1"><span class='ocrx_word' id='word_1_573' title='bbox 888 1580 920 1609; x_wconf 89' lang='grc'>3.</span> <span class='ocrx_word' id='word_1_574' title='bbox 943 1587 974 1608; x_wconf 87' lang='grc' dir='ltr'><strong>ν.</strong></span> <span class='ocrx_word' id='word_1_575' title='bbox 990 1578 1132 1608; x_wconf 85' lang='lat' dir='ltr'><strong>Gronov.</strong></span> <span class='ocrx_word' id='word_1_576' title='bbox 1149 1578 1258 1608; x_wconf 83' lang='lat' dir='ltr'><strong>Diatr.</strong></span> <span class='ocrx_word' id='word_1_577' title='bbox 1273 1579 1307 1608; x_wconf 89' lang='lat' dir='ltr'><strong>in</strong></span> <span class='ocrx_word' id='word_1_578' title='bbox 1323 1578 1468 1607; x_wconf 85' lang='lat' dir='ltr'><strong>Statium</strong></span> <span class='ocrx_word' id='word_1_579' title='bbox 1485 1588 1514 1608; x_wconf 91' lang='lat' dir='ltr'><strong>c.</strong></span> <span class='ocrx_word' id='word_1_580' title='bbox 1532 1581 1585 1609; x_wconf 68' lang='lat'><strong>313.</strong></span> 
     </span>
    </p>

    <p class='ocr_par' dir='ltr' id='par_1_17' title="bbox 888 1620 1620 1922">
     <span class='ocr_line' id='line_1_96' title="bbox 932 1620 1618 1656; baseline 0 -4"><span class='ocrx_word' id='word_1_581' title='bbox 932 1622 1137 1652; x_wconf 77' lang='lat' dir='ltr'><strong>Amentaeus.</strong></span> <span class='ocrx_word' id='word_1_582' title='bbox 1169 1621 1226 1652; x_wconf 92' lang='lat' dir='ltr'><strong>Or.</strong></span> <span class='ocrx_word' id='word_1_583' title='bbox 1253 1622 1274 1651; x_wconf 93' lang='lat' dir='ltr'><strong>i.</strong></span> <span class='ocrx_word' id='word_1_584' title='bbox 1303 1624 1354 1655; x_wconf 79' lang='grc'><strong>57.</strong></span> <span class='ocrx_word' id='word_1_585' title='bbox 1385 1620 1479 1651; x_wconf 84' lang='lat' dir='ltr'><strong>Brut.</strong></span> <span class='ocrx_word' id='word_1_586' title='bbox 1505 1625 1557 1656; x_wconf 71' lang='lat'><strong>78.</strong></span> <span class='ocrx_word' id='word_1_587' title='bbox 1581 1632 1618 1652; x_wconf 84' lang='grc' dir='ltr'><strong>α-</strong></span> 
     </span>
     <span class='ocr_line' id='line_1_97' title="bbox 890 1665 1620 1704; baseline 0 -8"><span class='ocrx_word' id='word_1_588' title='bbox 890 1670 1037 1696; x_wconf 76' lang='lat' dir='ltr'><strong>mentatu-</strong></span> <span class='ocrx_word' id='word_1_589' title='bbox 1061 1665 1181 1703; x_wconf 81' lang='lat' dir='ltr'><strong>hasta;</strong></span> <span class='ocrx_word' id='word_1_590' title='bbox 1213 1665 1254 1695; x_wconf 85' lang='lat' dir='ltr'><strong>ab</strong></span> <span class='ocrx_word' id='word_1_591' title='bbox 1281 1669 1429 1701; x_wconf 86' lang='lat' dir='ltr'><strong>amento,</strong></span> <span class='ocrx_word' id='word_1_592' title='bbox 1455 1665 1541 1704; x_wconf 88' lang='lat' dir='ltr'><strong>quod</strong></span> <span class='ocrx_word' id='word_1_593' title='bbox 1567 1670 1620 1696; x_wconf 69' lang='lat' dir='ltr'><strong>est</strong></span> 
     </span>
     <span class='ocr_line' id='line_1_98' title="bbox 888 1707 1620 1749; baseline 0 -10"><span class='ocrx_word' id='word_1_594' title='bbox 888 1708 997 1739; x_wconf 81' lang='lat' dir='ltr'><strong>lorum</strong></span> <span class='ocrx_word' id='word_1_595' title='bbox 1015 1709 1049 1739; x_wconf 93' lang='lat' dir='ltr'><strong>in</strong></span> <span class='ocrx_word' id='word_1_596' title='bbox 1066 1708 1176 1738; x_wconf 82' lang='lat' dir='ltr'><strong>media</strong></span> <span class='ocrx_word' id='word_1_597' title='bbox 1190 1708 1300 1746; x_wconf 86' lang='lat' dir='ltr'><strong>hasta,</strong></span> <span class='ocrx_word' id='word_1_598' title='bbox 1318 1707 1412 1745; x_wconf 84' lang='lat' dir='ltr'><strong>eujus</strong></span> <span class='ocrx_word' id='word_1_599' title='bbox 1428 1718 1488 1748; x_wconf 84' lang='lat' dir='ltr'><strong>ope</strong></span> <span class='ocrx_word' id='word_1_600' title='bbox 1502 1709 1620 1749; x_wconf 82' lang='lat' dir='ltr'><strong>majori</strong></span> 
     </span>
     <span class='ocr_line' id='line_1_99' title="bbox 889 1751 1618 1792; baseline 0.001 -10"><span class='ocrx_word' id='word_1_601' title='bbox 889 1753 921 1782; x_wconf 84' lang='lat' dir='ltr'><strong>vi</strong></span> <span class='ocrx_word' id='word_1_602' title='bbox 950 1753 1123 1792; x_wconf 87' lang='lat' dir='ltr'><strong>projicitur</strong></span> <span class='ocrx_word' id='word_1_603' title='bbox 1146 1751 1260 1782; x_wconf 81' lang='lat' dir='ltr'><strong>hasta:</strong></span> <span class='ocrx_word' id='word_1_604' title='bbox 1292 1751 1382 1781; x_wconf 84' lang='lat' dir='ltr'><strong>unde</strong></span> <span class='ocrx_word' id='word_1_605' title='bbox 1410 1751 1556 1792; x_wconf 78' lang='lat' dir='ltr'><strong>metaph.</strong></span> <span class='ocrx_word' id='word_1_606' title='bbox 1584 1763 1618 1782; x_wconf 90' lang='lat' dir='ltr'><strong>a-</strong></span> 
     </span>
     <span class='ocr_line' id='line_1_100' title="bbox 890 1795 1619 1834; baseline 0.001 -9"><span class='ocrx_word' id='word_1_607' title='bbox 890 1802 1051 1826; x_wconf 81' lang='lat' dir='ltr'><strong>mentatae</strong></span> <span class='ocrx_word' id='word_1_608' title='bbox 1088 1795 1206 1831; x_wconf 75' lang='lat' dir='ltr'><strong>hastae,</strong></span> <span class='ocrx_word' id='word_1_609' title='bbox 1244 1800 1458 1834; x_wconf 81' lang='lat' dir='ltr'><strong>comparatur</strong></span> <span class='ocrx_word' id='word_1_610' title='bbox 1495 1796 1619 1826; x_wconf 81' lang='lat' dir='ltr'><strong>crimen</strong></span> 
     </span>
     <span class='ocr_line' id='line_1_101' title="bbox 891 1837 1619 1879; baseline 0.001 -10"><span class='ocrx_word' id='word_1_611' title='bbox 891 1839 978 1879; x_wconf 86' lang='lat' dir='ltr'><strong>quod</strong></span> <span class='ocrx_word' id='word_1_612' title='bbox 1002 1839 1051 1869; x_wconf 89' lang='lat' dir='ltr'><strong>ita</strong></span> <span class='ocrx_word' id='word_1_613' title='bbox 1069 1839 1269 1879; x_wconf 84' lang='lat' dir='ltr'><strong>impingitur</strong></span> <span class='ocrx_word' id='word_1_614' title='bbox 1286 1837 1398 1876; x_wconf 84' lang='lat' dir='ltr'><strong>alicui,</strong></span> <span class='ocrx_word' id='word_1_615' title='bbox 1416 1844 1454 1869; x_wconf 90' lang='lat' dir='ltr'><strong>ut</strong></span> <span class='ocrx_word' id='word_1_616' title='bbox 1470 1838 1566 1869; x_wconf 79' lang='lat' dir='ltr'><strong>facilc</strong></span> <span class='ocrx_word' id='word_1_617' title='bbox 1584 1841 1619 1871; x_wconf 92' lang='lat' dir='ltr'><strong>in</strong></span> 
     </span>
     <span class='ocr_line' id='line_1_102' title="bbox 891 1883 1200 1922; baseline 0 -10"><span class='ocrx_word' id='word_1_618' title='bbox 891 1893 929 1914; x_wconf 86' lang='lat' dir='ltr'><strong>eo</strong></span> <span class='ocrx_word' id='word_1_619' title='bbox 945 1883 1070 1913; x_wconf 78' lang='lat' dir='ltr'><strong>haercre</strong></span> <span class='ocrx_word' id='word_1_620' title='bbox 1087 1883 1200 1922; x_wconf 84' lang='lat' dir='ltr'><strong>possit.</strong></span> 
     </span>
    </p>

    <p class='ocr_par' dir='ltr' id='par_1_18' title="bbox 889 1925 1621 2175">
     <span class='ocr_line' id='line_1_103' title="bbox 933 1925 1620 1966; baseline 0 -9"><span class='ocrx_word' id='word_1_621' title='bbox 933 1925 1137 1966; x_wconf 63' lang='lat' dir='ltr'><strong>Angli-actus.</strong></span> <span class='ocrx_word' id='word_1_622' title='bbox 1162 1925 1296 1956; x_wconf 82' lang='lat' dir='ltr'><strong>Ciuent.</strong></span> <span class='ocrx_word' id='word_1_623' title='bbox 1313 1925 1364 1956; x_wconf 85' lang='lat'><strong>56.</strong></span> <span class='ocrx_word' id='word_1_624' title='bbox 1389 1925 1467 1956; x_wconf 88' lang='lat' dir='ltr'><strong>Vita</strong></span> <span class='ocrx_word' id='word_1_625' title='bbox 1491 1931 1620 1957; x_wconf 84' lang='lat' dir='ltr'><strong>remota</strong></span> 
     </span>
     <span class='ocr_line' id='line_1_104' title="bbox 890 1969 1619 2010; baseline 0 -10"><span class='ocrx_word' id='word_1_626' title='bbox 890 1980 911 2000; x_wconf 86' lang='lat' dir='ltr'><strong>a</strong></span> <span class='ocrx_word' id='word_1_627' title='bbox 938 1969 1091 2010; x_wconf 84' lang='lat' dir='ltr'><strong>procellis</strong></span> <span class='ocrx_word' id='word_1_628' title='bbox 1123 1969 1321 2000; x_wconf 81' lang='lat' dir='ltr'><strong>invidiarum</strong></span> <span class='ocrx_word' id='word_1_629' title='bbox 1353 1973 1388 1998; x_wconf 87' lang='lat' dir='ltr'><strong>ct</strong></span> <span class='ocrx_word' id='word_1_630' title='bbox 1413 1969 1619 2007; x_wconf 83' lang='lat' dir='ltr'><strong>judiciorum</strong></span> 
     </span>
     <span class='ocr_line' id='line_1_105' title="bbox 889 2011 1619 2053; baseline 0 -9"><span class='ocrx_word' id='word_1_631' title='bbox 889 2013 1082 2053; x_wconf 64' lang='lat' dir='ltr'><strong>angs&#39;ractu:</strong></span> <span class='ocrx_word' id='word_1_632' title='bbox 1116 2017 1168 2043; x_wconf 80' lang='lat' dir='ltr'><strong>est</strong></span> <span class='ocrx_word' id='word_1_633' title='bbox 1198 2022 1327 2049; x_wconf 87' lang='lat' dir='ltr'><strong>eorum,</strong></span> <span class='ocrx_word' id='word_1_634' title='bbox 1357 2011 1412 2050; x_wconf 80' lang='lat' dir='ltr'><strong>qui</strong></span> <span class='ocrx_word' id='word_1_635' title='bbox 1444 2014 1619 2044; x_wconf 68' lang='lat' dir='ltr'><strong>Senatores</strong></span> 
     </span>
     <span class='ocr_line' id='line_1_106' title="bbox 890 2055 1621 2094; baseline 0 -7"><span class='ocrx_word' id='word_1_636' title='bbox 890 2057 962 2087; x_wconf 85' lang='lat' dir='ltr'><strong>fieri</strong></span> <span class='ocrx_word' id='word_1_637' title='bbox 995 2056 1127 2094; x_wconf 90' lang='lat' dir='ltr'><strong>nolunt,</strong></span> <span class='ocrx_word' id='word_1_638' title='bbox 1155 2066 1196 2086; x_wconf 88' lang='lat' dir='ltr'><strong>ne</strong></span> <span class='ocrx_word' id='word_1_639' title='bbox 1227 2056 1288 2087; x_wconf 89' lang='lat' dir='ltr'><strong>sibi</strong></span> <span class='ocrx_word' id='word_1_640' title='bbox 1313 2055 1534 2094; x_wconf 82' lang='lat' dir='ltr'><strong>judicandum</strong></span> <span class='ocrx_word' id='word_1_641' title='bbox 1565 2056 1621 2087; x_wconf 88' lang='lat' dir='ltr'><strong>sit.</strong></span> 
     </span>
     <span class='ocr_line' id='line_1_107' title="bbox 889 2099 1619 2141; baseline -0.001 -10"><span class='ocrx_word' id='word_1_642' title='bbox 889 2099 1002 2140; x_wconf 61' lang='lat' dir='ltr'><strong>¹*Legu</strong></span> <span class='ocrx_word' id='word_1_643' title='bbox 1035 2100 1069 2130; x_wconf 90' lang='lat' dir='ltr'><strong>ii.</strong></span> <span class='ocrx_word' id='word_1_644' title='bbox 1102 2103 1132 2131; x_wconf 85' lang='lat'><strong>8.</strong></span> <span class='ocrx_word' id='word_1_645' title='bbox 1169 2099 1355 2141; x_wconf 61' lang='lat' dir='ltr'><strong>amj&#39;iuctus</strong></span> <span class='ocrx_word' id='word_1_646' title='bbox 1386 2108 1527 2130; x_wconf 80' lang='lat' dir='ltr'><strong>annuus.</strong></span> <span class='ocrx_word' id='word_1_647' title='bbox 1559 2109 1619 2140; x_wconf 91' lang='lat' dir='ltr'><strong>pro</strong></span> 
     </span>
     <span class='ocr_line' id='line_1_108' title="bbox 889 2154 984 2175; baseline -0.011 0"><span class='ocrx_word' id='word_1_648' title='bbox 889 2154 984 2175; x_wconf 83' lang='lat' dir='ltr'><strong>anno.</strong></span> 
     </span>
    </p>

    <p class='ocr_par' dir='ltr' id='par_1_19' title="bbox 889 2186 1619 2314">
     <span class='ocr_line' id='line_1_109' title="bbox 932 2186 1619 2223; baseline -0.003 -5"><span class='ocrx_word' id='word_1_649' title='bbox 932 2188 1090 2219; x_wconf 74' lang='lat' dir='ltr'><strong>Amictus.</strong></span> <span class='ocrx_word' id='word_1_650' title='bbox 1114 2187 1171 2218; x_wconf 85' lang='lat' dir='ltr'><strong>Or.</strong></span> <span class='ocrx_word' id='word_1_651' title='bbox 1194 2187 1228 2217; x_wconf 89' lang='lat' dir='ltr'><strong>ii.</strong></span> <span class='ocrx_word' id='word_1_652' title='bbox 1252 2189 1283 2218; x_wconf 73' lang='grc'>2.</span> <span class='ocrx_word' id='word_1_653' title='bbox 1306 2186 1446 2216; x_wconf 73' lang='lat' dir='ltr'><strong>amictus</strong></span> <span class='ocrx_word' id='word_1_654' title='bbox 1466 2186 1619 2223; x_wconf 77' lang='lat' dir='ltr'><strong>oratoris,</strong></span> 
     </span>
     <span class='ocr_line' id='line_1_110' title="bbox 890 2229 1619 2271; baseline -0.001 -10"><span class='ocrx_word' id='word_1_655' title='bbox 890 2235 942 2261; x_wconf 85' lang='lat' dir='ltr'><strong>est</strong></span> <span class='ocrx_word' id='word_1_656' title='bbox 957 2231 1154 2271; x_wconf 82' lang='lat' dir='ltr'><strong>compositio</strong></span> <span class='ocrx_word' id='word_1_657' title='bbox 1169 2234 1270 2270; x_wconf 82' lang='lat' dir='ltr'><strong>togae,</strong></span> <span class='ocrx_word' id='word_1_658' title='bbox 1286 2239 1362 2259; x_wconf 86' lang='lat' dir='ltr'><strong>cum</strong></span> <span class='ocrx_word' id='word_1_659' title='bbox 1381 2229 1422 2259; x_wconf 88' lang='lat' dir='ltr'><strong>ad</strong></span> <span class='ocrx_word' id='word_1_660' title='bbox 1440 2229 1619 2260; x_wconf 85' lang='lat' dir='ltr'><strong>dicendum</strong></span> 
     </span>
     <span class='ocr_line' id='line_1_111' title="bbox 889 2273 1525 2314; baseline -0.006 -8"><span class='ocrx_word' id='word_1_661' title='bbox 889 2276 1010 2314; x_wconf 85' lang='lat' dir='ltr'><strong>surgit,</strong></span> <span class='ocrx_word' id='word_1_662' title='bbox 1027 2285 1054 2304; x_wconf 94' lang='lat' dir='ltr'><strong>v.</strong></span> <span class='ocrx_word' id='word_1_663' title='bbox 1069 2274 1206 2304; x_wconf 82' lang='lat' dir='ltr'><strong>Gesner.</strong></span> <span class='ocrx_word' id='word_1_664' title='bbox 1221 2273 1262 2303; x_wconf 87' lang='lat' dir='ltr'><strong>ad</strong></span> <span class='ocrx_word' id='word_1_665' title='bbox 1278 2273 1361 2303; x_wconf 82' lang='lat' dir='ltr'><strong>Piin.</strong></span> <span class='ocrx_word' id='word_1_666' title='bbox 1377 2282 1428 2314; x_wconf 87' lang='lat' dir='ltr'><strong>ep.</strong></span> <span class='ocrx_word' id='word_1_667' title='bbox 1445 2273 1478 2303; x_wconf 91' lang='lat' dir='ltr'><strong>ii.</strong></span> <span class='ocrx_word' id='word_1_668' title='bbox 1495 2276 1525 2303; x_wconf 87' lang='lat'><strong>3.</strong></span> 
     </span>
    </p>

    <p class='ocr_par' dir='ltr' id='par_1_20' title="bbox 888 2316 1622 2436">
     <span class='ocr_line' id='line_1_112' title="bbox 933 2316 1620 2358; baseline -0.004 -9"><span class='ocrx_word' id='word_1_669' title='bbox 933 2319 1104 2349; x_wconf 74' lang='grc' dir='ltr'>Αηιιίίενε.</span> <span class='ocrx_word' id='word_1_670' title='bbox 1149 2327 1207 2358; x_wconf 89' lang='lat' dir='ltr'><strong>pro</strong></span> <span class='ocrx_word' id='word_1_671' title='bbox 1253 2316 1400 2354; x_wconf 84' lang='lat' dir='ltr'><strong>mittere,</strong></span> <span class='ocrx_word' id='word_1_672' title='bbox 1437 2316 1620 2347; x_wconf 82' lang='lat' dir='ltr'><strong>dimittere.</strong></span> 
     </span>
     <span class='ocr_line' id='line_1_113' title="bbox 888 2359 1622 2393; baseline -0.001 -1"><span class='ocrx_word' id='word_1_673' title='bbox 888 2362 989 2393; x_wconf 89' lang='lat' dir='ltr'><strong>Tusc.</strong></span> <span class='ocrx_word' id='word_1_674' title='bbox 1021 2362 1055 2392; x_wconf 92' lang='lat' dir='ltr'><strong>ii.</strong></span> <span class='ocrx_word' id='word_1_675' title='bbox 1087 2365 1137 2393; x_wconf 82' lang='lat'><strong>13.</strong></span> <span class='ocrx_word' id='word_1_676' title='bbox 1170 2365 1237 2391; x_wconf 80' lang='lat' dir='ltr'><strong>ext.</strong></span> <span class='ocrx_word' id='word_1_677' title='bbox 1266 2361 1416 2391; x_wconf 77' lang='lat' dir='ltr'><strong>amittere</strong></span> <span class='ocrx_word' id='word_1_678' title='bbox 1451 2359 1622 2391; x_wconf 84' lang='lat' dir='ltr'><strong>fortitudi-</strong></span> 
     </span>
     <span class='ocr_line' id='line_1_114' title="bbox 891 2415 980 2436; baseline 0 0"><span class='ocrx_word' id='word_1_679' title='bbox 891 2415 980 2436; x_wconf 86' lang='lat' dir='ltr'><strong>nem.</strong></span> 
     </span>
    </p>

    <p class='ocr_par' dir='ltr' id='par_1_21' title="bbox 887 2446 1622 2914">
     <span class='ocr_line' id='line_1_115' title="bbox 933 2446 1621 2480; baseline -0.006 0"><span class='ocrx_word' id='word_1_680' title='bbox 933 2449 1045 2480; x_wconf 89' lang='lat' dir='ltr'><strong>Amor.</strong></span> <span class='ocrx_word' id='word_1_681' title='bbox 1069 2448 1139 2478; x_wconf 82' lang='lat' dir='ltr'><strong>Att.</strong></span> <span class='ocrx_word' id='word_1_682' title='bbox 1157 2448 1199 2478; x_wconf 87' lang='lat' dir='ltr'><strong>vi.</strong></span> <span class='ocrx_word' id='word_1_683' title='bbox 1219 2450 1246 2477; x_wconf 91' lang='lat' dir='ltr'><strong>l.</strong></span> <span class='ocrx_word' id='word_1_684' title='bbox 1271 2450 1322 2477; x_wconf 86' lang='lat' dir='ltr'><strong>est</strong></span> <span class='ocrx_word' id='word_1_685' title='bbox 1338 2446 1421 2477; x_wconf 83' lang='lat' dir='ltr'><strong>mihi</strong></span> <span class='ocrx_word' id='word_1_686' title='bbox 1445 2447 1479 2477; x_wconf 92' lang='lat' dir='ltr'><strong>in</strong></span> <span class='ocrx_word' id='word_1_687' title='bbox 1500 2447 1621 2477; x_wconf 82' lang='lat' dir='ltr'><strong>amori-</strong></span> 
     </span>
     <span class='ocr_line' id='line_1_116' title="bbox 889 2491 1621 2528; baseline -0.004 -5"><span class='ocrx_word' id='word_1_688' title='bbox 889 2493 956 2523; x_wconf 81' lang='lat' dir='ltr'><strong>bus.</strong></span> <span class='ocrx_word' id='word_1_689' title='bbox 990 2492 1008 2511; x_wconf 50' lang='grc' dir='ltr'><em>Ῥ</em></span> <span class='ocrx_word' id='word_1_690' title='bbox 1021 2492 1091 2523; x_wconf 85' lang='lat' dir='ltr'><strong>Fin.</strong></span> <span class='ocrx_word' id='word_1_691' title='bbox 1109 2492 1155 2522; x_wconf 88' lang='lat' dir='ltr'><strong>iii.</strong></span> <span class='ocrx_word' id='word_1_692' title='bbox 1172 2493 1225 2522; x_wconf 70' lang='lat'><strong>20.</strong></span> <span class='ocrx_word' id='word_1_693' title='bbox 1254 2491 1387 2521; x_wconf 81' lang='lat' dir='ltr'><strong>Amores</strong></span> <span class='ocrx_word' id='word_1_694' title='bbox 1404 2491 1526 2528; x_wconf 87' lang='lat' dir='ltr'><strong>sancti,</strong></span> <span class='ocrx_word' id='word_1_695' title='bbox 1541 2494 1621 2521; x_wconf 87' lang='lat' dir='ltr'><strong>sunt</strong></span> 
     </span>
     <span class='ocr_line' id='line_1_117' title="bbox 888 2534 1622 2576; baseline -0.003 -10"><span class='ocrx_word' id='word_1_696' title='bbox 888 2545 1018 2566; x_wconf 82' lang='lat' dir='ltr'><strong>amores</strong></span> <span class='ocrx_word' id='word_1_697' title='bbox 1039 2535 1166 2576; x_wconf 78' lang='lat' dir='ltr'><strong>pudici,</strong></span> <span class='ocrx_word' id='word_1_698' title='bbox 1184 2544 1250 2564; x_wconf 92' lang='lat' dir='ltr'><strong>non</strong></span> <span class='ocrx_word' id='word_1_699' title='bbox 1270 2534 1473 2573; x_wconf 83' lang='lat' dir='ltr'><strong>quicunque,</strong></span> <span class='ocrx_word' id='word_1_700' title='bbox 1492 2539 1530 2564; x_wconf 89' lang='lat' dir='ltr'><strong>ut</strong></span> <span class='ocrx_word' id='word_1_701' title='bbox 1552 2534 1622 2565; x_wconf 83' lang='lat' dir='ltr'><strong>Da-</strong></span> 
     </span>
     <span class='ocr_line' id='line_1_118' title="bbox 889 2576 1621 2618; baseline -0.004 -9"><span class='ocrx_word' id='word_1_702' title='bbox 889 2580 989 2609; x_wconf 78' lang='lat' dir='ltr'><strong>visius</strong></span> <span class='ocrx_word' id='word_1_703' title='bbox 1008 2580 1261 2618; x_wconf 78' lang='lat' dir='ltr'><strong>iuterpretatur,</strong></span> <span class='ocrx_word' id='word_1_704' title='bbox 1275 2577 1332 2608; x_wconf 82' lang='lat' dir='ltr'><strong>sed</strong></span> <span class='ocrx_word' id='word_1_705' title='bbox 1348 2587 1526 2617; x_wconf 82' lang='lat' dir='ltr'><strong>puerorum</strong></span> <span class='ocrx_word' id='word_1_706' title='bbox 1547 2576 1621 2617; x_wconf 91' lang='lat' dir='ltr'><strong>pul-</strong></span> 
     </span>
     <span class='ocr_line' id='line_1_119' title="bbox 889 2620 1622 2660; baseline -0.004 -8"><span class='ocrx_word' id='word_1_707' title='bbox 889 2633 1034 2660; x_wconf 86' lang='lat' dir='ltr'><strong>crorum,</strong></span> <span class='ocrx_word' id='word_1_708' title='bbox 1061 2632 1141 2660; x_wconf 80' lang='lat' dir='ltr'><strong>qnos</strong></span> <span class='ocrx_word' id='word_1_709' title='bbox 1170 2621 1278 2652; x_wconf 84' lang='lat' dir='ltr'><strong>licitos</strong></span> <span class='ocrx_word' id='word_1_710' title='bbox 1305 2630 1376 2651; x_wconf 84' lang='lat' dir='ltr'><strong>esse</strong></span> <span class='ocrx_word' id='word_1_711' title='bbox 1403 2621 1506 2651; x_wconf 87' lang='lat' dir='ltr'><strong>Stoici</strong></span> <span class='ocrx_word' id='word_1_712' title='bbox 1534 2620 1622 2650; x_wconf 76' lang='lat' dir='ltr'><strong>dico-</strong></span> 
     </span>
     <span class='ocr_line' id='line_1_120' title="bbox 888 2663 1622 2703; baseline -0.003 -8"><span class='ocrx_word' id='word_1_713' title='bbox 888 2666 981 2696; x_wconf 85' lang='lat' dir='ltr'><strong>bant.</strong></span> <span class='ocrx_word' id='word_1_714' title='bbox 999 2676 1027 2695; x_wconf 91' lang='lat' dir='ltr'><strong>v.</strong></span> <span class='ocrx_word' id='word_1_715' title='bbox 1052 2666 1153 2696; x_wconf 79' lang='lat' dir='ltr'><strong>Tusc.</strong></span> <span class='ocrx_word' id='word_1_716' title='bbox 1169 2665 1209 2695; x_wconf 89' lang='lat' dir='ltr'><strong>iv.</strong></span> <span class='ocrx_word' id='word_1_717' title='bbox 1226 2667 1279 2695; x_wconf 82' lang='lat'><strong>33.</strong></span> <span class='ocrx_word' id='word_1_718' title='bbox 1309 2664 1397 2695; x_wconf 91' lang='lat' dir='ltr'><strong>Nam</strong></span> <span class='ocrx_word' id='word_1_719' title='bbox 1418 2665 1524 2703; x_wconf 89' lang='lat' dir='ltr'><strong>primo</strong></span> <span class='ocrx_word' id='word_1_720' title='bbox 1540 2663 1622 2693; x_wconf 76' lang='lat' dir='ltr'><strong>dicit</strong></span> 
     </span>
     <span class='ocr_line' id='line_1_121' title="bbox 890 2707 1622 2748; baseline -0.004 -9"><span class='ocrx_word' id='word_1_721' title='bbox 890 2709 1019 2745; x_wconf 73' lang='lat' dir='ltr'><strong>Cic-ero,</strong></span> <span class='ocrx_word' id='word_1_722' title='bbox 1033 2709 1220 2748; x_wconf 63' lang='lat' dir='ltr'><strong>sapientem</strong></span> <span class='ocrx_word' id='word_1_723' title='bbox 1237 2717 1373 2737; x_wconf 80' lang='lat' dir='ltr'><strong>uxorem</strong></span> <span class='ocrx_word' id='word_1_724' title='bbox 1391 2707 1570 2746; x_wconf 65' lang='lat' dir='ltr'><strong>adjungere</strong></span> <span class='ocrx_word' id='word_1_725' title='bbox 1587 2714 1622 2736; x_wconf 78' lang='lat' dir='ltr'><strong>ct</strong></span> 
     </span>
     <span class='ocr_line' id='line_1_122' title="bbox 889 2750 1621 2788; baseline -0.004 -6"><span class='ocrx_word' id='word_1_726' title='bbox 889 2752 972 2782; x_wconf 81' lang='lat' dir='ltr'><strong>veile</strong></span> <span class='ocrx_word' id='word_1_727' title='bbox 989 2763 1028 2782; x_wconf 75' lang='lat' dir='ltr'><strong>cx</strong></span> <span class='ocrx_word' id='word_1_728' title='bbox 1043 2762 1082 2781; x_wconf 72' lang='lat' dir='ltr'><strong>ca</strong></span> <span class='ocrx_word' id='word_1_729' title='bbox 1098 2751 1218 2781; x_wconf 80' lang='lat' dir='ltr'><strong>liberos</strong></span> <span class='ocrx_word' id='word_1_730' title='bbox 1233 2763 1242 2788; x_wconf 90' lang='lat'>;</span> <span class='ocrx_word' id='word_1_731' title='bbox 1267 2750 1301 2781; x_wconf 86' lang='lat' dir='ltr'><strong>hi</strong></span> <span class='ocrx_word' id='word_1_732' title='bbox 1322 2755 1401 2781; x_wconf 86' lang='lat' dir='ltr'><strong>sunt</strong></span> <span class='ocrx_word' id='word_1_733' title='bbox 1423 2760 1551 2781; x_wconf 73' lang='lat' dir='ltr'><strong>amores</strong></span> <span class='ocrx_word' id='word_1_734' title='bbox 1568 2760 1621 2779; x_wconf 85' lang='lat' dir='ltr'><strong>ca-</strong></span> 
     </span>
     <span class='ocr_line' id='line_1_123' title="bbox 888 2793 1621 2832; baseline -0.004 -7"><span class='ocrx_word' id='word_1_735' title='bbox 888 2796 943 2826; x_wconf 84' lang='lat' dir='ltr'><strong>sti.</strong></span> <span class='ocrx_word' id='word_1_736' title='bbox 975 2795 1094 2825; x_wconf 72' lang='lat' dir='ltr'><strong>deinde</strong></span> <span class='ocrx_word' id='word_1_737' title='bbox 1123 2795 1233 2825; x_wconf 84' lang='lat' dir='ltr'><strong>addit:</strong></span> <span class='ocrx_word' id='word_1_738' title='bbox 1268 2804 1310 2824; x_wconf 83' lang='lat' dir='ltr'><strong>ne</strong></span> <span class='ocrx_word' id='word_1_739' title='bbox 1335 2804 1463 2824; x_wconf 84' lang='lat' dir='ltr'><strong>amores</strong></span> <span class='ocrx_word' id='word_1_740' title='bbox 1487 2793 1621 2832; x_wconf 72' lang='lat' dir='ltr'><strong>quidem</strong></span> 
     </span>
     <span class='ocr_line' id='line_1_124' title="bbox 887 2837 1622 2878; baseline -0.004 -9"><span class='ocrx_word' id='word_1_741' title='bbox 887 2843 1020 2869; x_wconf 82' lang='lat' dir='ltr'><strong>sanctos</strong></span> <span class='ocrx_word' id='word_1_742' title='bbox 1036 2838 1161 2869; x_wconf 80' lang='lat' dir='ltr'><strong>alienos</strong></span> <span class='ocrx_word' id='word_1_743' title='bbox 1174 2847 1244 2868; x_wconf 83' lang='lat' dir='ltr'><strong>esse</strong></span> <span class='ocrx_word' id='word_1_744' title='bbox 1260 2847 1280 2868; x_wconf 79' lang='lat' dir='ltr'><strong>a</strong></span> <span class='ocrx_word' id='word_1_745' title='bbox 1294 2838 1444 2878; x_wconf 82' lang='lat' dir='ltr'><strong>sapiente</strong></span> <span class='ocrx_word' id='word_1_746' title='bbox 1459 2837 1622 2867; x_wconf 84' lang='lat' dir='ltr'><strong>arbitran-</strong></span> 
     </span>
     <span class='ocr_line' id='line_1_125' title="bbox 889 2888 957 2914; baseline -0.029 0"><span class='ocrx_word' id='word_1_747' title='bbox 889 2888 957 2914; x_wconf 88' lang='lat' dir='ltr'><strong>tur.</strong></span> 
     </span>
    </p>

    <p class='ocr_par' dir='ltr' id='par_1_22' title="bbox 932 2921 1623 2968">
     <span class='ocr_line' id='line_1_126' title="bbox 932 2921 1623 2968; baseline -0.009 -10"><span class='ocrx_word' id='word_1_748' title='bbox 932 2926 1111 2968; x_wconf 79' lang='lat' dir='ltr'><strong>Amphora.</strong></span> <span class='ocrx_word' id='word_1_749' title='bbox 1134 2934 1303 2964; x_wconf 83' lang='lat' dir='ltr'><strong>mensura,</strong></span> <span class='ocrx_word' id='word_1_750' title='bbox 1319 2923 1359 2955; x_wconf 88' lang='lat' dir='ltr'><strong>de</strong></span> <span class='ocrx_word' id='word_1_751' title='bbox 1379 2923 1473 2964; x_wconf 72' lang='lat' dir='ltr'><strong>cujua</strong></span> <span class='ocrx_word' id='word_1_752' title='bbox 1494 2921 1623 2962; x_wconf 71' lang='lat' dir='ltr'><strong>magni-</strong></span> 
     </span>
    </p>
   </div>
  </div>
 </body>
</html>
