1804 3178
600 83 679 111 mn
686 83 744 112 Ex
775 84 875 113 LA‘ri
883 85 908 113 N
917 86 1072 115 nutris.

79 178 132 204 ns
156 173 272 212 magni
303 173 429 204 facere:
455 181 533 204 curn
557 181 670 203 amare
698 178 816 203 contra

79 217 138 253 sit,
172 217 264 247 sumi
310 216 368 247 illo
395 225 495 247 sensu
529 217 654 247 moveri
679 216 813 253 amoris,

78 259 216 299 quinon
233 266 304 291 tam
327 270 368 291 ex
395 259 576 291 virtutibus
604 260 740 290 alterius
765 265 815 290 at-

76 313 142 342 que
157 314 178 335 a
192 311 284 335 certo
298 304 430 342 judicio
452 303 689 343 proficiscitur,
712 314 814 343 quam

78 357 100 376 a
114 356 235 386 sensu;
259 347 349 379 unde
365 347 535 378 interdum
555 347 815 386 distinguuntur

76 391 216 432 diligere
245 398 278 421 et
310 399 437 428 amare,
461 400 490 421 v.
524 401 553 421 c.
586 391 628 421 ad
659 392 735 422 niv.
771 392 813 422 ix.

82 437 131 466 14.
155 433 235 466 ibid.
258 435 280 466 i.
303 440 336 469 9.
359 445 437 465 eum
472 440 636 476 perpetuo
665 435 811 475 quodam

71 477 204 517 judicio
218 478 393 518 diligebam
411 480 470 508 &tn

127 521 320 554 Dilorieure.
344 523 402 553 Or.
420 522 454 553 ii.
467 525 518 553 28.
535 523 706 553 diloricare
719 522 810 552 tnui-

75 575 173 597 (Ἆπις
198 567 220 597 i.
235 575 266 596 e.
289 571 451 605 retegere.
477 577 554 597 nain
586 566 723 597 loric-are
750 566 812 596 eti-

74 619 132 640 am
146 615 200 640 est
220 619 282 650 pro
303 615 429 650 teg-ere.
452 609 505 641 Sic
528 611 670 652 parietes
694 610 811 640 ‹licun-

76 658 135 683 tur
147 651 279 684 loricari
295 654 448 684 tectorio.

118 695 274 735 Diluere,
298 699 462 728 minuere.
485 697 586 728 Tusc.
613 698 658 727 iii.
688 698 735 727 1⁴3.
761 698 810 727 dj—

74 742 167 771 luere
189 741 374 772 molestias.
398 743 417 758 ¹‘
435 741 598 777 refellere,
621 741 718 771 Rosc.
736 741 810 770 Am.

79 787 131 816 15.
156 794 208 815 res
231 784 319 816 leves
343 786 510 816 infimiem
530 795 567 814 ac
582 785 722 814 diluam.

119 827 319 860 Diminutio.
342 829 436 860 Prov.
461 829 562 859 Com.
588 831 638 859 15.
674 827 809 858 multari

74 871 312 913 imperatorem
356 873 572 904 diminutione
615 873 808 912 provinciae,

74 916 359 948 contumeliosum
394 921 456 946 est.
490 915 564 946 Mil.
595 917 648 947 36.
684 917 710 946 si
744 926 808 955 qua

71 959 246 991 damnum
267 961 387 1001 capitis
411 959 526 990 futura
556 964 628 990 est:
663 959 695 990 h.
727 971 756 990 e.
781 961 808 990 si

73 1002 253 1034 damnatus
267 1004 303 1035 in
319 1003 457 1034 exilium
475 1004 547 1034 ibit.

115 1045 324 1079 Diminutus.
347 1047 432 1088 Top.
457 1048 488 1078 6.
511 1048 567 1087 qui
597 1048 708 1088 capite
739 1057 807 1078 non

69 1094 155 1121 aunt
176 1090 351 1125 diminuti;
386 1101 590 1132 quamquam
626 1092 669 1121 ibi
703 1092 805 1122 etiam

76 1133 203 1174 legitur
225 1134 408 1173 deminuti,
426 1141 459 1165 et
483 1136 531 1166 sic
553 1140 604 1166 est
629 1135 663 1166 in
679 1140 807 1166 nostra.

70 1186 102 1208 v.
119 1176 241 1219 Caput.

113 1220 291 1254 Dimissus.
326 1222 428 1253 Acad.
453 1223 495 1253 iv.
519 1226 552 1254 4.
584 1222 807 1263 philosophia,

69 1275 145 1305 quae
169 1275 260 1297 nunc
284 1276 385 1307 prope
408 1267 541 1297 dimissa
557 1271 741 1297 revocatur.

115 1308 306 1341 Dimittere.
335 1310 466 1341 ven-in.
496 1321 527 1340 v.
561 1313 615 1342 58.
645 1311 809 1342 dimittere

68 1353 228 1393 injuriam
261 1354 476 1394 impunitam.
501 1354 544 1385 ad
573 1353 651 1386 Div.
675 1355 719 1386 ix.
756 1357 806 1387 12.

69 1396 193 1428 melum
217 1405 253 1428 et
282 1403 406 1429 terram
440 1398 506 1428 vim
541 1407 651 1436 suam,
686 1399 713 1429 si
744 1399 807 1430 tibi

69 1442 264 1480 conveniat,
295 1442 470 1473 dimittere.
503 1441 588 1472 Phil.
622 1443 689 1473 xiii.
717 1445 744 1473 1.
779 1443 806 1474 si

73 1483 201 1524 aliquid
216 1485 258 1516 de
272 1495 408 1516 summa
428 1485 591 1525 gravitate
617 1485 808 1527 Pompeius,

70 1527 218 1559 multum
233 1528 273 1559 de
290 1529 476 1569 cupiditate
494 1528 606 1560 Caesar
626 1530 805 1562 dimisisset.

69 1570 184 1603 Plane.
219 1575 273 1608 39.
311 1571 506 1604 libertatem
542 1583 653 1604 meam
696 1584 806 1614 neque

65 1615 194 1647 dimisi·
209 1625 373 1656 unquam,
398 1626 506 1656 neque
535 1618 713 1649 dimittam.
747 1618 808 1649 At-

66 1659 126 1690 tic.
158 1660 224 1691 xvi.
261 1663 311 1692 13.
345 1660 496 1691 nondum
530 1660 642 1701 legere
673 1667 807 1702 potera-

69 1712 166 1734 mus:
206 1713 285 1734 nam
324 1709 359 1734 et
397 1703 528 1735 lumina
562 1705 806 1745 dimiseramus,

64 1755 132 1778 nec
155 1748 235 1779 satis
251 1747 397 1779 lucebat.

110 1790 350 1830 Dinumerare,
369 1802 559 1824 numerare.
581 1791 678 1824 Verr.
694 1803 724 1823 v.
749 1796 804 1826 45.

66 1844 102 1866 oe
133 1836 313 1876 pecuniam
346 1835 554 1867 Timarchidi
599 1837 805 1869 dinumeras-

65 1888 110 1910 se.
133 1881 154 1901 ⁴
171 1879 382 1910 distribuere.
404 1880 476 1911 Att.
500 1881 566 1910 xvi.
587 1884 620 1916 9.
645 1881 804 1912 Octavius

68 1921 194 1963 Capuae
217 1924 388 1954 centurias
411 1924 622 1957 dinumerat.-
634 1926 707 1966 jam
714 1927 804 1966 jam-

65 1976 131 2006 que
147 1966 242 1998 video
258 1966 397 1999 bellum.

109 2009 347 2042 Dinumeratio
368 2012 403 2042 in
426 2010 602 2043 rhetoricis
624 2011 705 2052 quid
730 2012 801 2043 sit?

63 2053 123 2085 Or.
139 2054 187 2085 iii.
204 2056 256 2086 54.

109 2097 272 2130 Dioecesis.
306 2097 380 2129 Att.
403 2109 433 2130 v.
460 2101 510 2130 15.
533 2098 576 2130 ad
598 2099 675 2130 Div.
699 2099 747 2130 iii.
771 2102 802 2132 ὃ.

63 2149 96 2173 V.
111 2140 187 2173 Ind.
202 2141 309 2174 Graec.
325 2139 469 2177 Βισῖκηιις.

108 2184 281 2224 Dia-etos,
315 2185 534 2228 dispensator.
568 2187 717 2218 muneris
748 2197 806 2228 ge-

64 2238 130 2262 nus
159 2229 251 2271 apud
281 2240 376 2271 reges
405 2230 660 2262 Alexandrinos.
689 2231 803 2262 Rabir.

66 2271 159 2305 Post.
182 2276 214 2306 8.
248 2274 391 2306 dioecetes
413 2275 535 2315 regius.
567 2274 649 2315 Ejus
673 2275 803 2306 mentio

63 2317 168 2349 etiam
187 2327 240 2359 ap.
258 2317 371 2358 Polyb.
390 2318 521 2350 Exc.de
532 2318 602 2350 Vit.
612 2324 648 2350 et
668 2318 754 2349 Virt.
768 2329 800 2359 p.

67 2362 161 2395 1442.
184 2361 269 2393 adde
299 2362 409 2394 vales.
441 2362 584 2394 Emend.
615 2363 649 2393 ii.
679 2364 733 2394 20.
768 2370 804 2394 et

61 2404 109 2436 ibi
131 2404 249 2437 Burni.
273 2416 302 2436 v.
326 2416 355 2437 c.

108 2446 282 2489 Diploma.
306 2450 348 2480 ad
371 2449 447 2480 Div.
470 2450 513 2480 vi.
541 2451 590 2481 12.
612 2450 684 2481 Att.
699 2460 731 2480 x.
750 2453 800 2485 17.

65 2491 133 2524 Pis.
157 2496 211 2528 37.
247 2494 295 2524 ita
317 2493 474 2524 dicebant
501 2493 614 2524 literas
637 2493 800 2534 publicas,

63 2545 139 2576 quae
162 2536 361 2577 profecturis
384 2537 563 2575 dabantur,
588 2541 626 2568 ut
648 2538 682 2568 in
707 2538 802 2577 oppi-

63 2579 128 2618 dis,
161 2590 222 2621 per
254 2591 328 2620 quae
360 2581 425 2612 iter
457 2588 558 2619 essct,
583 2581 800 2621 magistratus

64 2633 202 2665 operam
224 2624 358 2663 darent,
380 2630 420 2655 ut
444 2624 595 2656 celeriter
623 2634 739 2665 equoS,
762 2629 799 2656 et

63 2676 142 2707 quae
170 2667 214 2700 ad
236 2669 302 2699 iter
333 2673 414 2700 sunt
449 2669 647 2707 necessaria,
675 2668 799 2709 reperi-

66 2715 153 2742 rent.
175 2711 310 2747 Nomen
333 2712 472 2744 ductum
489 2719 539 2744 est
562 2723 583 2743 a
604 2711 729 2753 duplici
745 2717 797 2742 ta-

63 2753 230 2788 bellarum
269 2755 388 2787 sorma.
430 2756 496 2787 vid.
534 2756 719 2787 Casaubon.
755 2755 797 2786 ad

63 2798 205 2830 Sueten.
226 2799 314 2839 Aug.
344 2810 375 2830 c.
410 2803 462 2831 51.
494 2801 552 2840 qui
585 2799 696 2837 docet,
730 2807 797 2829 non

62 2841 173 2874 solum
207 2841 247 2874 de
284 2842 389 2874 literis
416 2844 546 2875 itineris
579 2853 680 2875 eausa
712 2842 800 2874 datis

62 2884 130 2917 diei
152 2887 345 2928 diplomata,
374 2887 435 2919 sed
467 2888 571 2920 etiam
601 2887 668 2919 alia
698 2887 800 2928 diplo-

1505 82 1585 129 273

858 179 984 204 matum
1010 185 1132 213 genera
1164 187 1246 208 esse.
1280 177 1320 208 ln
1352 178 1512 209 Cicerone
1534 183 1586 210 tn-

856 226 935 247 men
959 227 1090 257 semper
1112 219 1152 249 «le
1178 220 1234 250 illo
1248 231 1369 260 genere
1391 220 1513 253 dieitur
1533 223 1583 253 di-

850 263 973 300 pluma.
1007 262 1050 291 ef.
1088 261 1229 293 Budaetis
1264 265 1304 294 ad
1341 265 1441 295 Pana.
1477 275 1508 305 p.
1540 275 1587 297 m.

856 305 931 335 322.
954 306 1029 335 323.
1053 305 1127 335 add.
1151 305 1303 337 Maffi·ius
1327 309 1361 338 in
1386 308 1512 339 Histor.
1536 307 1584 338 di·

857 347 959 388 ploni.
985 358 1016 388 p.
1046 351 1093 382 17.

901 391 1006 429 Dira,
1034 392 1138 423 Dirc.
1172 392 1283 423 Divin.
1319 393 1340 423 i.
1377 395 1424 423 16.
1459 393 1585 424 etenim

856 435 946 472 dira,
970 436 1057 466 sicut
1081 442 1193 466 cetera
1216 437 1474 475 auspicia—non
1509 447 1587 467 cau-

854 488 906 508 sas
930 479 1086 510 afferunt.
1130 480 1242 510 l)avis.
1267 480 1358 509 diro.
1384 480 1461 510 ibid.
1495 481 1584 510 dira-

856 533 929 553 rum
954 523 1184 557 obnunciatio.
1208 524 1269 553 int.
1293 523 1583 563 imprecationum.

854 566 1025 607 Appianus
1049 568 1141 597 diras
1173 568 1412 606 interpretatus
1436 573 1486 596 est
1513 567 1585 608 &gie

851 607 939 643 διιιιὶς
970 610 1022 640 καὶ
1051 608 1204 654 &gin-2115.
1249 610 1313 639 Sed
1345 609 1521 648 dillgvutvr
1545 610 1586 638 «le

854 653 916 684 huc
948 655 1047 684 verbo
1088 656 1202 694 agitur
1242 655 1275 684 in
1309 652 1430 684 Lesico
1479 652 1583 683 fabri.

852 697 951 737 Quod
975 704 1088 728 autem
1121 699 1276 729 Davisius
1310 698 1346 728 in
1377 697 1482 728 altero
1514 696 1585 726 loen

856 750 914 780 pro
938 742 1024 779 dira,
1049 743 1179 781 reponit
1201 743 1293 776 diret,
1317 750 1383 770 non
1415 740 1498 770 advo
1531 749 1588 769 ne-

854 786 1033 815 cessarium
1052 792 1144 826 puto.
1182 783 1272 816 Dira
1296 792 1388 821 sunt,
1413 793 1488 823 quoe
1513 783 1587 822 quis

854 828 953 859 alicui
977 829 1173 859 obuium—int.
1220 828 1257 859 ln
1282 828 1433 858 dirarum
1457 828 1589 857 obnun-

854 872 998 903 ciationc
1031 883 1163 912 quoque
1195 872 1403 903 commodius
1441 870 1588 909 intellig-i

852 924 934 954 puto
967 926 1093 954 rerum,
1133 926 1233 956 quam
1272 915 1583 956 imprecationum;

854 969 904 989 res
939 961 1043 998 enim,
1067 961 1216 1000 auspicia
1238 960 1298 990 ὄις.
1322 959 1587 994 obnunciantur,

853 1012 919 1034 non
943 1014 1069 1044 preces.
1092 1003 1232 1034 Tacitus
1254 1011 1370 1033 tamen
1392 1002 1431 1032 Α.
1456 1011 1506 1032 xv.
1529 1004 1586 1033 30.

852 1047 943 1078 diras
966 1057 1079 1088 preces
1103 1047 1199 1077 dixit.
1246 1045 1392 1085 intelligi
1416 1045 1519 1075 etiam
1545 1044 1585 1074 in

851 1091 927 1121 dira
950 1095 1073 1132 potest,
1096 1092 1210 1121 omina
1241 1100 1268 1121 s.
1306 1090 1465 1129 auspicia.
1501 1093 1586 1119 sunt

849 1135 955 1172 enim,
973 1139 1011 1166 ut
1033 1134 1154 1165 diserte
1179 1135 1296 1165 Cicero
1317 1133 1435 1170 tradit,
1450 1132 1486 1162 in
1509 1141 1586 1162 aus-

850 1178 946 1218 piciis
969 1179 1060 1209 diroe.
1096 1177 1220 1209 Tibull.
1245 1179 1266 1208 i.
1290 1180 1321 1208 3.
1345 1180 1376 1210 7.
1409 1177 1499 1206 inter
1522 1175 1592 1206 imm

851 1222 1046 1262 pedimenta
1069 1222 1198 1253 itineris
1222 1221 1324 1252 habet
1345 1220 1459 1250 omina
1480 1219 1569 1249 dira.

893 1265 1041 1302 Directo,
1064 1266 1247 1306 opponitur
1268 1263 1457 1295 circuitioni
1474 1268 1510 1293 et
1525 1271 1585 1292 an-

850 1309 983 1340 fractui.
1008 1310 1084 1341 Div.
1109 1310 1142 1340 ii.
1159 1310 1213 1341 61.
1237 1308 1317 1348 quid
1337 1316 1421 1348 opus
1444 1311 1496 1337 est
1519 1306 1585 1336 cir-

852 1354 1001 1384 cuitione
1024 1356 1059 1384 et
1081 1353 1249 1390 anfractu,
1273 1356 1313 1383 ut
1341 1351 1387 1381 sit
1418 1348 1584 1380 utendum

850 1397 1056 1428 somniorum
1081 1396 1320 1438 interpretibus
1343 1393 1468 1435 potius,
1483 1401 1584 1433 quam

849 1442 976 1472 directo.
1002 1441 1120 1472 Partit.
1149 1444 1197 1472 13.
1229 1440 1372 1471 alterum
1407 1437 1449 1468 ad
1482 1436 1584 1467 fidem

849 1486 967 1515 directo
988 1489 1131 1525 spectat,
1155 1485 1297 1515 alterum
1315 1491 1349 1512 se
1373 1481 1517 1511 inflectit
1539 1479 1584 1510 ad

850 1534 992 1560 motum.
1018 1527 1098 1559 Nat.
1114 1529 1158 1560 D.
1174 1529 1196 1558 i.
1214 1529 1266 1559 25.
1296 1527 1413 1557 directo
1429 1524 1583 1554 deorsum

850 1572 940 1603 ferri.
972 1571 1075 1603 Aead.
1110 1573 1152 1603 iv.
1185 1574 1239 1603 20.
1275 1570 1430 1600 directius
1463 1567 1584 1608 guber-

850 1623 945 1647 nant.

894 1659 1062 1691 Direceus.
1093 1658 1174 1690 Coel.
1209 1658 1260 1689 16.
1292 1657 1436 1687 directus
1468 1651 1581 1685 senex.

851 1703 1002 1735 Graevius
1026 1703 1167 1734 retinuit
1183 1701 1355 1741 vulgatam
1373 1699 1581 1739 decrepitus:

849 1748 990 1779 alteram
1014 1747 1192 1778 lectionem
1218 1748 1361 1776 tuentur
1384 1742 1583 1780 Lambinus,

847 1791 1011 1822 Gruterus
1042 1792 1102 1822 ἃς.
1138 1789 1196 1821 sed
1229 1798 1296 1819 non
1329 1787 1446 1819 eodem
1481 1785 1580 1816 modo

846 1836 1130 1876 interpretantur:
1156 1832 1355 1863 Gulielmius
1379 1831 1580 1869 interpreta-

846 1880 946 1910 batur
966 1888 1079 1909 senex.
1104 1877 1339 1908 Hotomamms
1363 1873 1410 1903 sic
1434 1873 1475 1903 ad
1499 1872 1531 1902 b.
1555 1872 1578 1902 1.

846 1923 1029 1954 Lambinus
1051 1932 1090 1951 ex
1115 1921 1262 1960 antiquis
1295 1918 1385 1948 libris
1420 1916 1552 1956 reponit
1569 1925 1579 1944 e

845 1967 977 2004 directo,
1000 1966 1119 2006 opinor
1142 1974 1200 2006 pro
1223 1971 1356 1999 sevcro;
1394 1960 1441 2001 (h.
1464 1970 1494 1989 e.
1517 1958 1575 2008 qui

844 2011 959 2042 omnia
981 2014 1084 2046 recte,
1108 2008 1284 2049 sapientia,
1308 2003 1477 2036 moderate
1505 2002 1578 2052 lieri

843 2054 931 2093 vult)
957 2054 1051 2094 cujus
1075 2051 1252 2084 locutionis
1283 2047 1437 2088 exempla
1466 2055 1575 2084 requi-

844 2108 892 2129 r0.
917 2098 999 2129 Haec
1025 2096 1272 2127 Hotomannus.
1317 2093 1385 2130 Age
1404 2091 1575 2120 dabimus:

845 2141 926 2174 Coel.
946 2144 995 2173 18.
1018 2141 1062 2171 sit
1085 2137 1307 2170 adolescentia
1329 2135 1481 2165 liberior:
1508 2141 1576 2162 nou

842 2186 957 2217 omnia
979 2183 1203 2225 voluptatibus
1238 2180 1467 2218 denegentur:
1504 2184 1573 2206 non

843 2239 976 2270 semper
1011 2232 1146 2268 superet
1181 2224 1238 2256 illa
1270 2232 1347 2253 vera
1380 2228 1414 2251 et
1447 2220 1573 2269 directa

844 2274 940 2305 ratio.
973 2271 1053 2311 quid
1075 2275 1126 2301 est
1148 2278 1226 2299 vera
1254 2271 1289 2297 et
1318 2266 1440 2296 directa
1475 2268 1575 2300 ratio,

845 2318 907 2348 nisi
929 2325 1043 2348 severa
1058 2314 1115 2345 illa
1139 2320 1173 2344 et
1196 2311 1300 2342 tristis
1325 2307 1454 2339 vivendi
1472 2307 1572 2344 ratio,

844 2371 945 2401 quam
961 2365 1060 2390 antea
1083 2357 1301 2396 descripserat
1317 2363 1345 2383 e.
1365 2356 1414 2386 17.
1433 2361 1498 2391 qua
1514 2349 1574 2380 fa·

844 2405 952 2441 bricii,
978 2401 1124 2438 Camilli,
1150 2400 1241 2430 Curii
1266 2398 1318 2428 usi
1348 2399 1440 2431 sunt,
1470 2403 1572 2433 quam

844 2446 1029 2489 philosophi
1047 2444 1265 2486 praescribunt
1279 2453 1289 2479 3
1313 2449 1414 2479 quam
1431 2437 1508 2469 ibid.
1521 2446 1573 2467 se-

842 2493 1019 2522 veritatem
1034 2487 1192 2529 appellat,
1209 2490 1244 2516 et
1260 2484 1371 2526 paullo
1388 2488 1465 2523 post
1486 2481 1572 2511 dire·

842 2540 933 2566 ctum
959 2535 1024 2565 iter
1049 2532 1090 2563 ad
1121 2530 1266 2562 laudem.
1290 2528 1386 2559 Rosc.
1414 2526 1509 2556 Com.
1536 2526 1569 2555 4.

841 2579 931 2620 Quid
955 2582 1006 2608 est
1037 2577 1071 2607 in
1095 2574 1251 2613 judicio?
1281 2572 1455 2606 diret-rum,
1479 2577 1573 2608 aspe-

841 2632 929 2660 rum,
945 2619 1085 2661 simplex
1102 2621 1162 2648 ἃς.
1178 2616 1269 2658 Quid
1284 2620 1335 2645 est
1352 2615 1387 2644 in
1405 2610 1568 2659 arbitrio.³

838 2667 935 2703 mite,
951 2664 1174 2695 moderatum.
1208 2661 1227 2679 ⁶
1241 2659 1326 2699 Top.
1340 2661 1372 2688 4.
1397 2656 1504 2697 paries
1524 2654 1575 2703 fli—

836 2714 957 2746 rec-tm,
974 2712 1037 2744 est,
1053 2707 1110 2746 qui
1127 2705 1168 2736 ad
1185 2702 1325 2743 angulos
1349 2704 1454 2731 rectos
1471 2703 1573 2729 atun-

839 2754 890 2794 git
906 2762 998 2787 eum,
1015 2750 1056 2781 ad
1067 2758 1167 2789 quem
1183 2748 1303 2778 duetus
1320 2750 1382 2775 est.
1526 2783 1532 2789 ·

883 2796 1054 2836 Direpms,
1070 2803 1121 2824 us.
1155 2791 1255 2822 Tuae.
1272 2792 1294 2820 i.
1309 2791 1362 2822 99.
1398 2786 1455 2817 Est
1478 2792 1572 2834 enim

840 2840 996 2871 interitus
1012 2837 1106 2878 quasi
1121 2836 1284 2867 discessus
1310 2837 1345 2862 et
1368 2831 1508 2861 secretio
1532 2836 1571 2856 ac

837 2885 981 2924 direptus
996 2891 1112 2913 earum
1135 2879 1283 2920 partium
1298 2877 1357 2907 διο.
1390 2871 1454 2904 Sed
1469 2868 1573 2901 codd.

883 2936 905 2958 Τ
