1800 3131
175 88 254 124 120

173 184 239 216 lem
265 185 308 216 ad
329 185 451 219 Nolam
475 188 566 219 vicit.
610 188 704 220 verr.
731 191 752 220 i.
778 193 810 222 4.
856 190 896 229 is,

171 229 281 259 Poenis
309 231 419 267 victis,
446 232 597 263 restituit
629 233 747 264 Siculis
780 244 898 265 monu-

171 278 297 304 menta.
311 275 397 305 unde
413 279 572 316 patronus
593 276 724 315 Siciliae,
739 278 824 309 idem
845 279 900 318 qui

172 315 354 355 Syracusas
374 320 466 360 cepit,
486 318 580 360 cnjus
603 330 684 361 sape
698 323 732 351 in
755 322 900 353 Veri-inis

171 362 351 401 mentio-sit.
368 372 397 391 v.
416 372 444 392 c.
469 362 490 392 i.
517 367 568 395 51.
586 367 638 396 55.
654 367 687 395 in
704 367 813 404 quinto
828 375 898 395 con-

170 404 293 441 sulatu,
302 405 390 436 Belli
402 405 520 436 Punici
531 408 603 438 11ἀί
611 418 696 439 anno
704 409 746 438 xi.
759 418 790 438 a.
801 417 899 439 nxtv.

171 449 206 477 m
215 450 327 488 proeca‘o
352 453 463 480 contra
494 451 713 482 Hannibalem
734 453 842 490 periit.
866 453 901 482 in

171 488 242 532 ejus
257 493 405 524 honorem
419 504 440 524 a
457 493 575 525 Saculis
590 496 749 526 celebrata
764 498 841 525 sunt
853 506 862 523 :

215 535 408 573 Mareellea,
426 536 520 569 verr.
536 539 570 569 ii.
587 541 640 570 ⁶21.
656 540 715 568 &ca
733 548 805 577 ᾳιιιε
814 543 900 576 post-

173 587 212 608 ea
236 579 353 610 Verres
366 582 510 619 sustulit,
525 586 555 612 et
579 581 702 612 Verrea
725 582 900 612 substituit.

175 621 406 661 Wsseumgius
422 630 532 654 tamen
550 624 588 654 V.
610 625 643 655 C.
671 624 743 654 Ohs.
762 625 795 654 ii.
817 627 843 654 l.
858 625 904 656 ad

174 665 212 695 C.
223 666 422 696 Marcellum
433 669 598 706 pertinere
607 671 717 708 putat.
733 678 829 707 quem
836 669 900 699 vid.

217 709 266 740 M.
284 710 583 750 Marcellus,filius
604 713 774 751 quinquies
790 721 902 742 consu-

174 753 224 782 lis.
272 753 382 783 Pison.
404 756 452 787 19.
476 754 551 785 Div.
568 754 602 784 ii.
632 757 661 785 5.
686 754 757 784 Fat.
777 758 825 785 14.
849 760 903 786 ter

175 795 313 833 Consul,
325 797 499 836 naufragio
517 798 617 838 perit,
632 799 667 828 in
683 800 843 837 legatione
858 800 904 830 ad

177 840 400 870 Alassmissam
416 851 446 870 a.
464 849 543 871 Dcv.
561 841 632 872 Liv.
650 842 717 882 Ep.
737 845 788 877 59.

217 883 266 912 M.
290 883 483 922 Marcellus,
516 884 552 915 C.
590 886 758 915 AEsernini
794 889 904 926 pater,

176 925 272 956 Brut.
291 927 342 956 36.
361 927 466 966 qualis
484 929 518 957 in
545 928 696 958 dicendo.
721 928 808 959 filius
832 929 903 968 ejus

173 971 339 1000 waturalis
389 970 423 1000 P.
462 970 627 1002 Lentulus
678 972 904 1003 Marcellinus.

174 1012 270 1043 Font.
288 1016 318 1047 7.
346 1014 385 1044 L.
403 1014 512 1045 Crassi
528 1016 760 1046 testimonium
775 1017 810 1046 in
826 1026 904 1046 eum

174 1056 224 1085 nil
239 1056 356 1087 valuit.

217 1100 267 1130 M.
294 1101 485 1138 Marcellus,
514 1101 613 1132 Catil.
639 1103 661 1133 i.
687 1105 716 1133 8.
741 1107 841 1143 pater
871 1104 904 1135 C.

172 1143 339 1181 Allctrcelli,
360 1144 558 1176 Catilinarii.
575 1150 606 1176 et
624 1148 689 1186 ipse
704 1147 825 1176 sodalis
843 1148 904 1178 Ca-

172 1187 294 1225 tilinae,
311 1188 352 1218 ad
368 1198 467 1227 quem
490 1190 517 1219 is
539 1190 684 1220 vitandae
705 1191 903 1231 suspicionis

172 1239 274 1261 causa
289 1232 456 1270 migravit.
475 1243 503 1263 v.
522 1231 646 1263 Αἶαν-ει.
663 1234 708 1264 ad
721 1235 752 1264 Ιι.
780 1236 801 1264 l.

217 1274 266 1305 M.
289 1275 481 1312 Marcellus,
499 1277 618 1316 Quint.
641 1281 690 1311 17.
712 1276 790 1317 suit
810 1275 903 1318 juris

174 1320 281 1357 magis
296 1329 394 1358 quam
410 1321 597 1359 eloquentioe
610 1321 779 1359 studiosus,
790 1326 828 1352 ut
842 1322 903 1352 As-

171 1371 240 1391 con.
258 1363 304 1392 ad
313 1363 392 1393 Div.
405 1364 439 1392 z'n
456 1362 558 1394 Caeeil.
569 1373 596 1393 c.
606 1367 637 1394 4.
652 1364 769 1403 tradit,
778 1366 905 1405 ideoque

170 1406 315 1444 Aquillio
332 1407 468 1446 aliisque
482 1405 645 1446 jungitur
665 1406 758 1449 juris
778 1411 902 1449 peritis.

172 1448 312 1480 Videtur
321 1448 439 1489 Ji‘ater
462 1452 551 1481 illius
568 1450 604 1482 C.
622 1451 775 1483 Marcelli
790 1454 846 1493 qui
862 1455 904 1484 ihi

172 1493 375 1523 nominatur.

214 1535 263 1566 M.
281 1537 472 1575 Marcellus,
485 1538 541 1568 Or.
558 1539 579 1568 i.
596 1541 645 1569 13.
657 1538 761 1570 aedilis
779 1539 903 1571 curulis

170 1580 294 1610 dieitur
309 1591 371 1610 esse
397 1591 430 1610 eo
452 1583 517 1621 ipso
543 1586 693 1622 tempore,
717 1593 777 1624 quo
801 1594 904 1615 sermo

170 1625 228 1653 ille
244 1625 394 1661 habetur,
411 1625 548 1665 adeoque
562 1625 715 1667 Philippo
730 1631 761 1658 et
781 1627 904 1659 Caesare

175 1666 256 1697 Coss.
269 1667 318 1697 M.
336 1668 447 1698 Druso
462 1674 572 1699 autem
588 1670 716 1701 tribuno
725 1673 774 1711 pl.
811 1672 903 1702 Dici-

168 1715 227 1741 tur
250 1721 349 1750 porro
380 1712 507 1742 amicus
538 1712 646 1743 Crassi
672 1721 705 1743 et
734 1715 900 1746 Scaevolae.

173 1754 274 1785 Heme
282 1759 415 1793 patrem
426 1756 475 1786 M.
493 1756 648 1787 lilarcelli
657 1762 752 1797 puto,
764 1769 826 1798 pro
841 1770 902 1799 quo

169 1802 216 1828 est
230 1800 341 1828 mutin.

214 1841 262 1871 M.
283 1842 462 1873 lnam-ellus
485 1843 532 1873 M.
562 1843 593 1873 F.
619 1854 681 1885 pro
697 1854 757 1884 quo
771 1850 816 1876 est
829 1856 902 1877 ora-

172 1886 226 1921 tio,
263 1886 379 1916 Cbnsul
417 1897 490 1917 cum
528 1887 620 1918 Serv.
664 1887 819 1928 Sulpssqio.
861 1891 903 1920 ad

172 1929 248 1958 Div.
267 1930 334 1959 viii.
354 1933 383 1960 8.
408 1931 479 1969 ejus
507 1931 632 1961 SCtum
656 1932 696 1961 de
724 1933 902 1973 piovinciis

171 1972 422 2010 consularibus,
434 1975 486 2004 cni
503 1975 723 2005 intercessum
737 1981 798 2006 est.
815 1976 857 2007 iv.
869 1981 901 2012 7.

172 2025 239 2045 non
257 2016 329 2046 vult
346 2017 461 2047 Romae
479 2028 561 2055 esse,
578 2024 647 2058 post
665 2020 784 2050 bellum
800 2021 901 2051 civile.

172 2060 278 2089 Mare.
300 2064 325 2090 l.
352 2070 372 2089 a
389 2061 519 2090 Caesare
541 2063 743 2092 restituitur.
767 2064 809 2093 ad
825 2064 901 2095 Div.

171 2103 214 2132 iv.
234 2105 282 2132 123.
301 2113 320 2132 a
335 2104 449 2143 Mag-io
472 2105 614 2135 Athenis
639 2107 853 2138 interficitur.
869 2118 900 2138 v.

171 2146 309 2184 Mag-ius
334 2147 433 2178 Chilo.
459 2148 501 2177 ad
523 2149 600 2179 Div.
616 2149 685 2180 viii.
713 2153 760 2182 lo.
786 2151 901 2181 tardus

171 2189 272 2219 homo
290 2193 316 2219 ὄι
335 2201 454 2229 parum
481 2193 609 2223 efficax.
636 2193 735 2224 Catil.
765 2195 786 2224 i.
805 2198 835 2225 8.
852 2196 902 2225 vir

170 2233 383 2263 fortissimus.
420 2235 595 2266 fllanutius
611 2236 649 2266 de
658 2241 758 2276 patre
773 2239 902 2278 accipit,

170 2276 255 2315 quod
283 2277 332 2306 vir
355 2277 499 2317 dicacur,
520 2281 613 2319 quasi
640 2290 703 2310 non
723 2283 827 2321 possit
851 2284 903 2312 vir

171 2321 247 2350 dici.
265 2321 320 2359 qui
337 2321 392 2350 xii.
409 2325 505 2353 amns
514 2328 586 2362 post
607 2323 725 2354 Consul
726 2323 812 2364 fuit.

215 2362 394 2394 Macellus
420 2366 583 2405 Mindius,
607 2367 648 2397 ad
674 2368 752 2398 Div.
777 2379 828 2399 xv.
850 2373 899 2404 17.

173 2407 428 2446 pigmentarius.

215 2451 410 2481 filare-ianus
429 2452 599 2493 (Tullius)
625 2455 697 2486 Att.
713 2456 770 2486 xii.
787 2459 838 2487 53.
855 2457 902 2486 vi-

170 2492 268 2522 detur
290 2504 363 2523 eum
387 2494 610 2538 Ciceronesilio
635 2499 772 2530 Athenis
781 2499 901 2538 ficisset.

173 2536 245 2567 Att.
259 2537 316 2567 xii.
338 2541 385 2570 17.

214 2580 264 2610 M.
281 2581 471 2618 fllarrilius,
488 2583 529 2613 ad
545 2585 622 2615 Div.
639 2585 709 2616 xiii.
727 2589 778 2617 54.

213 2623 339 2654 Marcii
356 2626 474 2663 Reges.
490 2627 531 2657 ad
546 2628 695 2658 Hei-eun.
713 2630 760 2661 iii.
776 2632 829 2661 21.
846 2632 902 2670 qui

167 2667 208 2696 (Ie
226 2666 362 2697 Romulo
377 2674 408 2698 et
431 2669 532 2700 Remo
551 2673 826 2711 interpretantur,
843 2676 899 2704 ab·

168 2711 262 2740 surdi
276 2716 364 2743 sunt.
406 2711 758 2755 flIareiorumJizmilia
770 2719 901 2748 celebris

173 2753 284 2784 Roma>
297 2754 387 2794 suit,
413 2758 468 2796 qui
492 2757 622 2797 Regum
645 2769 820 2798 cog-nomen
842 2763 900 2792 Iza-

172 2797 277 2827 Imere.
325 2798 524 2837 Piuguntm·
540 2802 658 2833 Marcii
673 2814 683 2840 ;
707 2805 732 2834 ii
746 2806 900 2843 quantiam

172 2840 304 2889 Regum
326 2852 500 2880 cognomen
522 2846 652 2884 hahent,
664 2846 775 2886 ‚tite-ile
790 2849 897 2888 Reges

164 2893 204 2915 vm
220 2890 360 2917 mentem
375 2888 523 2919 veniam.

704 101 848 130 INDEX
880 101 1161 130 msromcUS.

981 190 1117 229 filardi,
1133 190 1245 222 Divin.
1262 191 1283 222 i.
1300 194 1352 223 40.
1365 195 1417 222 50.
1433 190 1571 231 fratres,
1589 196 1672 225 sunt

940 245 1082 274 augures
1110 239 1145 264 et
1171 238 1273 264 vates.
1300 246 1330 265 v.
1349 235 1467 266 Davis.
1494 235 1569 267 Liv.
1596 247 1672 267 xxv.

945 281 993 310 12.
1011 276 1226 318 unumsacit,
1243 283 1273 309 et
1290 278 1435 309 Macrob.
1460 278 1532 309 Sat.
1549 280 1569 310 i.
1590 283 1640 314 17.

986 322 1027 353 L.
1044 323 1196 352 Mhi-eius
1212 321 1407 364 Philippus,
1425 321 1524 353 Corn.
1542 323 1565 353 i.
1590 333 1673 354 con-

941 365 994 395 sul
1015 375 1091 395 cum
1109 366 1199 395 Sext.
1214 364 1316 395 Julio.
1338 376 1371 396 α.
1394 373 1522 397 οεικιι.
1536 365 1630 396 Verr.
1648 366 1670 397 i.

943 411 994 439 55.
1012 418 1129 438 censor
1141 418 1218 438 cum
1228 409 1276 439 M.
1292 409 1458 449 Perperna
1471 419 1503 439 a.
1521 417 1671 440 nctxvn.

987 451 1028 482 L.
1058 452 1207 482 Marcius
1238 453 1439 483 Censorinus.
1494 452 1590 484 Brut.
1622 455 1672 485 15.

942 494 1059 525 consul
1076 504 1152 525 cuni
1171 495 1231 526 M’.
1248 496 1402 534 Manilio,
1419 507 1453 528 a.
1469 504 1562 526 Dciv.

986 538 1028 568 L.
1057 538 1220 575 Marcius,
1248 539 1376 571 Balbin.
1405 543 1454 572 15.
1479 540 1580 580 primi
1610 538 1672 579 pili

942 582 1108 618 centurio,
1126 581 1182 620 qui
1199 591 1278 612 cum
1303 582 1476 614 Gaditanis
1491 582 1597 614 foedus
1614 592 1672 623 po-

942 623 1013 664 puli
1030 625 1173 655 Romani
1187 625 1283 662 fecit,
1310 627 1469 657 extinctis
1492 627 1525 657 in
1551 626 1673 667 Hispa-

942 668 999 698 nia
1015 669 1076 698 Cn.
1094 673 1129 698 et
1147 668 1181 698 P.
1197 668 1420 708 Scipionibus,
1440 671 1528 701 unde
1545 670 1669 700 Marci-

942 721 1043 742 anum
1076 712 1194 742 foedus.
1218 722 1247 742 c.
1269 715 1318 746 17.
1369 712 1424 744 De
1445 723 1480 744 eo
1503 714 1570 744 vid.
1595 714 1672 745 Liv.

945 765 1019 785 xxv.
1036 758 1088 790 37.

989 798 1030 829 L.
1048 799 1213 835 Marcius,
1232 798 1304 839 Lig.
1321 801 1370 830 11.
1383 809 1485 839 eques
1504 799 1601 831 Rom.
1627 800 1668 841 Ω.

949 842 1073 882 Ligarii
1086 841 1277 872 advocatus.

989 887 1032 927 ῼ.
1059 884 1212 916 Marcius
1235 886 1318 916 Rex.
1350 886 1460 917 pison.
1475 888 1508 918 4.
1542 885 1581 916 L.
1598 885 1672 916 Mc-

944 929 1017 959 telli
1034 927 1163 968 collega
1184 930 1219 960 in
1243 929 1433 967 consulatu,
1449 939 1481 960 a.
1505 937 1671 961 nchxxv.

944 973 1045 1004 Dom.
1063 975 1114 1002 50.
1131 972 1267 1004 Censor.
1281 973 1365 1004 adde
1379 974 1414 1003 in
1428 973 1511 1004 Rex.

994 1017 1040 1057 Ω.
1071 1016 1221 1046 Marcius
1258 1017 1445 1057 Philippus.
1488 1017 1586 1048 Brut.
1619 1017 1675 1048 20.

947 1059 1074 1093 Consul
1089 1069 1165 1089 cum
1180 1060 1242 1090 (jn.
1259 1060 1411 1097 Servilio,
1432 1071 1465 1091 a.
1482 1067 1640 1091 mxxxiv.

990 1104 1032 1144 Q.
1051 1103 1199 1133 Marcius
1219 1103 1359 1144 (Mysus,
1378 1104 1441 1135 Pis.
1459 1106 1512 1135 23.
1540 1103 1672 1143 legatus

945 1145 984 1178 L.
1015 1147 1141 1177 Pisonis
1158 1147 1191 1176 in
1214 1147 1422 1178 Macedonia.
1443 1147 1527 1178 Phil.
1546 1147 1592 1177 xi.
1622 1148 1672 1177 12.

945 1190 1125 1230 proconsul
1140 1190 1391 1230 Asiae,jubetur
1413 1191 1450 1222 C.
1468 1191 1582 1222 Cassio
1598 1200 1674 1232 pro-

949 1235 1094 1264 vinciam
1107 1238 1142 1263 et
1157 1235 1342 1264 exercitum
1358 1235 1502 1266 tradere.

986 1279 1146 1309 Mariana
1172 1288 1320 1317 quercus,
1350 1278 1431 1318 Leg.
1448 1279 1471 1308 i.
1498 1281 1526 1308 1.
1550 1277 1675 1308 diceba·

944 1325 1001 1352 tur
1015 1332 1065 1358 ea,
1081 1331 1151 1361 quoe
1164 1326 1237 1352 erat
1266 1322 1299 1351 in
1321 1322 1488 1361 Arpinati,
1510 1326 1539 1353 et
1554 1321 1593 1351 de
1607 1330 1674 1361 qua

944 1365 994 1396 M
1017 1367 1121 1396 Cicero
1140 1367 1172 1395 in
1197 1365 1318 1403 ΛῙιινὶο,
1342 1366 1517 1405 tragoedia,
1541 1366 1674 1396 mentio-

945 1419 1020 1439 nem
1028 1409 1168 1448 fecerat.

990 1452 1112 1490 Mario,
1129 1452 1171 1482 ad
1186 1452 1264 1482 Div.
1281 1453 1346 1482 xvi.
1368 1455 1395 1483 1.
1411 1462 1524 1483 servus
1541 1451 1675 1483 Cicero-

945 1505 1008 1526 nis.

989 1540 1122 1570 Marias
1142 1539 1324 1578 Calzventus,
1340 1548 1366 1569 s.
1388 1537 1593 1569 Calventius.
1629 1538 1672 1579 Ω.

946 1583 997 1613 Fr.
1014 1584 1058 1613 iii.
1080 1587 1106 1613 l.
1122 1587 1153 1614 4.
1182 1583 1226 1614 P.
1242 1584 1414 1614 llfftmulius
1435 1583 1473 1612 de
1490 1583 1607 1613 Pisone
1623 1584 1674 1613 in-

945 1628 1074 1666 telligit.
1101 1628 1158 1657 alii
1184 1626 1380 1667 conjiciunt.-
1405 1626 1569 1657 Calvenus
1599 1626 1674 1657 Ma-

944 1671 1024 1701 tius.
1047 1681 1078 1701 v.
1094 1673 1129 1700 iu
1144 1671 1279 1701 llIatz'us.
1295 1671 1350 1702 sed
1371 1679 1434 1699 mm
1448 1670 1550 1707 video,
1571 1679 1675 1709 quare

944 1714 1071 1745 Matius
1085 1719 1198 1745 contra
1220 1714 1397 1745 Ciceronem
1413 1714 1586 1754 scripserit.

987 1758 1129 1796 Marius,
1142 1759 1181 1788 de
1192 1758 1271 1798 Leg.
1285 1759 1306 1788 i.
1321 1761 1346 1788 l.
1359 1758 1399 1787 de
1412 1757 1487 1788 Div.
1497 1757 1520 1787 i.
1535 1760 1590 1792 47.
1599 1767 1674 1787 car-

945 1812 1018 1832 men
1030 1807 1059 1832 et
1070 1802 1230 1841 tragoedia
1242 1802 1290 1832 M.
1313 1802 1478 1832 Ciceronis.

989 1846 1133 1883 fllarius,
1161 1848 1251 1876 Sext.
1282 1846 1378 1876 Rose.
1410 1846 1463 1876 32.
1499 1848 1674 1876 accusator

945 1889 1033 1919 bello
1050 1889 1137 1919 civili
1153 1889 1291 1919 Sullano
1307 1888 1517 1919 interfectus.

987 1932 1134 1970 BIorius,
1147 1933 1187 1962 de
1196 1934 1277 1972 Leg.
1291 1933 1336 1962 iii.
1352 1932 1400 1962 16.
1412 1931 1477 1961 vid.
1487 1931 1671 1963 Gratidius.

994 1976 1026 2006 C.
1041 1977 1186 2013 Asterius,
1203 1976 1297 2007 Ball).
1313 1978 1366 2007 20.
1390 1975 1540 2006 Africani
1558 1976 1569 2011 (
1572 1974 1669 2015 min.)

945 2020 1127 2060 discipulus
1146 2030 1183 2050 ac·
1200 2020 1295 2050 miles
1317 2030 1358 2050 sc.
1375 2019 1422 2048 ad
1437 2019 1673 2050 Numantiam.

945 2063 1058 2093 Plane.
1077 2066 1129 2094 21.
1145 2064 1194 2093 bis
1211 2064 1383 2093 aedilitiam
1398 2062 1564 2102 repulsam
1578 2062 1672 2093 tulit.

946 2108 1041 2137 Font.
1071 2111 1119 2139 15.
1142 2107 1272 2147 legatus
1289 2106 1408 2138 Rutilii
1433 2105 1521 2136 bello
1546 2106 1674 2138 sociali.

943 2151 1083 2191 Appian.
1113 2153 1134 2182 l.
1159 2151 1180 2181 i.
1211 2151 1255 2182 B.
1286 2151 1317 2181 C.
1335 2152 1409 2181 635.
1452 2149 1552 2179 Tusc.
1569 2159 1598 2179 v.
1623 2152 1672 2184 19.

944 2205 1022 2224 cum
1040 2194 1168 2234 collega
1184 2194 1304 2224 Catulo
1322 2193 1479 2223 Cimbrici
1495 2193 1671 2225 victoriam

942 2238 1021 2268 belli
1046 2238 1286 2268 communicat.
1319 2236 1408 2266 civili
1438 2236 1525 2266 bello
1553 2240 1669 2268 autem

943 2291 1021 2311 eum
1048 2283 1193 2312 interfici
1216 2282 1325 2320 jubet.
1339 2280 1439 2310 Tusc.
1455 2280 1489 2310 ii.
1513 2283 1561 2311 15.
1586 2280 1674 2310 vari·

945 2335 997 2355 ces
1015 2326 1121 2355 secari
1138 2325 1248 2355 soluto
1264 2325 1324 2355 sibi
1341 2323 1426 2361 vult,
1451 2323 1540 2353 unde
1555 2330 1672 2364 postea

943 2373 978 2397 et
996 2368 1065 2398 alii.
1083 2379 1112 2399 c.
1130 2371 1183 2400 22.
1199 2368 1294 2398 Brut.
1314 2370 1366 2398 45.
1385 2367 1488 2397 hostis
1505 2377 1525 2396 a
1551 2372 1671 2398 senatu

940 2412 1126 2450 judicatur.
1159 2413 1223 2442 Pis.
1255 2415 1304 2446 19.
1335 2421 1354 2440 a
1379 2410 1670 2441 Minturnensibus

945 2461 1107 2486 sei-vatur.
1130 2456 1223 2496 Ωιιίπ.
1240 2466 1272 2495 p.
1297 2454 1380 2485 Red.
1398 2457 1427 2485 8.
1444 2456 1514 2492 ejus
1531 2453 1670 2486 exilium

946 2505 981 2529 et
997 2499 1195 2538 magnitudo
1217 2499 1320 2528 animi
1349 2499 1382 2527 in
1410 2497 1508 2527 exilio
1535 2507 1668 2527 conser-

942 2547 1030 2573 vata.
1055 2543 1133 2572 ibid.
1151 2546 1180 2573 3.
1199 2543 1239 2572 ab
1262 2541 1360 2571 exilio
1377 2546 1562 2571 revocatur.
1587 2541 1669 2580 Leg.

942 2587 976 2616 ii.
994 2589 1047 2617 22.
1063 2586 1133 2624 ejus
1149 2585 1303 2625 reliquias
1327 2584 1416 2624 apud
1441 2584 1606 2615 Anienem
1625 2584 1669 2615 si-

941 2635 994 2660 tas
1011 2630 1184 2669 dissipavit
1199 2629 1301 2658 Sulla.
1318 2629 1381 2658 &c.

991 2674 1022 2704 C.
1040 2673 1185 2710 Marius,
1202 2672 1234 2703 C.
1245 2674 1354 2712 septies
1376 2671 1516 2702 Consulis
1538 2670 1572 2700 F.
1587 2670 1667 2710 Agr.

941 2717 989 2748 iii.
1006 2719 1036 2748 2.
1057 2723 1129 2756 post
1146 2717 1183 2746 C.
1200 2717 1346 2747 Marium
1364 2723 1398 2745 et
1415 2715 1476 2744 Cn.
1494 2714 1665 2754 Papirium

942 2761 1032 2790 Coss.
1048 2770 1102 2800 ηρ.
1119 2771 1150 2791 α.
1173 2768 1309 2790 DCLxxi.
1360 2758 1481 2789 Utrum
1505 2759 1671 2789 naturalis

940 2815 984 2834 an
1000 2803 1398 2844 adoptivusfiliusfuerit,
1424 2803 1583 2832 incertum
1608 2805 1666 2832 est.

939 2848 1012 2878 Hoc
1029 2849 1140 2887 placet
1163 2847 1292 2886 Sigonio
1305 2847 1352 2878 ad
1371 2848 1406 2878 Ιι.
1419 2856 1451 2877 (ι.
1469 2845 1523 2877 De
1536 2855 1570 2876 eo
1599 2846 1668 2884 lege

941 2889 1050 2922 Vellei.
1067 2891 1101 2921 ii.
1122 2891 1175 2922 26.
