1804 3178
588 105 733 134 mun-x
766 107 897 136 Lxx-tx·
906 110 1059 138 rmus,

66 195 198 228 duntur
219 200 253 227 et
276 193 508 231 exsibilantur,
523 197 561 224 ut
587 192 806 224 histrionibus

69 241 219 277 musicis,
247 239 434 270 oratoribus
462 237 522 266 tec.
558 237 653 267 Orat.
679 237 726 267 iii.
754 239 806 267 50.

68 283 160 315 idem
179 285 216 314 tit
234 284 267 314 in
283 283 431 318 vocibus,
445 287 483 310 ut
499 291 519 310 a
535 279 756 310 multitudine
771 286 807 310 et

69 327 209 368 populo,
227 337 293 356 non
318 325 416 356 modo
439 327 579 354 πῖθι-νει·
604 331 704 362 atque
729 333 808 353 con-

69 378 205 407 ventus,
221 370 280 400 sed
301 369 405 399 etiam
430 368 492 407 ipsi
516 367 577 397 sibi
597 367 720 406 singuli
741 367 808 397 dis-

70 420 247 455 crepantes
271 411 460 454 ejiciantur.
486 412 577 441 Sext.
605 414 657 442 55.
690 417 807 441 canto-

70 468 146 489 rum
168 457 304 489 vocibus
325 455 525 498 ejiciebatur.
542 454 582 485 de
603 454 732 492 Clodio,
749 455 806 493 qui

69 511 147 532 cum
165 502 201 532 in
214 500 387 531 theatrum
400 499 558 535 venisset,
571 503 724 528 cantores
737 507 810 528 ver-

69 554 140 582 sus,
165 545 223 584 qui
253 544 287 574 in
317 552 395 573 eum
424 542 680 578 conveniebant,
710 542 744 571 in
772 551 807 572 os

69 587 289 620 imminentes
319 588 390 626 ejus
418 585 599 616 clarissime
627 586 807 623 canebant,

70 639 111 663 ut
132 641 249 662 omnes
273 630 514 669 intelligerent,
539 629 580 659 ad
603 639 681 659 eum
705 629 808 668 perti-

70 684 162 706 nere.
188 674 324 705 Cluent.
349 677 400 704 31.
424 673 599 713 explosum
623 680 723 712 atque
746 670 809 713 eje·

67 723 161 750 etum
175 725 248 748 est:
273 719 330 749 ubi
347 717 496 747 Graevius
520 717 584 755 legi
606 716 737 746 volebat
760 726 811 745 re-

63 762 213 803 jectum,
229 762 318 801 quod
344 761 521 791 dubitabat
544 759 646 790 latine
668 760 715 789 sic
731 758 809 789 diei.

70 805 149 837 Non
166 805 389 836 dubitandum
406 814 490 841 esse,
507 804 587 843 quin
604 803 651 832 ita
667 803 811 839 dicatur,

70 849 144 880 loca
161 850 330 890 proposita
345 848 478 878 ducent.
512 847 618 876 Graeci
640 848 686 876 sic
703 845 813 875 ἰιέαίλ-

72 899 142 924 λιιι.
159 894 226 923 vid.
242 903 270 922 v.
287 902 316 922 c.
333 891 454 922 AElian.
471 890 510 920 V.
538 890 582 920 H.
607 890 640 919 ii.
666 892 719 920 24.
743 890 813 920 xiii.

77 939 126 971 17.
143 943 179 968 et
195 936 239 967 ibi
253 936 404 966 Perizon.
420 940 455 964 et
468 933 583 963 Kuhn.
598 933 617 951 ¹*
630 933 810 963 eradicare.

75 979 152 1012 Div.
177 981 212 1011 ii.
235 981 288 1014 72.
310 978 561 1019 superstitionis
584 977 704 1017 stirpes
724 973 814 1017 ejici-

75 1024 176 1054 endoe.
199 1023 314 1054 ‘Coel-
331 1025 385 1053 31.
408 1020 598 1061 voluptates
614 1031 648 1051 se
675 1020 813 1061 profun-

74 1067 162 1099 dunt
182 1072 284 1106 atque
304 1063 451 1106 ejiciunt.
474 1064 607 1094 *Catik
631 1065 652 1095 i.
681 1065 730 1094 12.
755 1061 813 1106 eji-

78 1121 151 1142 cere
165 1120 213 1149 se,
230 1120 291 1151 pro
306 1110 410 1140 abire.

123 1152 282 1196 Ejerare.
306 1153 394 1184 idem
419 1151 508 1192 qnod
531 1151 672 1191 ejurare.
695 1150 754 1181 Or.
778 1151 813 1181 ii.

78 1201 134 1234 70.
157 1208 234 1229 cum
251 1198 278 1227 ei
298 1197 345 1227 M.
363 1196 500 1227 Flaccus
524 1195 560 1225 P.
583 1194 737 1225 Mucium
758 1194 815 1233 ju-

81 1241 190 1273 dicem
222 1241 366 1279 tulisset,
398 1238 494 1282 ejero,
524 1239 648 1278 inquit,
680 1238 815 1277 iniquus

79 1285 226 1317 est-——Ah
243 1285 280 1315 P.
296 1284 334 1315 C.
359 1293 426 1314 non
449 1291 512 1323 ego
534 1281 630 1315 illum
653 1281 736 1312 mihi
752 1282 816 1312 ini-

81 1339 186 1370 quum
201 1327 299 1371 ejero,
314 1327 373 1358 sed
388 1326 556 1358 omnibus.

122 1370 287 1414 Ejurare.
314 1372 469 1411 iniquum
493 1369 628 1411 ejurare
652 1373 717 1408 est,
740 1369 817 1409 reji-

79 1427 154 1447 cere
167 1417 327 1456 aliquem,
341 1416 420 1454 quia
435 1414 589 1453 iniquum
607 1413 701 1444 nobis
718 1418 817 1453 puta·

79 1470 167 1491 mus.
190 1471 209 1491 e
231 1459 304 1490 foro
328 1459 436 1499 petita
458 1458 554 1488 ratio.
577 1456 672 1487 Verr.
695 1457 742 1486 iii.
763 1456 816 1487 60.

80 1505 309 1544 negotiatores
335 1508 460 1543 putant
481 1510 552 1531 esse
574 1505 688 1540 turpe,
712 1499 746 1530 id
766 1499 817 1530 fo-

78 1557 155 1578 rum
185 1547 248 1578 sibi
280 1546 434 1586 iniquum
459 1542 606 1586 ejurare,
631 1544 688 1574 ubi
715 1552 818 1583 neg-o-

76 1591 230 1622 tientur}
259 1595 384 1631 praetor
410 1589 616 1630 provinciam
642 1597 738 1618 suam
765 1592 819 1618 to—

77 1639 150 1666 tam
178 1630 239 1666 sibi
268 1634 418 1673 iniquam
441 1630 563 1675 ejurat.
588 1631 672 1662 Phil.
697 1631 757 1661 xii.
785 1634 816 1665 7.

78 1679 128 1709 sic
145 1688 200 1710 me
216 1679 369 1717 iniquum
381 1674 556 1718 ejurabant
576 1675 698 1716 (Graev.
715 1674 819 1714 ejera-

81 1722 203 1762 bant):
239 1721 280 1752 de
308 1731 362 1751 me
389 1720 627 1760 querebantur.
662 1718 816 1748 *bonam

81 1767 214 1807 copiam
229 1764 374 1807 durare.
392 1764 434 1795 ad
450 1764 527 1794 Div.
543 1763 587 1793 ix.
615 1764 664 1794 16.
695 1767 736 1792 tu
759 1771 818 1792 au·

80 1814 153 1841 tem
176 1809 265 1849 quod
287 1808 370 1839 mihi
397 1808 519 1838 bonam
544 1807 673 1846 copiam
698 1803 817 1846 ejures,

82 1853 168 1884 nihil
190 1858 252 1884 est.
303 1852 364 1882 Est
386 1855 498 1882 autem
524 1849 670 1880 formula
691 1859 709 1879 e
733 1849 817 1886 foro,

81 1907 149 1937 qua
164 1897 386 1936 significatur,
403 1895 549 1933 aliquem
556 1894 701 1933 jurasse,
712 1893 819 1923 credi-

81 1941 212 1971 toribus
229 1951 263 1971 se
278 1939 470 1970 satisfacere
488 1947 554 1968 non
571 1947 676 1978 posse.
692 1947 722 1967 ν.
745 1936 819 1967 Ma-

84 1990 158 2015 nut.
185 1984 227 2014 ad
245 1984 278 2014 h.
304 1983 326 2013 l.
351 1981 440 2022 quod
461 1991 540 2012 cum
563 1982 693 2011 tactum
716 1984 816 2017 esset,

83 2037 228 2070 persona
241 2027 400 2058 debitoris
416 2025 546 2066 pignori
563 2025 769 2065 capiebatur,
784 2029 820 2054 et.

83 2071 240 2102 creditori
257 2070 492 2101 addicebatur:
511 2073 551 2098 ut
566 2068 663 2098 docet
679 2067 818 2099 Salmas.

85 2115 177 2149 Mod.
194 2115 292 2146 Usur.
309 2125 338 2144 c.
357 2116 405 2144 18.
421 2123 453 2154 p.
470 2115 545 2143 805.

128 2159 246 2196 Elam,
271 2157 443 2197 eleganter
471 2156 631 2186 dicuntur
659 2154 720 2192 rei,
746 2155 817 2194 qui,

85 2213 162 2234 eum
181 2203 272 2233 noxii
284 2203 368 2239 sint,
379 2206 508 2237 tamen,
520 2200 588 2229 sive
600 2198 727 2229 artibus
737 2199 820 2236 suis,

84 2248 153 2278 sive
185 2254 384 2286 quacunque
412 2244 452 2274 ‹le
484 2252 584 2273 causa
613 2241 691 2279 alia,
714 2241 822 2273 absol-

84 2294 222 2322 vuntur.
246 2289 357 2320 Act.i.
379 2288 473 2318 Verr.
492 2290 542 2317 ll.
566 2287 708 2316 elabitur
730 2295 818 2316 reue.

84 2333 180 2366 verr.
210 2335 231 2364 i.
256 2336 310 2364 34.
332 2333 416 2363 elabi
441 2340 482 2361 ex
505 2330 657 2361 crimine.
681 2329 760 2360 ibid.
784 2329 819 2359 ii.

89 2381 142 2410 58.
165 2378 250 2408 elabi
263 2388 304 2407 ex
320 2375 528 2406 criminibus.
553 2375 646 2404 Sext.
661 2373 714 2403 64.
739 2374 822 2403 elabi

87 2431 128 2452 ex
154 2421 294 2461 judicio.
320 2419 432 2450 *hinc
463 2417 651 2449 traducitur
680 2416 721 2446 ad
750 2426 820 2455 eos,

87 2465 146 2505 qui
182 2465 327 2496 censoris
358 2469 474 2494 notam
505 2460 738 2492 commen-itam
772 2460 821 2490 ef-

87 2509 236 2549 fugiunt.
261 2510 356 2540 Cato,
379 2508 426 2537 12.
452 2505 531 2536 Tito
555 2505 657 2535 fratre
684 2513 821 2534 censore

87 2555 214 2594 elapsus
228 2558 292 2583 est.
314 2553 334 2569 ⁴*
345 2552 428 2582 elabi
442 2550 543 2580 etiam
559 2548 730 2584 dicuntur,
747 2556 821 2586 quae

89 2602 213 2637 praeter
239 2596 434 2636 opinionem
461 2593 676 2623 amittuntur.
701 2591 758 2622 Or.
786 2591 820 2621 ii.

90 2643 143 2672 50.
166 2642 277 2680 elapsa
298 2645 349 2670 est
371 2647 482 2668 causa.
505 2636 634 2667 *Tusca
653 2636 674 2664 i.
699 2637 748 2664 11.
772 2644 822 2665 as-

90 2684 201 2714 sensio
215 2684 326 2726 omnif
340 2683 503 2714 elabitur.-
527 2679 560 2710 h.
585 2690 615 2709 e.
640 2678 755 2709 desino
772 2688 823 2708 as-

89 2727 218 2757 sentiri.
320 2731 322 2733 '

137 2770 332 2801 Elaborare.
355 2768 441 2799 Phil.
463 2768 519 2798 vii.
543 2769 574 2798 3.
598 2775 697 2796 omne
720 2765 826 2796 curri-

90 2813 206 2844 culum
243 2813 417 2843 industriae
454 2819 576 2842 nostrae
611 2810 645 2840 in
675 2809 759 2847 soro,
789 2809 825 2839 in

91 2856 430 2888 curia—elaboratum
445 2860 508 2885 est.

137 2900 400 2934 Elamentabila‘s.
422 2899 523 2930 Tusc.
546 2898 580 2929 ii.
603 2899 656 2929 24.
687 2897 738 2928 sin
763 2897 827 2927 erit

1494 110 1576 157 287

851 195 907 225 ille
924 195 1067 246 gemitus
1083 199 1329 240 clamentabilis,
1347 205 1373 234 si
1390 205 1576 241 imbecillus

852 244 912 269 ἃς.
932 248 978 270 ita
995 241 1157 272 Gruterus
1173 248 1207 274 et
1226 255 1402 285 sequaces:
1428 250 1482 280 alii
1508 262 1576 284 me·

853 283 917 313 lius
936 282 1172 316 lamentabilis.

896 326 1010 358 Elatia
1041 338 1099 367 pro
1133 338 1325 368 augmento,
1358 333 1576 369 incremento.

846 370 931 410 Top.
946 374 993 401 18.
1011 374 1215 411 comparatio
1229 377 1387 414 partium,
1397 388 1456 407 nec
1467 382 1576 410 elatio-

847 424 935 451 nem,
953 424 1014 444 nec
1031 415 1285 447 submission‹·=n
1303 418 1416 457 habet,
1434 422 1454 451 i.
1471 434 1501 452 e.
1517 434 1576 455 nee

851 457 1013 496 angendae
1042 459 1101 496 rei,
1128 468 1189 488 nec
1218 461 1408 493 minuenda·
1436 466 1579 504 prodest.

851 503 869 520 θ
881 501 1079 532 sublimitas.
1100 503 1194 533 Brut.
1214 506 1262 538 17.
1279 506 1374 535 elafio
1389 513 1422 535 et
1439 508 1580 541 altitudo

852 546 1022 577 orationis.
1056 546 1128 576 ¹*de
1158 547 1347 579 vehementi
1377 550 1511 589 affectu,
1543 561 1580 584 ut

851 590 981 627 efferre,
998 589 1038 620 de
1062 599 1127 630 quo
1150 601 1261 631 supra.
1287 591 1358 623 Fin.
1383 592 1429 623 iii.
1457 597 1504 626 10.
1528 607 1583 636 ge-

851 633 982 663 stientis
1006 634 1108 663 animi
1133 636 1229 664 elatio
1255 635 1453 677 voluptaria.
1478 641 1496 660 ⁸
1515 650 1581 670 niu-

852 676 993 716 gnitudo
1010 677 1124 708 animi.
1141 678 1238 709 Offic.
1256 678 1276 709 i.
1296 683 1343 714 19.
1360 682 1455 711 elatio
1467 683 1582 714 animi.

898 720 1034 758 Elatus,
1051 721 1212 759 excelsus,
1230 732 1383 760 magnus.
1413 724 1477 755 Off.
1494 727 1514 756 i.
1537 730 1584 758 le.

855 764 986 793 animus
1002 766 1116 795 elatus.
1141 765 1366 797 *commotus
1390 767 1467 799 Div.
1492 769 1513 800 i.
1531 772 1584 802 ‘24-

854 808 961 837 elatus
977 808 1158 848 cupiditate
1176 810 1330 849 respexit.
1345 812 1435 842 Sext.
1452 813 1504 844 6⁴.
1519 816 1585 844 ela—

855 854 909 880 tus
924 853 1183 890 exspectatione.
1201 853 1278 883 ibid.
1297 856 1402 885 elatus
1419 856 1542 887 studio.

904 894 1135 926 Elec—tissimus.
1161 895 1261 927 Catil.
1281 897 1322 928 iv.
1340 898 1370 929 6.
1394 900 1582 932 electissima

856 936 994 968 femina.

898 981 1042 1012 Elector.
1068 981 1193 1013 Heron.
1212 983 1254 1015 iv.
1272 987 1304 1016 4.
1330 987 1476 1017 electores
1491 987 1583 1026 boni,

855 1025 912 1064 qui
938 1025 1021 1056 scite
1046 1024 1198 1066 judicare
1227 1035 1261 1058 et
1288 1029 1417 1069 optima
1440 1030 1586 1071 deligere

855 1074 1007 1108 possunt.

890 1112 1062 1162 ‘Elegansss
1092 1111 1216 1144 dicitur
1246 1115 1434 1156 quicunque
1465 1123 1516 1150 est
1550 1120 1586 1151 in

856 1154 967 1205 aliquo
983 1165 1104 1195 genere
1121 1157 1273 1197 inprimis
1287 1160 1488 1200 intelligens,
1500 1173 1586 1203 prae·

857 1209 954 1249 cipue
969 1203 1084 1230 tamen
1099 1200 1133 1230 in
1151 1201 1204 1239 iis,
1220 1211 1293 1241 quae
1309 1203 1351 1233 ad
1367 1206 1585 1244 magnificen-

854 1250 939 1273 tiam
952 1243 1063 1274 cultus
1079 1245 1260 1284 pertinent.
1278 1245 1349 1276 lnv.
1369 1247 1390 1278 i.
1407 1251 1459 1280 35.
1478 1260 1497 1279 a
1513 1250 1588 1281 rhe-

855 1287 984 1317 toribus
1005 1288 1057 1325 iis,
1082 1288 1138 1327 qui
1161 1290 1392 1328 elegantissimi
1414 1299 1514 1332 atque
1536 1304 1588 1324 ar-

856 1330 1082 1361 tificiosissimi
1099 1333 1209 1372 putati
1224 1338 1315 1364 sunt.
1338 1334 1432 1366 Brut.
1450 1337 1501 1367 62.
1526 1338 1588 1368 mi-

857 1374 948 1405 nime
970 1374 1088 1414 dignos
1113 1376 1270 1416 elegantis
1294 1384 1477 1410 conventus
1500 1382 1589 1412 auri-

857 1417 930 1448 bus.
953 1417 995 1448 ad
1010 1418 1086 1449 Div.
1103 1418 1159 1449 vii.
1175 1421 1228 1451 ⁶23.
1254 1420 1353 1451 homo
1369 1422 1404 1452 in
1420 1425 1512 1454 omni
1536 1425 1587 1463 iu-

859 1460 946 1491 dicio
977 1462 1243 1501 elegantissimus.
1281 1464 1323 1495 ad
1349 1465 1426 1496 Div.
1463 1467 1506 1498 ix.
1539 1471 1587 1503 19.

859 1514 954 1535 aures
977 1507 1148 1545 elegantes.
1187 1506 1280 1537 Verr.
1303 1508 1343 1539 iv.
1367 1510 1419 1544 57.
1445 1511 1587 1551 populus

859 1549 972 1589 potius
998 1548 1136 1580 haberet
1164 1550 1273 1590 (signa
1299 1550 1373 1591 ἃς.)
1399 1563 1497 1593 quam
1525 1557 1588 1585 ele-

857 1592 1071 1632 ganttesimus
1092 1592 1233 1624 Verres?
1266 1594 1456 1635 *elegantia
1487 1608 1590 1638 oppo-

860 1644 991 1667 nuntur
1020 1637 1248 1677 popularibus,
1275 1639 1386 1670 minus
1416 1642 1523 1672 acutis
1553 1647 1588 1672 et

860 1679 1048 1710 subtilibus.
1074 1680 1144 1710 Fin.
1166 1682 1209 1712 iv.
1235 1684 1283 1713 10.
1307 1682 1388 1713 mihi
1410 1683 1517 1724 placet
1534 1687 1586 1725 agi

859 1723 1028 1760 subtilius,
1044 1729 1079 1754 et
1094 1725 1238 1764 pressius
1253 1737 1258 1754 :
1284 1735 1358 1764 quae
1374 1727 1462 1758 enim
1480 1728 1588 1759 adhue

861 1767 1043 1807 protulisti,
1065 1768 1237 1808 popularia
1259 1773 1362 1808 sunt3
1387 1780 1450 1810 ego
1473 1777 1588 1803 autem

860 1820 880 1840 a
895 1816 928 1841 te
941 1812 1140 1850 elegantiora
1153 1811 1312 1842 desidero.
1328 1813 1428 1844 Tusc.
1447 1815 1488 1846 iv.
1503 1819 1534 1847 3.
1551 1815 1590 1846 il-

860 1853 924 1885 lius
938 1863 1022 1885 verce
1039 1856 1256 1896 elegantisque
1273 1856 1500 1897 philosophiae,
1514 1869 1588 1898 quae

860 1897 963 1928 ducta
987 1908 1007 1928 a
1031 1898 1165 1930 Socrate
1196 1900 1230 1929 in
1260 1900 1486 1940 Peripateticis
1514 1912 1589 1942 pcr-

861 1942 985 1972 mansit
1007 1944 1042 1972 et
1071 1941 1159 1972 idem
1183 1942 1248 1973 alio
1271 1943 1368 1973 modo
1399 1944 1588 1977 dicentibus

860 1985 980 2015 Stoicis
1003 1986 1062 2016 &c.
1084 1987 1266 2026 opponitur
1281 1986 1495 2028 philosophiae
1513 1989 1592 2030 Epi-

861 2029 945 2066 curi,
970 2029 1004 2059 in
1034 2038 1100 2068 qua
1125 2040 1176 2060 res
1205 2040 1321 2070 parum
1349 2031 1517 2063 subtiliter
1541 2033 1591 2064 di-

861 2077 997 2109 cuntur,
1014 2079 1053 2102 ut
1075 2072 1187 2112 paullo
1212 2079 1286 2114 post
1309 2073 1402 2111 dicit,
1418 2075 1497 2115 quia
1511 2086 1591 2107 con-

860 2116 1060 2147 temnebant
1075 2115 1277 2156 elegantiam
1299 2116 1491 2149 disserendi.
1519 2119 1590 2150 Pin.

861 2160 895 2190 ii.
926 2163 958 2194 9.
993 2159 1095 2190 “l-”nr
1122 2161 1167 2190 iii.
1195 2162 1225 2192 2.
1259 2167 1346 2190 artes
1373 2159 1526 2201 ingenuae
1554 2169 1590 2194 et

860 2205 1033 2242 elegantes,
1050 2208 1267 2243 opponuntur
1289 2203 1503 2236 illiberalibus
1519 2207 1592 2248 opi-

863 2247 977 2283 ficum,
997 2246 1143 2286 adeoque
1167 2248 1267 2277 etiam
1290 2247 1533 2289 philosophiam
1556 2255 1592 2282 et

863 2290 1031 2321 mathesin
1054 2291 1243 2327 continent,
1258 2291 1395 2322 subtiles
1411 2292 1533 2334 quippe
1555 2300 1592 2325 et

863 2340 990 2364 acutas.
1013 2334 1173 2373 *elegans
1195 2334 1318 2365 (licitur
1341 2345 1438 2375 porro
1460 2337 1501 2367 de
1522 2347 1591 2368 scr-

863 2378 924 2414 vis,
954 2378 1063 2418 pueris
1091 2377 1254 2415 delicatis,
1282 2383 1315 2408 et
1341 2379 1438 2409 variis
1464 2381 1591 2412 artibus

862 2421 1011 2451 eruditis.
1036 2421 1130 2451 Rosc.
1144 2421 1255 2452 Aruer.
1270 2424 1324 2452 41.
1346 2424 1592 2462 elegantisfimoe

863 2464 998 2494 familiae
1013 2474 1202 2504 puerorum.
1225 2465 1244 2482 ¹⁵
1255 2466 1386 2504 elegans
1396 2466 1520 2498 dicitur
1531 2469 1591 2500 eti-

864 2518 932 2545 am,
959 2508 1015 2547 qui
1042 2508 1190 2538 medium
1217 2514 1311 2538 tenet
1335 2509 1425 2540 iuter
1451 2521 1591 2551 parcum

863 2558 898 2581 et
932 2551 1164 2589 magnificum,
1192 2552 1348 2583 mundus.
1381 2553 1438 2584 Or.
1465 2556 1518 2586 25.
1549 2556 1594 2586 cf.

864 2595 1042 2633 elegantia.

908 2638 1103 2677 Eleganter,
1131 2639 1213 2669 scite
1243 2639 1483 2680 intelligenter,
1513 2653 1593 2674 cum

866 2681 1012 2718 delectu,
1037 2680 1181 2721 provide,
1205 2683 1399 2723 prudenter,
1426 2692 1593 2718 accurate.

866 2725 937 2755 lnv.
967 2725 1000 2755 ii.
1031 2728 1063 2756 3.
1094 2725 1146 2755 sin
1175 2730 1287 2757 autem
1313 2733 1441 2758 temere
1467 2728 1592 2770 aliquid

866 2767 1007 2807 alicujus
1033 2768 1242 2808 praeteriisse,
1258 2776 1318 2801 aut
1345 2780 1410 2801 non
1432 2772 1512 2803 satis
1533 2775 1596 2805 ele-

864 2817 988 2851 gamer
1008 2813 1115 2842 secuti
1138 2813 1333 2845 videbimur.
1357 2814 1450 2845 Verr.
1472 2816 1519 2847 iii.
1540 2811 1600 2848 60.

867 2855 947 2895 quid
963 2855 1073 2896 potuit
1087 2857 1265 2895 elegantius
1279 2857 1388 2888 meere
1404 2863 1526 2899 praetor
1539 2870 1598 2891 cu-

869 2899 964 2939 pidus
990 2900 1246 2932 existimationis
1276 2900 1383 2940 houm,
1412 2901 1467 2942 qui
1495 2903 1535 2934 ab
1552 2904 1596 2938 'se
