1800 3131
177 67 232 106 84

218 161 304 202 App.
331 160 502 201 Claudius,
523 162 557 195 C.
574 163 674 202 filius,
688 163 772 206 eius,
786 167 842 207 qui
857 166 901 198 P.

180 202 283 234 Clodii
294 202 415 244 frater
421 205 512 246 suit.
551 207 647 238 Nam
668 208 696 238 is
718 208 798 239 duos
809 210 905 250 filios

174 246 284 277 eodem
296 249 425 279 nomine
439 249 565 286 habuit,
577 259 715 289 quorum
734 253 820 282 alter
834 262 904 282 ma-

169 289 239 328 jor,
252 290 339 320 alter
352 291 461 322 minor
475 292 597 322 dicitur
606 304 615 322 :
633 293 771 323 minoris
785 296 904 324 mentio

170 330 214 370 fit
228 331 269 361 ad
286 331 365 363 Div.
388 334 456 365 viii.
479 337 510 365 8.
533 334 580 364 ad
598 344 693 374 quem
715 337 820 366 locum
836 337 903 368 vid.

173 372 311 405 Manat.
327 375 367 405 ad
383 375 460 406 Div.
475 376 519 406 xi.
542 379 594 408 22.
611 386 643 407 se
662 387 738 408 cum
757 377 904 408 Antonio

173 416 346 456 conjunxit
362 422 497 458 propter
518 419 619 459 patris
643 420 901 458 restitutionem,

172 458 228 488 sed
242 457 358 490 deinde
381 470 456 490 cum
474 461 690 501 optimatibus
707 462 796 493 fecit.
832 462 904 503 Qui

170 503 288 572 &trum
307 501 427 543 major,
449 513 494 533 an
517 504 624 534 minor
631 502 758 544 filerit,
775 514 903 544 parum

193 552 323 574 exeram.
845 554 848 558 “

212 585 255 616 Α.
279 585 448 624 Claudius,
463 586 557 618 Verr.
581 588 615 618 ii.
634 590 685 622 57.
724 588 865 626 Siculus,
880 600 902 620 a

174 625 313 658 Claudio
328 629 467 668 quodam
486 630 619 660 civitate
633 631 783 668 donatus,
799 632 866 662 sive
880 642 902 663 a

168 668 350 710 majoribus
363 676 491 711 accepto
500 672 640 708 nomine,
654 674 710 712 qui
710 672 774 713 jus
786 675 901 705 civita-

167 712 211 742 tis
218 722 283 752 per
303 713 476 744 Claudium
490 714 633 753 aliquem
649 716 857 755 accepissent.

214 754 248 786 C.
271 755 439 792 Claudius,
462 764 489 786 s.
524 755 663 793 Clodius,
697 757 776 788 Coeci
786 760 898 800 filius,

168 794 267 828 Brut.
287 800 335 828 18.
352 797 403 827 M.
416 797 576 828 Tuditani
591 799 718 840 collega
732 800 767 830 in
782 811 899 832 consu-

165 837 237 869 latu
257 840 301 881 (η.
319 839 360 869 U.
378 840 487 879 Dle.)
502 840 602 872 Tusc.
618 842 638 872 i.
659 845 688 873 l.

213 881 247 912 C.
277 882 447 919 Claudius,
471 882 516 913 P.
552 883 653 914 Clodii
678 894 771 923 avus,
800 886 900 926 Appii

171 922 301 954 Claudii
315 924 397 965 maj.
419 929 450 955 et
469 926 554 956 min.
571 932 684 965 pater,
708 928 821 959 Plane.
845 931 898 960 21.

164 966 290 996 Consul
315 967 380 997 fuit
406 977 481 997 cum
510 967 559 998 M.
584 969 749 1009 Perperna
778 971 821 1011 (a.
855 971 897 1002 U.

162 1007 300 1047 nemu.)
326 1009 441 1040 Rabir.
463 1012 494 1043 7.
517 1009 617 1041 homo
638 1016 768 1052 potens,
796 1013 898 1044 medi-

165 1051 249 1080 ocris
262 1055 384 1081 orator.
401 1052 497 1082 Brut.
512 1055 566 1083 45.

211 1092 246 1124 C.
266 1092 434 1131 Claudius,
459 1094 503 1124 P.
525 1094 627 1126 Clodii
643 1101 790 1135 patruus
811 1098 895 1138 App.

163 1133 202 1164 F.
221 1134 302 1166 Har.
316 1145 400 1177 resp.
422 1139 468 1168 12.
485 1137 550 1167 Off.
565 1138 600 1168 ii.
624 1139 670 1169 16.
687 1141 756 1178 ejus
770 1141 896 1179 magni-

162 1177 377 1209 ficentissima
401 1180 540 1210 aedilitas
568 1180 641 1212 fuit.
675 1181 768 1212 Verr.
795 1182 894 1217 ii.49.

160 1218 208 1250 iv.
233 1223 265 1251 4.
294 1225 418 1260 praetor
440 1222 480 1253 L.
506 1222 635 1253 Licinio
659 1224 775 1255 Crasso
797 1231 831 1255 et
852 1226 893 1266 Ω.

158 1260 275 1292 Mucio
291 1264 382 1295 Coss.

209 1305 242 1335 C.
265 1305 433 1344 Claudius,
456 1307 493 1337 C.
519 1308 553 1338 F.
577 1318 595 1338 e
616 1307 707 1338 tribu
730 1308 893 1347 Palatina,

160 1344 260 1377 homo
274 1348 420 1388 plebeius
433 1350 472 1380 de
483 1350 620 1381 cohorte
634 1351 661 1381 V
664 1350 782 1381 errina.
797 1352 892 1384 Verr.

158 1388 192 1421 ii.
207 1391 261 1421 43.

201 1431 242 1462 L.
272 1432 440 1470 Claudius,
463 1433 502 1464 de
519 1434 661 1475 Harusp.
684 1444 767 1475 resp.
782 1435 811 1466 6.
824 1436 892 1467 Rex

157 1482 339 1512 sacrorum,
364 1477 419 1515 qui
441 1486 517 1506 cum
540 1478 657 1507 ceteris
680 1478 891 1517 pontificibus

157 1515 294 1548 domum
331 1519 497 1549 Ciceronis
533 1520 690 1559 religione
725 1520 888 1552 liberavit.

158 1557 354 1590 Proenomen
376 1560 470 1591 Lucii
486 1562 564 1592 duos
576 1567 708 1592 tantum
727 1572 744 1591 e
745 1562 891 1602 =familia

162 1599 304 1632 Claudia
327 1604 462 1641 gessisse
488 1609 519 1634 et
551 1609 751 1644 usurpatum
780 1607 821 1635 ab
851 1616 890 1637 ea

154 1645 301 1683 amplius
328 1655 391 1675 non
419 1656 495 1683 esse,
523 1648 608 1686 quod
635 1647 673 1677 de
699 1648 891 1679 criminibus

690 79 851 110 lNDEx
887 81 1204 112 ms'romcus.

989 167 1028 199 T.
1049 168 1218 206 Claudius,
1231 166 1346 200 Vatin.
1365 166 1393 199 1.
1412 167 1449 200 P.
1463 168 1613 201 Sextium
1634 169 1675 202 de

945 209 976 240 vi
999 220 1150 242 accusare
1175 210 1295 248 voluit,
1325 210 1570 243 communicato
1596 222 1674 244 cum

944 251 1079 283 Vatinio
1130 252 1277 284 consilio.
1324 253 1446 293 abjecit
1483 254 1673 293 consilium,

944 304 1020 324 cum
1045 294 1093 325 M.
1115 294 1246 326 Tullius
1273 295 1497 326 Albinovanus
1522 306 1674 329 accusare

945 335 1146 368 institueret.

991 378 1172 417 Cleanthes,
1192 378 1292 410 Acad.
1306 382 1348 411 iv.
1370 381 1422 411 23.
1443 378 1586 410 Stoicus.
1603 378 1675 412 Fat.

944 422 977 453 7.
993 422 1148 460 magister
1162 422 1345 462 Chrysippi.
1356 422 1433 453 Div.
1449 422 1469 452 i.
1486 424 1518 452 3.
1533 432 1585 459 ea,
1600 431 1675 462 quae

945 461 1036 492 Zeno
1051 464 1085 493 in
1099 464 1164 494 suis
1176 465 1422 495 commentariis
1433 464 1473 494 de
1485 464 1673 495 Divinatio·

945 513 986 535 ne
1008 505 1201 542 tradiderat,
1222 506 1373 537 uberiora
1394 506 1485 537 facit.
1509 506 1608 537 Acad.
1625 507 1671 538 iv.

943 548 996 577 41.
1029 547 1139 578 Solem
1154 547 1262 578 Deum
1278 553 1386 588 putat.
1402 548 1474 579 Fin.
1490 549 1523 579 ii.
1534 551 1587 581 21.
1602 550 1674 589 ejus

943 589 1058 620 tabula
1078 589 1118 620 de
1142 590 1312 630 voluptate
1326 595 1360 620 et
1381 591 1515 622 virtute.
1531 591 1602 623 Fin.
1627 593 1671 623 iv.

943 632 974 661 3.
996 632 1126 672 scripsit
1147 635 1253 663 artem
1274 632 1486 664 Rhetoricam
1510 643 1536 664 s.
1560 634 1672 675 potius

944 674 1202 705 obmutescendi.

989 715 1120 755 Cleobis,
1133 717 1233 749 Tusc.
1248 717 1270 747 i.
1289 718 1342 750 47.
1361 725 1450 747 mors
1469 717 1538 757 ejus
1553 722 1587 748 et
1602 718 1672 759 pie-

941 761 1004 788 tas.

989 801 1217 840 Cleombrotus,
1243 801 1282 832 de
1311 800 1375 832 Off.
1399 801 1420 831 i.
1443 802 1495 832 524.
1517 799 1671 832 Lacedae-

941 843 1129 874 moniorum
1152 845 1230 882 dux,
1254 844 1409 875 invidiam
1434 844 1569 882 timens,
1592 853 1670 874 cum

942 885 1172 925 Epaminonda
1186 892 1310 917 temere
1325 886 1486 916 conflixit.

988 928 1215 966 Cleombrotus,
1225 930 1448 965 Ambraciota,
1461 928 1560 959 Tusc.
1578 927 1600 958 i.
1615 928 1669 958 34.

941 970 974 999 in
989 980 1077 1000 mare
1092 981 1125 1001 se
1138 972 1258 1010 abjecit
1270 972 1357 1002 lecto
1371 971 1519 1002 Platonis
1534 969 1670 1000 Phaedo-

941 1022 992 1042 ne.
1016 1013 1070 1043 De
1091 1024 1151 1053 quo
1172 1019 1218 1044 est
1239 1016 1448 1054 epigramma
1475 1012 1671 1045 Callimachi

939 1056 1082 1093 elegans.

986 1097 1176 1134 Cleomenes,
1191 1098 1285 1128 Verr.
1305 1098 1339 1127 ii.
1358 1099 1405 1128 14.
1432 1098 1665 1138 Syracusanus.

986 1140 1092 1177 Cleon,
1108 1141 1204 1171 Brut.
1221 1144 1251 1174 7.
1267 1140 1488 1177 Atheniensis,
1505 1141 1583 1170 civis
1594 1144 1667 1170 tur-

938 1181 1107 1219 bulentus,
1123 1182 1179 1212 sed
1193 1183 1360 1221 eloquens,
1376 1182 1415 1212 de
1436 1192 1496 1222 quo
1509 1182 1670 1212 videndus

937 1224 1075 1255 Diodor.
1092 1225 1127 1256 S.
1147 1225 1201 1255 xii.
1221 1235 1257 1265 p.
1278 1228 1346 1255 108.
1366 1225 1460 1255 miris
1479 1225 1582 1256 modis
1589 1234 1668 1265 per-

936 1263 1117 1306 stringitur
1131 1267 1172 1296 ab
1186 1268 1403 1308 Aristophane
1416 1268 1452 1297 in
1464 1267 1653 1307 Equitibus.

984 1310 1207 1350 Cleophantus.
1225 1310 1358 1342 Cluent.
1377 1310 1425 1340 16.
1442 1309 1602 1341 Medicus.

984 1352 1106 1383 Clinias
1137 1351 1307 1389 Cretensis,
1323 1352 1402 1391 Leg.
1418 1353 1439 1382 i.
1455 1355 1485 1383 5.
1499 1352 1554 1392 qui
1570 1351 1666 1383 indu-

935 1393 1022 1425 citur
1036 1394 1124 1435 apud
1139 1394 1313 1426 Platonem
1328 1395 1363 1425 in
1387 1394 1517 1435 dialogo
1530 1394 1570 1426 de
1585 1395 1663 1436 legi·

935 1436 1006 1467 bus.

981 1479 1165 1515 Clisthenes,
1190 1479 1270 1519 Leg.
1293 1478 1329 1509 ii.
1365 1479 1414 1509 16.
1439 1478 1663 1518 Atheniensis,

933 1521 1026 1552 dotes
1054 1522 1198 1553 filiarum
1223 1521 1360 1562 deponit
1384 1521 1420 1551 in
1447 1521 1574 1562 templo
1601 1522 1664 1552 Ju-

933 1565 1028 1594 nonis
1043 1565 1171 1595 Samiae.

980 1606 1167 1644 Clisthenes,
1183 1607 1280 1638 Brut.
1297 1609 1328 1640 7.
1344 1606 1468 1636 Orator
1480 1604 1663 1636 Athenien·

931 1648 992 1678 sis:
1029 1651 1085 1689 qui
1109 1654 1182 1689 post
1211 1649 1360 1680 Solonem
1385 1652 1416 1677 et
1443 1646 1663 1679 Pisistratum

154 1687 351 1725 capitalibus
371 1689 523 1719 damnati
546 1694 660 1726 essent,
677 1690 783 1720 tradit
807 1690 889 1721 Sue-
919 1691 1055 1732 floruit,
1072 1694 1188 1732 paullo
1213 1696 1290 1722 ante
1308 1690 1565 1722 Themistoclem.

155 1729 263 1760 tonius
284 1731 320 1760 in
345 1730 472 1761 Tiberio
494 1741 521 1761 c.
547 1735 574 1762 l.
626 1732 719 1763 Unde
738 1733 890 1764 dubitare

154 1772 227 1809 quis
254 1777 359 1811 posset
391 1774 430 1803 cle
461 1775 518 1804 hoc
549 1776 767 1814 proenomiue:
805 1776 888 1807 sicut

153 1811 323 1846 Drakenb.
347 1816 393 1845 acl
410 1816 485 1846 Liv.
516 1816 572 1847 xli.
596 1820 648 1848 21.
671 1819 770 1847 lzoeret
791 1818 826 1848 in
843 1819 885 1850 L.

161 1854 295 1887 Claudio
309 1857 427 1888 Asello.
475 1858 543 1888 Sed
559 1860 594 1889 id
606 1869 670 1889 non
689 1860 728 1889 de
742 1861 888 1892 omnibus

159 1897 306 1929 Claudiis
326 1901 591 1939 intelligendum,
612 1912 729 1932 verum
753 1906 887 1934 tantum

153 1940 364 1980 depatrieiis.

195 1982 245 2014 M
265 1984 435 2023 Claudius,
450 1985 492 2016 ad
513 1986 590 2017 Div.
606 1987 672 2017 viii.
687 1989 719 2017 4.
743 1997 762 2017 a
777 1987 886 2027 repul-

153 2032 189 2054 sa
212 2027 402 2066 postulatur
425 2027 583 2060 aduobus
601 2030 758 2060 fratribus
782 2029 886 2060 Gallis

153 2066 201 2097 M.
218 2073 252 2098 et
265 2069 330 2109 Qu.
349 2070 376 2100 Ε
393 2070 559 2102 Marcellis
582 2072 659 2111 fuit,
674 2073 732 2103 sed
744 2072 809 2102 viri
831 2073 885 2102 do-

153 2110 197 2139 cti
211 2112 326 2150 legunt
341 2113 390 2143 M.
407 2112 564 2144 Calidius.

195 2152 242 2183 P.
264 2153 421 2186 Claudius
438 2155 599 2193 Pulcher,
622 2155 660 2187 de
677 2156 754 2186 Div.
780 2157 801 2187 i.
832 2157 881 2188 16.

151 2193 251 2234 Appii
279 2196 359 2228 Coeei
374 2198 486 2239 filius,
513 2198 640 2239 collega
663 2199 704 2230 L.
729 2200 822 2230 Junii
848 2200 884 2230 in

152 2235 337 2269 Consulatu
361 2240 448 2270 bello
476 2241 601 2271 Punico
629 2242 736 2281 primo
766 2242 811 2283 (a.
842 2241 883 2273 U.

151 2279 236 2319 Dlv.)
263 2281 398 2312 classem
425 2283 603 2314 maximam
629 2283 783 2324 perdidit,
806 2294 882 2314 cum

151 2320 232 2351 vitio
247 2324 442 2363 navigasset.
458 2325 539 2356 Nat.
554 2326 599 2357 D.
615 2326 648 2356 ii.
662 2329 693 2357 3.
709 2333 883 2367 propterca

149 2364 389 2396 condemnatus
403 2371 465 2398 est.
480 2368 592 2398 confer
605 2368 644 2398 de
657 2369 733 2399 Div.
750 2369 784 2400 ii.
800 2371 850 2400 33.

193 2405 236 2437 Ρ.
258 2408 427 2445 Claudius,
441 2409 538 2441 Brut.
566 2414 616 2442 15.
631 2415 678 2442 est
697 2413 822 2451 collega
838 2411 881 2443 L.

150 2447 266 2479 Porcii
284 2450 349 2480 Cos.
367 2461 400 2482 a.
421 2451 596 2484 U.1›1.x1x.

192 2490 238 2522 P.
266 2492 436 2532 Claudius,
460 2494 536 2526 Div.
564 2496 586 2526 i.
608 2498 662 2529 47.
678 2506 792 2536 augur.
816 2495 884 2527 Sed

151 2533 194 2563 ibi
207 2533 331 2574 Appius
355 2536 529 2574 legendum
543 2548 619 2574 esse,
629 2543 660 2568 et
674 2539 815 2577 auguris
827 2549 881 2568 no-

148 2584 225 2605 men
245 2581 276 2607 et
286 2587 338 2607 res
359 2579 432 2617 ipsa
454 2579 554 2616 docet,
570 2582 621 2610 uti
635 2581 788 2612 viderunt
804 2581 880 2612 Ma-

146 2619 272 2654 nutius,
288 2619 484 2656 Lambinus,
501 2621 672 2654 Davisius.

189 2659 227 2691 S.
246 2661 414 2700 Claudias,
429 2672 536 2703 quoere
549 2665 585 2694 in
599 2665 733 2696 Clodiis·

191 2702 231 2733 T.
250 2703 418 2742 Claudius,
439 2705 661 2738 Centumalus.
684 2708 750 2738 Off.
766 2707 810 2737 iii.
829 2707 878 2738 16.

143 2743 214 2776 Sed
234 2745 310 2777 Tib.
329 2747 503 2785 legendum
528 2754 635 2780 monet
658 2750 814 2789 Longius
833 2750 881 2780 ad

144 2788 178 2818 h.
202 2788 224 2817 l.
237 2788 333 2828 idque
342 2790 463 2828 probat
480 2790 651 2822 Drakenb.
667 2793 715 2822 ad
727 2793 807 2824 Isiu.
830 2792 876 2822 xl.

144 2831 196 2864 59.
211 2831 297 2871 quod
318 2831 356 2862 T.
367 2841 548 2871 pronomen
560 2834 604 2865 in·
620 2834 761 2867 Claudia
778 2839 878 2875 genle

143 2873 306 2906 usitatum
320 2873 511 2916 mansuer-it.

977 1733 1174 1772 Clitarchus,
1189 1734 1267 1774 Leg.
1283 1735 1304 1764 i.
1328 1737 1358 1764 2.
1374 1733 1548 1764 historicus
1569 1732 1662 1763 Grae-

929 1785 998 1813 cus,
1015 1786 1082 1807 non
1105 1778 1261 1817 optimus.
1286 1777 1382 1808 Brut.
1402 1777 1451 1805 ll.
1474 1775 1515 1806 ad
1534 1775 1611 1806 Div.
1626 1775 1662 1805 ii.

934 1821 982 1848 10.
999 1828 1066 1850 non
1081 1829 1210 1859 magnae
1232 1819 1306 1849 fidei
1330 1824 1392 1855 est,
1407 1817 1584 1848 Alexandri
1606 1827 1661 1848 co—

928 1869 1009 1898 mes,
1027 1862 1066 1893 de
1089 1866 1195 1892 morte
1209 1860 1441 1892 Themistoclis
1464 1859 1542 1900 quid
1558 1859 1660 1891 tradi-

929 1903 1028 1934 derit.

976 1945 1194 1976 Clitomachus
1215 1945 1351 1982 szus,
1366 1944 1465 1976 Acad.
1482 1946 1525 1975 iv.
1553 1944 1584 1975 6.
1598 1943 1658 1976 Or.

928 1987 948 2017 i.
970 1991 1016 2018 ll.
1040 1988 1216 2019 Carneadis
1231 1988 1362 2018 auditor
1383 1992 1418 2018 et
1439 1995 1605 2018 successor
1622 1986 1658 2017 in

927 2030 1114 2061 Academia.
1135 2031 1235 2061 Acad.
1251 2031 1293 2062 iv.
1309 2033 1360 2061 31.
1375 2031 1446 2070 ejus
1460 2030 1544 2061 liber
1561 2028 1603 2059 ad
1618 2030 1658 2060 C.

927 2072 1105 2103 Lucullum
1129 2076 1276 2113 poi-itam,
1291 2074 1372 2104 item
1394 2073 1436 2104 ad
1449 2073 1488 2103 L.
1505 2071 1659 2104 Censori-

927 2124 1020 2146 num.
1043 2115 1142 2145 Acad.
1160 2116 1202 2145 iv.
1216 2118 1268 2146 32.
1292 2119 1434 2155 quatuor
1454 2115 1555 2145 libros
1578 2113 1658 2144 scri-

926 2158 992 2197 psit
1015 2157 1054 2188 de
1068 2158 1266 2188 sustinendis
1288 2157 1540 2188 assensionibus.
1551 2156 1656 2188 Tusc.

926 2200 970 2229 iii.
996 2203 1047 2230 22.
1071 2201 1253 2231 consolatio
1279 2202 1351 2240 ejus
1376 2199 1554 2240 scriptaad
1576 2201 1657 2231 Car-

925 2242 1148 2281 thaginienses
1173 2253 1283 2273 eversa
1298 2241 1511 2282 Carthagine.
1532 2250 1656 2272 nomen

925 2287 993 2324 ejus
1008 2286 1151 2315 occurrit
1166 2286 1267 2316 etiam
1281 2283 1381 2316 Acad.
1396 2284 1438 2314 iv.
1453 2287 1486 2315 4.
1509 2284 1566 2315 Or.
1584 2285 1633 2315 16.

973 2326 1086 2363 Clitus,
1102 2328 1201 2358 Tusc.
1226 2328 1271 2358 iv.
1295 2329 1347 2361 37.
1364 2326 1442 2357 Dux
1462 2326 1654 2364 Alexandri,

924 2369 965 2399 ab
979 2379 1017 2399 eo
1033 2370 1243 2400 interficitur.

972 2411 1083 2442 Clodia
1102 2422 1197 2452 gens,
1219 2412 1322 2443 Doni.
1348 2414 1402 2442 44.
1425 2411 1553 2450 eadem,
1579 2421 1656 2452 quae

924 2453 1073 2484 Claudia.

970 2495 1093 2534 Clodia,
1121 2497 1191 2527 Att.
1218 2496 1275 2526 xii.
1301 2498 1355 2527 22.
1385 2495 1514 2527 Decimi
1541 2497 1654 2534 Bruti,

927 2538 997 2579 (qui
1019 2538 1144 2570 Consul
1166 2538 1230 2568 fuit
1251 2549 1327 2569 cum
1349 2538 1398 2569 M.
1420 2538 1556 2570 AEmilio
1578 2540 1654 2570 Ma—

923 2580 1046 2620 merco)
1073 2585 1190 2611 mater.

970 2622 1093 2660 Clodia,
1107 2623 1179 2654 Att.
1191 2623 1235 2654 ix.
1249 2623 1279 2654 6.
1292 2627 1326 2654 et
1338 2626 1370 2658 9.
1385 2631 1510 2654 socrus.
1523 2621 1564 2654 L.
1578 2621 1653 2654 Mc-

920 2664 1007 2702 teni,
1020 2665 1096 2696 trib.
1113 2665 1156 2705 pl.

969 2707 1154 2744 Clodianus,
1176 2707 1249 2738 Att.
1271 2707 1294 2738 i.
1321 2709 1370 2741 19.
1393 2711 1445 2737 est
1471 2706 1530 2738 Cn.
1557 2705 1652 2738 Corn.

922 2749 1087 2780 Lentulus
1116 2749 1234 2780 Consul
1255 2759 1289 2779 a.
1319 2749 1360 2781 U.
1383 2757 1552 2791 nctxxxr.
1574 2759 1651 2780 cum

921 2791 964 2822 L.
997 2793 1101 2824 Gellio
1131 2791 1311 2832 Poplicola.
1338 2792 1452 2832 Sigon.
1485 2793 1522 2822 in
1541 2791 1652 2832 fastis

920 2834 1017 2867 Rom.

967 2876 1108 2919 Clodius,
1122 2875 1204 2919 [ες.
1216 2879 1246 2910 1.
1260 2878 1293 2910 2.
1304 2876 1479 2909 historicus
1491 2875 1649 2922 Latinus,
