1804 3178
662 88 804 120 mnnx
836 88 966 117 Lxrm
974 89 1126 118 rmus.

151 178 332 204 mmm.
370 174 411 205 ad
436 174 513 206 Div.
536 174 603 204 xiii.
626 175 678 208 27.
714 175 878 206 observare

152 217 458 249 commendationes
469 217 608 254 alicuius
620 229 627 246 z
648 216 680 247 h.
692 227 722 247 e.
733 217 877 258 complc-

153 258 198 288 eti
214 269 306 297 eum,
321 261 378 300 qui
392 260 644 292 commendatus
659 267 720 290 cst.
750 262 768 278 ⁸
778 260 878 291 Tusc.

150 310 182 331 v.
211 305 265 334 41.
299 309 430 334 tantam
460 304 684 343 praestantiam
721 303 756 334 in
786 304 878 334 bonis

151 345 254 376 animi
280 357 350 377 esse
375 347 505 384 dicunt,
530 352 568 376 ut
593 346 634 376 ab
660 345 708 376 bis
735 348 878 386 corporis

149 394 290 420 externa
310 390 482 420 oben-mu.
527 388 698 419 Bentlcius
720 391 876 420 emcnda-

149 429 226 462 δαῖε
258 434 403 473 corporis
432 438 468 463 et
488 436 625 463 externa
645 433 874 464 obscurentur.

148 474 268 515 probat
281 475 447 506 Buherius
462 474 503 505 ad
519 475 552 505 h.
567 475 588 505 l.

195 516 388 549 ooaenueio.
413 518 547 549 Muren.
562 521 614 549 ⁶24.
637 519 874 556 obem-aciones,

144 561 411 598 testificationes,
442 562 650 592 seductiones
686 564 875 593 testium—

145 603 466 635 animadvertcbant.
512 606 638 645 Nempe
657 605 822 646 Sulpicius
839 614 873 637 et

144 646 217 684 ejus
238 647 337 677 amici
361 647 536 687 diligenter
557 649 773 679 observabant
796 649 872 680 Mu-

144 698 273 728 renam,
289 695 325 721 et
343 691 479 729 amicos,
494 693 519 722 si
544 702 641 731 quam
660 692 869 730 largitione—m

141 731 301 764 facerent.
331 734 522 766 θ(11·.ἰ.90.
551 735 776 774 eloquentiam
801 746 870 766 csse

141 776 400 815 observationem,
425 787 490 808 non
514 784 632 809 arten).
662 779 737 809 Div.
763 779 794 808 ii.
818 783 871 812 71.

140 818 301 851 diuturna
316 822 490 852 olum-vasio
511 821 664 852 notandis
681 821 776 852 rebus
792 823 871 852 fecit

141 866 259 894 artem.
282 864 324 894 cs.
340 865 362 894 i.
379 867 432 899 49.
455 865 520 895 Off.
535 865 568 894 ii.
586 867 638 895 24.

188 905 404 944 Observuare,
435 918 494 948 pro
525 909 701 938 observare.
738 908 814 939 Div.
846 909 868 939 i.

137 951 192 981 ⁴5.
214 950 278 980 Sed
293 960 322 979 v.
339 957 410 980 not.

186 991 293 1030 obses,
321 995 455 1033 pig-nuS,
483 993 702 1034 quodcunque
733 995 866 1034 signum

137 1041 268 1067 certum
281 1037 461 1067 voluntatis
474 1041 533 1067 otc.
560 1037 693 1067 Cluent.
706 1041 758 1068 30.
775 1039 867 1068 dam-

137 1079 309 1110 nationem
323 1081 460 1111 dederat
473 1081 607 1110 obsidem
625 1081 684 1111 ἃς.
708 1081 741 1111 in
755 1081 867 1112 taecil.

134 1123 190 1154 22.
220 1123 336 1155 obsides
361 1134 381 1154 a
403 1124 495 1154 nobis
518 1123 617 1154 habet
639 1123 793 1164 populus.
824 1125 866 1155 cf.

136 1165 235 1197 Catil.
258 1167 300 1197 iv.
325 1169 356 1198 2.
387 1167 538 1198 Coe1.32.
576 1168 693 1198 obsides
715 1168 868 1208 periculi.

133 1208 190 1240 ubi
206 1219 235 1240 v.
253 1215 324 1241 not.

181 1251 337 1284 Obsessum
359 1254 456 1284 Rosc.
469 1253 506 1284 A.
526 1256 573 1284 11.
593 1254 713 1284 obsessa
728 1253 862 1284 domus:

133 1295 166 1326 h.
181 1307 211 1326 e.
234 1297 275 1327 ab
297 1297 369 1327 aliis
391 1302 566 1337 occupata,
584 1304 622 1327 ut
646 1297 772 1336 ingredi
798 1307 864 1328 non

132 1340 248 1379 possis.
278 1340 418 1371 *Vatin.
435 1344 466 1374 7.
495 1342 628 1371 obsesws
650 1341 860 1371 tribunatus:

133 1381 166 1413 h.
183 1393 212 1413 e.
229 1393 295 1423 quo
311 1393 376 1414 non
393 1383 472 1414 licet
487 1384 608 1421 facere,
623 1393 696 1422 quae
712 1383 803 1413 velis.

178 1425 337 1465 obsidere,
360 1427 500 1467 replere,
522 1437 695 1466 occupare.
724 1427 802 1458 Nat.
817 1427 862 1458 D.

132 1469 154 1498 i.
171 1471 224 1501 23.
253 1471 445 1510 corporibus
463 1471 570 1500 omnis
585 1471 745 1500 obsidetur
761 1470 862 1501 locus.

127 1512 320 1552 ‘speculari
335 1514 475 1551 curiose,
488 1513 592 1543 Flacc.
606 1516 658 1545 524.
680 1514 794 1544 obsidet
811 1524 862 1544 ro-

127 1560 198 1586 stra
228 1557 332 1587 curia.
369 1556 469 1588 Catil.
492 1557 514 1587 i.
542 1560 590 1587 10.
624 1558 762 1587 obsidere
790 1565 860 1587 stu-

126 1601 238 1639 prum.
267 1600 340 1630 Act.
357 1600 379 1630 i.
394 1600 487 1631 Verr.
504 1602 535 1631 2.
565 1601 621 1639 qui
645 1611 756 1630 meum
773 1605 858 1630 tem-

126 1651 188 1683 pus
210 1643 380 1674 obsederet.-
411 1653 456 1674 sc.
474 1650 513 1674 ut
537 1644 619 1674 mihi
647 1643 773 1673 insidiis
796 1646 860 1673 eri-

125 1685 208 1726 piat.
244 1686 447 1726 *eleganter
475 1691 586 1717 orator
613 1687 736 1717 dicitur
765 1687 858 1717 audi-

123 1735 232 1759 torem
247 1730 384 1761 obsidere
399 1734 434 1760 et
447 1734 575 1768 tenere,
585 1730 678 1760 Orat.
695 1731 748 1760 62.
779 1740 855 1760 cum

123 1781 202 1803 eum
221 1773 295 1811 jam
320 1773 381 1804 sibi
407 1773 574 1803 faventem
598 1773 742 1803 reddidit
763 1777 797 1803 ct
821 1775 855 1804 in

122 1824 218 1846 tuam
231 1817 434 1848 seutentiam
449 1816 583 1857 impulit
599 1824 633 1847 ct
648 1816 797 1847 adduxit.

170 1857 306 1897 Obsidio,
335 1859 536 1900 periculum,
565 1860 653 1899 quod
682 1860 723 1890 ab
750 1859 854 1891 altero

123 1901 217 1933 nobis
232 1904 374 1933 struitur
389 1909 424 1933 et
447 1903 543 1934 rebus
560 1904 690 1933 nostris.
720 1903 762 1933 ad
775 1903 852 1935 Div.

121 1954 151 1974 v.
167 1945 198 1975 6.
225 1947 282 1984 qui
305 1946 519 1976 foeneratores
542 1957 579 1976 ex
603 1947 756 1977 obsidione
778 1956 853 1976 exe-

120 1989 239 2019 merit:
264 1989 296 2019 h.
318 1999 348 2019 e.
369 1989 520 2020 liberavit
544 1999 564 2019 a
586 1989 733 2029 periculo
752 2000 853 2030 pecu-

119 2031 184 2061 niae
208 2032 396 2072 perdendae,
419 2032 507 2071 quod
533 2043 554 2063 a
578 2033 793 2070 Catilium-iis,
817 2038 852 2064 et

118 2075 176 2113 qui
192 2075 322 2106 tabulas
343 2085 443 2106 novas
466 2076 538 2106 fieri
560 2075 726 2113 volebant,
741 2082 850 2106 strue-

67 2116 70 2119 ’
118 2117 229 2149 batur.
263 2119 447 2160 (cf.Rabir.
467 2118 561 2149 Perd.
593 2118 654 2156 10.)
696 2119 847 2150 Ductuin

116 2161 250 2192 videtur
261 2172 279 2192 e
295 2162 405 2193 Plauti
421 2162 549 2192 Asinar.
565 2162 599 2192 ii.
615 2164 647 2193 2.
669 2165 717 2193 14.

163 2203 506 2245 Obsignare,signare,
514 2206 716 2244 subsignare.
727 2205 845 2245 Quint.

116 2249 170 2280 21.
199 2249 370 2288 obsignare
391 2248 541 2279 tabellas.
577 2249 686 2279 Pison.
706 2251 760 2280 23.
783 2250 844 2279 ἃς.

114 2290 156 2325 de
177 2292 372 2323 testimonio
393 2293 554 2330 obsignato
576 2292 618 2322 ad
640 2292 711 2323 Att.
734 2293 769 2323 ii.
796 2294 845 2324 19.

112 2334 189 2365 init.
206 2345 236 2366 v.
256 2336 342 2376 inpr.
364 2335 502 2366 Salmas.
525 2335 613 2366 mod.
632 2335 731 2366 Usur.
748 2345 776 2366 c.
796 2339 846 2366 11.

113 2376 221 2409 ‘Diu
246 2379 283 2410 ii.
311 2383 364 2414 70.
401 2379 568 2418 obsignata
594 2385 731 2408 natura:
764 2383 845 2409 sunt

112 2420 290 2454 muliebria
318 2423 367 2453 ita
393 2422 577 2459 obsttucta,
603 2427 640 2452 ut
669 2422 844 2462 concipere

110 2463 239 2496 femina
263 2469 299 2497 et
324 2474 439 2506 parere
459 2462 538 2495 'non
564 2466 677 2505 possit.
716 2464 843 2495 Plinius

81 2527 90 2539 2
110 2505 156 2538 Η.
167 2507 211 2539 Ν.
223 2508 279 2539 νἰἰ.
293 2509 340 2540 16.
359 2507 505 2548 genitale
521 2515 716 2538 concretum
733 2507 844 2548 appel·

107 2548 170 2580 lat.
215 2550 322 2582 Greci
344 2551 430 2582 tales
455 2551 595 2581 seminas
621 2550 762 2593 dreni-rous
789 2561 843 2581 vo-

109 2596 201 2624 cant.
237 2603 268 2625 v.
291 2595 376 2636 inpr.
400 2594 556 2634 Rutgers.
578 2594 655 2624 Var.
675 2593 770 2624 Lect.
795 2594 842 2624 iii.

107 2702 110 2705 -
155 2676 363 2719 obsignator,
389 2682 551 2721 signator,
578 2680 634 2719 qui
656 2679 841 2719 subsignat.

107 2719 218 2757 Flacc.
249 2723 304 2755 36.
341 2723 515 2755 decisionis
545 2724 739 2763 obsignator.
767 2722 841 2755 Att.

105 2763 164 2800 nii.
183 2767 233 2796 18.
254 2766 468 2806 obtin-naiores
481 2773 773 2801 testamentorum.

154 2805 323 2846 Obsistere,
338 2809 525 2842 defendere.
558 2809 692 2841 Cluent.
713 2812 760 2843 17.
788 2808 840 2839 ob-

102 2849 215 2884 aue-r·
235 2851 381 2885 cumini.
408 2853 510 2886 ‘rim
525 2854 618 2890 iii.‚9.
647 2857 681 2884 et
696 2852 768 2885 aliie
791 2851 840 2883 10-

1562 81 1641 130 ³71

921 176 986 205 cis:
1010 176 1153 206 obsistere
1165 177 1256 207 visis:
1281 177 1313 208 h.
1327 187 1357 209 e.
1380 187 1445 209 non
1460 180 1574 211 statim
1591 190 1644 212 u-

921 218 1048 254 sentiri,
1066 228 1107 248 ne
1122 218 1293 259 decipiare.

969 260 1106 298 obsitus,
1129 263 1284 294 mnsitun.
1311 262 1402 295 Vcrr.
1420 264 1465 295 iii.
1485 267 1532 296 18.
1563 267 1641 297 olm·-

921 308 974 333 tus
988 314 1134 344 campus.

962 347 1114 377 oasam-e.
1147 346 1228 377 Phil.
1247 347 1279 377 iz.
1296 351 1348 378 41.
1377 349 1431 379 ubi
1454 334 1639 382 ‹amen‘am

917 389 1132 426 obsolescere,
1149 390 1203 419 alii
1220 390 1398 421 obsolefieri
1415 395 1593 432 corrigunt.

965 433 1138 470 obsoletus,
1155 433 1349 463 inusitatus:
1374 437 1562 474 opponitur,
1581 447 1639 467 no-

916 486 987 512 vus,
1006 477 1185 507 inauditus.
1212 476 1301 506 Verr.
1318 486 1347 505 v.
1361 479 1411 506 44.
1433 479 1560 509 obsoleta
1577 481 1639 510 cri-

917 520 1017 549 mina.
1050 521 1134 550 ‘On
1158 520 1204 549 iii.
1219 523 1250 553 9.
1277 520 1431 549 obsoletior·
1451 523 1566 558 oratio,
1589 522 1639 552 di-

915 564 1004 592 citur
1021 573 1072 600 ea,
1089 573 1161 602 quae
1187 562 1315 592 nullum
1340 562 1503 592 delectum
1529 565 1640 594 verbo-

916 604 987 636 rt'un
1013 616 1072 636 nec
1094 611 1248 637 ornatum
1274 605 1382 635 hain-t.
1420 606 1484 634 ‘de
1508 618 1558 644 co,
1582 609 1637 646 qui

914 649 947 678 in
965 649 1057 679 luctu
1074 656 1106 678 et
1130 643 1279 679 soi-*dibus
1299 654 1361 678 est.
1391 649 1495 679 Pison.
1510 650 1562 679 36.
1586 650 1639 687 ja-

913 693 1010 722 cuisti
1031 701 1170 722 moerens
1195 693 1319 730 aliquot
1343 691 1424 729 dies,
1440 696 1537 731 atque
1562 693 1637 723 inde

909 736 1056 765 obsoletus
1068 735 1509 766 'l'liessalonicam—venisti.

958 778 1124 809 Obsonare.
1141 778 1237 808 Tusc.
1250 788 1279 807 v.
1288 781 1339 809 34.
1350 779 1496 809 obsonare
1503 779 1637 809 famem.

959 821 1104 857 Obstare,
1120 822 1248 852 officere
1272 822 1362 860 quasi
1384 821 1563 852 luminibus
1579 823 1639 853 ali-

911 865 1016 903 cujus.
1048 875 1076 895 v.
1092 865 1232 895 officere.
1257 864 1345 894 Sext.
1361 867 1412 895 20.
1436 866 1559 896 obstare
1574 866 1635 896 sibi

911 917 975 938 me.
1001 909 1160 938 ¹*nocere
1201 908 1294 938 Rosc.
1319 908 1357 938 Α.
1385 909 1436 939 59.
1474 908 1637 947 numquid

911 950 963 980 bic
994 951 1083 982 aliud
1115 951 1232 982 *idetis
1256 952 1377 981 obstare
1412 950 1541 989 Roscio,
1572 952 1635 982 nisi

908 994 992 1034 quod
1011 995 1112 1034 patris
1128 994 1213 1025 bona
1229 995 1422 1024 venierunt?

955 1037 1140 1068 obstinatio.
1172 1037 1263 1067 Prov.
1294 1037 1392 1067 Cons.
1419 1040 1467 1071 17.
1496 1037 1634 1067 obstina-

907 1082 990 1111 tione
1003 1081 1143 1120 quadam
1167 1081 1342 1110 sententiae
1365 1080 1567 1120 repudiavit:
1598 1081 1632 1110 in

907 1123 1025 1153 bonam
1044 1128 1169 1164 partem
1186 1124 1323 1153 dietum.

954 1167 1161 1207 Obstipus,de
1175 1167 1299 1196 cervice
1314 1165 1430 1205 rigida',
1440 1175 1539 1204 quam
1552 1166 1635 1196 Sue·

906 1211 1020 1240 tonius
1035 1209 1193 1250 appellat,
1209 1209 1314 1249 capite
1337 1209 1370 1239 in
1386 1214 1516 1247 tergum
1534 1209 1632 1240 nimis

906 1253 1074 1284 reclinato.
1110 1252 1187 1283 Nat.
1215 1253 1256 1283 D.
1288 1253 1320 1282 ii.
1350 1253 1402 1282 42.
1439 1252 1480 1281 cf.
1511 1251 1631 1291 fragm.

904 1296 996 1326 Arat.
1020 1297 1093 1326 init.
1118 1301 1152 1326 et
1175 1295 1219 1326 ibi
1245 1295 1378 1325 Gruter.
1404 1305 1434 1335 p.
1458 1296 1553 1325 4264.
1578 1295 1631 1326 ed.

904 1339 1045 1370 GronoV.
1062 1340 1115 1379 qui
1136 1339 1295 1375 ostendit,
1313 1338 1374 1368 hoc
1391 1338 1525 1368 verbum
1549 1338 1633 1368 duo·

906 1380 965 1412 bus
989 1383 1093 1413 modis
1118 1383 1195 1418 dici,
1219 1387 1254 1412 et
1284 1381 1419 1420 quidem
1448 1381 1633 1412 contrariis.

904 1426 956 1456 Sic
973 1436 1024 1466 ap.
1040 1427 1177 1456 Sueton.
1192 1425 1266 1455 Tib.
1279 1425 1385 1454 cervix
1408 1425 1525 1464 obstipa
1541 1428 1575 1454 ct
1590 1424 1633 1454 ri·

905 1468 999 1508 gida:
1024 1469 1079 1499 ubi
1096 1469 1180 1499 male
1205 1468 1418 1498 Casaubonus
1435 1468 1632 1507 interpreta-

901 1519 957 1542 tur
973 1512 1012 1542 de
1030 1513 1135 1552 capite
1151 1511 1192 1541 ad
1211 1517 1333 1541 terram
1356 1511 1473 1540 defixo.
1517 1511 1633 1549 Sequi-

902 1563 958 1585 tur
979 1556 1086 1585 enim:
1118 1554 1188 1585 haec
1211 1555 1323 1584 omnia
1346 1555 1476 1593 ingrata
1489 1561 1523 1583 ct
1539 1563 1628 1583 arro—

901 1599 1023 1639 gantiae
1040 1598 1155 1638 plena:
1181 1597 1269 1637 quod
1286 1607 1351 1627 non
1375 1602 1486 1636 potest
1504 1596 1629 1626 intelli-

901 1643 933 1681 gi
950 1642 1010 1672 nisi
1037 1642 1076 1672 de
1100 1642 1225 1671 cervice
1250 1640 1346 1670 nimis
1371 1639 1540 1670 reclinata.
1585 1640 1630 1670 At

900 1692 1016 1716 contra
1039 1685 1147 1715 cervix
1170 1684 1276 1723 rigida
1297 1694 1348 1723 ap.
1371 1682 1441 1713 Liv.
1462 1693 1557 1713 xxxv.
1577 1685 1627 1714 ll.

899 1735 949 1758 cst
967 1728 1006 1758 de
1023 1729 1114 1767 equis
1132 1726 1366 1762 Numidarum,
1379 1727 1434 1765 qui
1452 1726 1563 1766 capita
1579 1728 1628 1756 ni-

898 1772 960 1802 mis
976 1771 1180 1811 protendunt
1195 1780 1233 1799 ac
1248 1770 1442 1800 demittunt.

946 1814 1098 1851 Obstitus,
1121 1813 1261 1844 fulmine
1284 1819 1406 1843 tactus.
1439 1812 1519 1852 Leg.
1542 1813 1576 1842 ii.
1591 1816 1624 1847 9.

895 1857 1028 1897 fulgura
1051 1861 1149 1896 atquc
1173 1857 1286 1887 obstita
1313 1856 1478 1895 expianto.
1509 1865 1538 1885 v.
1564 1855 1622 1885 Fe-

893 1908 963 1932 stus
981 1901 1013 1931 in
1031 1900 1092 1931 liae
1109 1910 1138 1930 v.
1155 1903 1189 1930 et
1202 1900 1246 1930 ibi
1266 1899 1478 1938 Interpretes.
1523 1898 1621 1928 Sava-

895 1954 930 1975 ro
953 1945 995 1974 ad
1017 1944 1128 1974 Sidon.
1145 1943 1255 1974 Carm.
1273 1943 1316 1972 ix.
1335 1945 1403 1975 189.
1433 1943 1512 1981 (non
1532 1940 1618 1981 180.)

893 1998 991 2026 quem
1008 1987 1121 2017 laudat
1143 1987 1277 2023 Das-ies,
1293 1984 1375 2014 nihil
1398 1984 1437 2014 de
1462 1984 1522 2014 hac
1538 1982 1618 2014 voc'e

893 2031 1005 2068 habet,
1020 2030 1078 2061 sed
1098 2034 1232 2061 tantum
1249 2029 1288 2059 dc
1305 2027 1384 2058 locis
1406 2026 1546 2058 fulmine
1568 2031 1619 2057 ta·

889 2075 951 2105 ctis
968 2074 1048 2113 agit.

938 2117 1132 2157 obstrepere.
1155 2116 1249 2146 Orat.
1263 2115 1309 2145 iii.
1329 2116 1378 2144 13.
1401 2117 1546 2144 oratores
1560 2113 1617 2143 ob-

888 2162 974 2191 scuri
994 2160 1165 2197 dicuntur,
1179 2159 1240 2189 sibi
1263 2158 1324 2198 ipsi
1348 2158 1382 2187 in
1405 2156 1543 2186 dicendo
1565 2157 1617 2186 ob-

886 2208 1035 2243 strepere.
1065 2201 1214 2233 Marcell.
1229 2205 1259 2232 3.
1290 2210 1340 2231 res
1363 2198 1615 2235 clamoremssi·

888 2253 960 2277 tum
984 2247 1117 2286 obstrepi
1140 2245 1308 2275 videntur:
1334 2243 1366 2273 b.
1382 2253 1411 2273 e.
1434 2242 1615 2278 obscurari,

887 2294 926 2320 ut
948 2290 1057 2320 minus
1081 2288 1224 2319 illustres
1246 2287 1338 2324 sint3
1370 2286 1403 2315 in
1427 2295 1492 2324 quo
1512 2285 1615 2315 etiam

888 2333 1065 2364 insolentia
1080 2330 1336 2362 constructionis
1353 2327 1508 2358 notanda.

936 2376 1154 2415 obstringere,
1177 2375 1224 2404 ita
1247 2373 1368 2403 dicitur
1393 2376 1430 2401 ut
1456 2370 1614 2410 obligare.

887 2430 917 2450 v.
933 2419 1090 2458 obligare.
1117 2418 1210 2448 verr.
1227 2417 1248 2447 i.
1265 2419 1295 2446 3.
1322 2413 1501 2445 sceleribus
1517 2423 1550 2444 se
1563 2414 1616 2444 ob-

886 2465 1056 2501 stringere.
1094 2460 1135 2490 ad
1157 2460 1233 2491 Div.
1259 2459 1302 2489 xi.
1333 2461 1380 2489 10.
1415 2466 1479 2487 εει-ε
1506 2456 1615 2486 alieno

885 2506 1080 2544 obstringere
1102 2505 1161 2533 δερ.
1197 2502 1284 2532 ‘Or-
1308 2502 1341 2532 ii.
1365 2500 1418 2531 66.
1454 2500 1549 2530 Verr.
1572 2500 1615 2530 iv.

886 2552 938 2581 51.
967 2547 1125 2586 religione
1148 2546 1342 2584 obstringere
1370 2543 1528 2582 aliquem,
1551 2547 1616 2580 est,

883 2593 1006 2627 facere,
1029 2596 1069 2620 ut
1099 2589 1215 2628 aliquis
1241 2588 1434 2628 religionem
1465 2586 1615 2617 Deorum

883 2634 994 2666 laedat.

932 2676 1120 2712 obstrictus,
1135 2673 1308 2710 obnoxius,
1324 2672 1380 2712 qui
1403 2675 1455 2702 est
1477 2672 1511 2701 in
1535 2671 1618 2701 alte·

884 2722 951 2752 rius
968 2723 1145 2760 potestate.
1173 2716 1254 2748 emi.
1274 2720 1321 2751 19.
1344 2716 1511 2755 oben-ictus
1525 2714 1617 2744 volu·

883 2763 1032 2805 ptatibus
1048 2767 1194 2791 tenetur.
1222 2759 1266 2790 ib.
1282 2760 1335 2790 32.
1358 2758 1542 2794 addictum,
1559 2756 1616 2787 de-

883 2807 1006 2842 ditum,
1021 2805 1206 2835 obstrictum
1222 2802 1312 2833 vobis
1327 2801 1501 2832 habebitis.

929 2848 1122 2887 obstructio,
1147 2846 1187 2881 de
1212 2844 1437 2879 sinulatione.
1468 2844 1557 2874 Sext.
1582 2845 1616 2877 2.

966 2891 1059 2923 an
