1804 3235
647 168 792 197 mnnx
819 166 1185 197 Gnoanrnlct‘s.

195 256 484 298 v'mnharhinm,
507 256 644 288 celebris
668 257 746 287 urbs
771 258 803 287 in
836 257 914 297 llly-

174 301 256 338 eico.
268 302 309 333 ad
326 312 430 340 mare,
445 302 534 333 unde
551 303 584 332 in
602 301 735 332 ltaliam
750 302 912 342 trajectus

173 350 259 377 mt-

529 458 568 490 E.

217 556 407 595 Ecbatana,
421 556 460 588 L.
478 557 594 588 Manu.
605 561 636 589 4.
664 558 782 589 Media·
796 564 910 599 caput,

154 602 263 641 ,quod
286 601 447 641 Tigranes
480 601 548 631 Rex
573 602 738 632 Armenia}
762 604 911 634 tenebat.

172 645 321 676 Armenii
345 646 435 674 enim
460 644 567 674 Medis
585 644 709 684 aliquot
728 647 910 685 provincias

171 688 377 728 eripuerant,
394 693 493 727 atque
517 698 593 718 eum
618 688 667 719 his
684 690 787 719 etiam
806 689 910 720 Ecba·

170 736 264 768 tana,
280 732 384 762 totius
409 731 528 761 Mediae
551 738 664 772 caput.
687 742 716 762 v.
739 733 845 762 Graev.
869 733 911 763 ad

171 773 206 805 h.
222 774 243 806 l.
261 774 371 805 multa
384 775 425 805 de
449 775 510 805 luae
528 776 608 805 urbe
625 775 715 806 lectu
731 776 832 815 ‹lig-na
853 776 910 806 ha-

171 817 228 848 bet
250 817 406 849 Bochart.
437 818 555 856 Geogrr.
578 818 609 848 S.
638 829 669 859 p.
693 819 715 848 i.
741 818 762 849 Ι.
786 819 831 849 ἰίἰ.
862 822 910 850 14.

169 861 228 892 ubi
258 863 348 892 inter
373 862 438 892 alia
459 862 569 898 docet,
597 871 717 892 nornen
745 862 865 893 habere
891 873 911 893 a

170 905 454 936 diversicoloribus
492 906 601 946 pinnis
631 911 760 945 septem
798 916 910 937 muro-

170 958 259 986 rum,
275 949 394 988 quibus
409 949 521 979 cincta
537 949 612 979 suit.

214 993 350 1030 Edessa,
368 993 402 1023 in
426 991 517 1022 Verr.
541 991 596 1022 lib.
620 1003 650 1022 v.
666 995 717 1023 34.
733 993 811 1023 urbs
829 994 910 1024 Sici-

168 1034 223 1066 lie
235 1045 313 1066 cum
330 1041 441 1076 portu,
453 1036 546 1074 cujus
564 1045 663 1066 nemo
679 1043 800 1076 praeter
816 1038 910 1068 Cice-

170 1088 285 1110 ronem
296 1080 502 1109 mentionem
512 1080 602 1110 fecit.
615 1080 679 1110 Sed
689 1080 858 1110 Cluverius
868 1092 908 1112 ex

170 1124 364 1161 conjectura
373 1122 468 1162 legit,
481 1123 628 1153 Graevius
643 1129 756 1154 autem
769 1134 786 1153 e
805 1124 907 1155 Codd.

170 1165 264 1196 Mss.
282 1165 396 1196 Franc.
413 1172 448 1196 et
473 1166 554 1206 Reg.
571 1167 721 1197 restituit
747 1167 907 1207 Odysoeoe,

168 1219 243 1249 quae
264 1209 343 1240 urbs
365 1209 430 1240 fnit
453 1210 495 1239 ad
518 1211 782 1250 promontorium
803 1211 908 1251 Odys-

167 1263 262 1283 seum
280 1257 354 1293 post
371 1253 561 1293 Pachynum
587 1254 619 1283 in
637 1254 773 1284 australi
792 1254 907 1285 latere.

168 1296 232 1327 Sed
247 1295 434 1327 Bochartus
451 1298 570 1336 Geogr.
584 1297 616 1327 S.
634 1307 664 1337 p.
681 1297 715 1327 ii.
732 1297 753 1328 l.
771 1299 791 1328 i.
809 1308 837 1328 c.
855 1300 906 1332 29.

167 1340 328 1377 ostendit,
346 1340 503 1371 Edissam
519 1350 589 1370 esse
606 1341 800 1371 Phoenicum
820 1341 908 1371 colo-

167 1384 272 1419 niam,
289 1384 388 1423 idque
412 1394 533 1414 nomen
555 1394 575 1413 a
596 1384 719 1414 Graecis
735 1390 906 1415 mutatum

167 1427 202 1458 in
233 1426 423 1467 odysseam,
454 1437 520 1457 non
548 1427 812 1466 intelligentibus
839 1429 906 1459 vim

167 1471 325 1506 nominis,
340 1470 429 1510 quod
445 1471 553 1501 locum
567 1472 684 1511 myrtis
695 1471 905 1511 frequentem

167 1514 349 1553 signifieat,
387 1522 423 1544 et
459 1516 668 1554 putantibus,
709 1515 750 1546 ab
790 1515 905 1555 Ulysse

167 1558 306 1594 dictam,
325 1558 381 1597 qui
398 1567 500 1599 prope
515 1568 588 1588 eam
607 1558 754 1589 Hecubae
771 1566 906 1590 cenota-

166 1601 285 1643 phium
298 1602 415 1632 erexit.

210 1645 317 1682 Edui,
333 1655 363 1676 v.
377 1644 501 1677 AEdui.

210 1688 363 1728 Eggyna
385 1698 430 1719 se.
454 1688 583 1726 civitas,
607 1689 641 1719 in
664 1688 758 1720 Vei-r.
782 1689 827 1720 iii.
851 1692 904 1721 43.

165 1731 254 1762 male
269 1742 328 1772 pro
340 1732 504 1771 Engyna,
515 1732 605 1772 quod
619 1733 704 1764 vide.
720 1733 762 1764 ef.
774 1733 905 1764 Cluver.

166 1775 232 1806 Sic.
247 1775 360 1816 Antiq.
377 1777 411 1807 ii.
428 1779 476 1806 ll.

210 1818 355 1857 Eleusis,
371 1829 398 1850 s.
420 1819 575 1857 Eleusin,
592 1819 632 1851 de
654 1820 735 1851 Nat.
758 1820 858 1852 Deor.
882 1821 904 1852 i.

163 1863 219 1894 42.
235 1863 276 1893 ad
293 1863 363 1894 Att.
380 1863 420 1893 vi.
441 1866 467 1893 l.
483 1864 642 1904 oppidum
655 1864 777 1894 Attieae
789 1864 905 1903 Mega-

164 1915 236 1936 rarn
259 1916 384 1945 vei-sm,
400 1907 442 1937 ad
457 1907 608 1938 dextram
628 1908 734 1947 ripam
757 1907 903 1948 Cephisi,

163 1949 419 1981 celeberrimum
444 1952 546 1981 initiis
575 1961 601 1982 s.
629 1953 800 1990 myster-ils.
824 1951 903 1982 Nat.

166 1992 209 2024 D.
231 1994 252 2024 i.
275 1995 328 2024 42.
375 1993 465 2024 Libri
488 1994 623 2033 quidam
642 1995 758 2034 scripti
778 1999 812 2025 et
828 1995 902 2025 edd.

164 2036 290 2067 habent
325 2037 537 2075 Eleusinum,
571 2042 610 2069 ut
646 2038 718 2068 aliis
751 2045 902 2069 veterum

163 2081 365 2120 scriptorum
397 2081 498 2112 locis:
531 2082 588 2112 sed
613 2091 688 2112 eam
714 2082 904 2112 terminati-

164 2133 262 2154 onem
277 2124 444 2155 Ciceronis
459 2126 609 2162 aevojam
627 2126 785 2156 usitatam
802 2126 903 2156 fuisse

164 2168 286 2199 merito
309 2168 441 2199 dubitat
463 2169 636 2200 Drakenb.
659 2169 701 2200 ad
723 2168 794 2200 Liv.
814 2170 902 2200 xxxi.

209 2254 495 2286 Eleutlaerom'h'ces
521 2255 563 2285 ad
589 2255 692 2286 Attio.
718 2267 747 2287 v.
778 2257 831 2287 90.
861 2256 903 2287 ad

165 2297 242 2328 niv.
257 2309 309 2329 xv.
323 2301 355 2330 4.
373 2299 486 2339 populi
509 2299 634 2330 Ciliciae
656 2300 763 2337 liberi,
779 2301 902 2331 Graecis

164 2342 268 2372 etiam
297 2341 476 2386 ἔλενθεςίταιι
504 2342 598 2380 dieti,
623 2343 662 2373 de
688 2344 807 2382 quibus
837 2344 902 2375 vid.

163 2385 289 2426 Spanh.
306 2386 339 2416 in
355 2388 442 2417 Orbe
457 2386 554 2417 Rom.
574 2397 680 2417 exerc.
705 2387 739 2417 ii.
756 2397 784 2418 c.
806 2390 853 2417 ll.
869 2398 903 2428 p.

165 2438 211 2459 m.
235 2431 308 2460 231.
325 2439 372 2469 sq.
389 2429 428 2459 de
445 2429 515 2459 Usu
531 2434 565 2460 et
582 2430 632 2460 Pr.
650 2430 752 2461 Num.
772 2441 804 2471 p.
828 2435 902 2465 785.

165 2473 222 2503 ubi
239 2473 280 2503 de
295 2478 368 2504 toto
387 2473 449 2503 hoc
464 2483 584 2512 genere
601 2474 801 2515 populorum
817 2474 902 2514 Imp.

164 2515 261 2547 Rom.
278 2516 456 2547 liberorum
472 2518 555 2556 agit.

210 2560 298 2597 Elis,
315 2560 357 2590 ad
380 2560 455 2591 Div.
479 2561 546 2591 xiii.
570 2561 622 2591 26.
642 2561 719 2591 urbs
742 2560 902 2601 Pelopon-

164 2604 248 2640 nesi,
271 2613 292 2634 a
313 2613 379 2643 qua
400 2608 435 2634 et
458 2604 530 2643 'ipsa
551 2605 642 2640 regio
668 2605 744 2635 Elis
766 2605 902 2642 dieitur,

165 2647 253 2676 unde
269 2646 355 2684 Elii,
372 2646 412 2676 (le
430 2647 504 2678 Div.
522 2648 555 2677 ii.
576 2650 624 2678 1⁶2.

209 2690 354 2727 Elorini‚
372 2690 404 2720 in
422 2690 514 2721 Verr.
531 2691 586 2721 lib.
604 2691 649 2722 iii.
665 2693 718 2722 453.
731 2691 771 2721 ab
782 2690 903 2732 oppido

163 2733 268 2766 Etoro
300 2733 434 2772 Siciliae,
465 2735 566 2773 juxta
604 2735 742 2765 fluvium
781 2744 903 2774 eogno-

165 2785 302 2808 minem.

208 2820 401 2858 Emathius,
418 2820 458 2851 de
475 2820 555 2861 Leg.
570 2821 605 2852 ii.
622 2824 652 2851 3.
676 2821 717 2852 ab
733 2821 902 2859 Emathia,

163 2873 237 2903 quae
255 2864 452 2894 Macedonia
466 2870 517 2896 est
533 2866 671 2904 antiquo
687 2866 832 2894 nomine.

207 2907 360 2947 Engyni,
377 2909 411 2938 in
432 2908 525 2938 Verr.
547 2909 594 2938 iii.
610 2911 663 2938 43.
686 2909 726 2937 iv.
749 2911 802 2938 44.
819 2909 856 2938 it.
871 2918 903 2938 v,

104 2987 110 2993 ‚
124 2964 147 2984 ,ε
160 2948 216 2985 w.
232 2951 349 2982 incolae
363 2951 477 2992 oppidi
493 2952 611 2992 Engyi
623 2952 658 2982 in
674 2951 788 2983 Sicilia
799 2951 904 2982 medi-

1635 162 1694 199 43,

958 260 1121 287 terram-a.
1165 257 1301 288 Dicitur
1333 262 1367 288 ot
1398 260 1553 291 scribitur
1587 261 1689 292 etiam

956 299 1133 337 Engninm
1150 307 1185 330 et
1201 301 1366 338 Engvini.

1000 343 1116 380 Enna,
1149 344 1181 373 iu
1220 343 1365 374 errinis
1397 354 1497 384 saepe,
1530 347 1687 386 oppidum

956 385 1075 416 Siciliae
1099 386 1365 422 celeberrimum,
1391 397 1491 427 prope
1520 390 1605 426 qnod
1633 401 1690 420 ue-

956 439 1029 460 uius
1046 435 1110 464 est.
1126 440 1165 459 ex
1190 440 1254 468 quo
1278 438 1373 468 rapt-‘1
1396 431 1587 470 Proserpina
1609 433 1690 463 ‹livi-

953 477 1020 502 tur.
1044 473 1108 502 vid.
1134 473 1179 502 iii.
1202 476 1254 502 4³.
1285 474 1394 503 ·()vitl.
1415 474 1552 504 Metam.
1570 485 1597 504 v.
1616 480 1688 506 325.

953 515 1042 545 unde
1060 516 1158 545 Ceres*
1182 516 1225 546 ibi
1250 518 1416 556 principun
1439 517 1595 555 religione
1611 519 1689 548 coli-

953 564 1019 589 tur.
1036 569 1066 589 v.
1082 559 1174 589 verr.
1192 560 1238 590 iii.
1258 563 1310 593 49.
1332 570 1404 599 quw
1427 567 1599 600 propterea
1616 562 1689 592 En-

954 604 1059 631 nensae's
1091 604 1183 633 (ἕν-οε
1209 603 1342 634 divitur.
1378 603 1455 640 Ejus
1484 605 1610 633 nwntio
1635 615 1688 645 ap.

955 645 1197 677 Callimachum
1245 647 1277 676 iu
1317 647 1484 682 seren-m,
1522 647 1564 676 ad
1604 658 1634 686 q.
1666 648 1688 679 1.

953 689 1130 729 Spanhem.
1168 699 1243 719 eum
1282 689 1321 720 de
1353 690 1517 720 sorilwndi
1548 692 1687 727 rationo,

953 742 1033 763 num
1062 733 1285 773 adspiratione
1311 733 1521 763 scribendum
1547 734 1603 770 sit,
1627 744 1688 764 noc

953 785 1007 812 ne,
1032 782 1106 806 tum
1131 777 1170 806 de
1199 777 1270 816 ipsa
1295 777 1374 806 urbe
1402 776 1516 807 multis·
1543 777 1686 808 disserit.

953 819 1039 849 conf.
1069 819 1184 850 Heim.
1211 825 1246 849 et
1269 819 1384 850 Burm.
1411 820 1453 850 ad
1479 820 1573 850 Ovid.
1606 820 1626 850 1.
1656 831 1685 851 e.

952 862 1001 892 Ab
1021 863 1114 892 Enna
1129 863 1288 893 dicuntur
1307 864 1477 894 Ennenses
1492 864 1526 894 in
1543 863 1689 895 Veri-inis

952 911 987 936 et
1009 906 1171 936 Eunense‘s
1187 916 1279 945 ager.

995 949 1171 985 Entelliui‚
1190 951 1223 979 iu
1247 949 1338 980 Vm.
1355 950 1410 980 lib.
1428 951 1472 980 iii.
1494 953 1546 980 43.
1570 950 1687 982 incolae

951 993 1063 1032 oppidi
1080 994 1224 1024 Entella·
1240 993 1273 1023 in
1290 993 1401 1023 Sicilia
1416 994 1457 1024 ad
1475 994 1681 1025 Crimissum.

994 1037 1167 1075 Epictetus
1187 1037 1229 1067 ad
1250 1037 1324 1067 Div.
1348 1038 1394 1067 iii.
1417 1047 1468 1077 ep.
1495 1040 1542 1067 10.
1565 1037 1688 1068 dicitu(-

951 1079 1092 1119 Phrygia
1124 1081 1203 1110 min.
1250 1080 1313 1110 Sed
1344 1080 1475 1110 Manut.
1505 1086 1538 1110 et
1570 1080 1687 1113 Lamb.

950 1123 1032 1153 illud
1052 1124 1187 1154 verbum
1210 1134 1286 1155 cum
1310 1123 1436 1154 duobus
1459 1125 1687 1155 antecedenti-

950 1167 1010 1196 bus
1027 1166 1173 1196 deletum
1190 1167 1317 1197 volunt.

993 1210 1203 1249 Epidaurus,
1221 1211 1300 1240 urbs
1315 1210 1490 1249 Argolicus.

992 1253 1203 1292 Epiplmnea‚
1220 1253 1262 1283 ad
1288 1254 1363 1283 Div.
1390 1264 1440 1284 xv.
1466 1257 1498 1284 4.
1522 1253 1684 1294 oppidum

950 1296 1074 1327 Ciliciae
1099 1297 1140 1326 ad
1156 1297 1322 1327 Amanum
1339 1303 1501 1334 montem,
1518 1297 1684 1328 diversum

948 1340 989 1370 ab
1012 1350 1063 1376 eo,
1081 1340 1168 1378 quod
1186 1341 1275 1370 inter
1297 1340 1496 1371 Arethusam
1519 1346 1554 1371 et
1575 1340 1686 1372 Laris-

948 1393 1018 1413 sam
1036 1384 1136 1423 Syriae
1152 1384 1227 1414 suit.
1245 1383 1329 1414 Plin.
1345 1393 1374 1413 v.
1391 1385 1444 1414 23.

991 1427 1133 1466 Epirus,
1177 1428 1266 1465 regio
1311 1427 1460 1464 Graeciae,
1504 1427 1545 1466 ad
1594 1437 1685 1458 mare

948 1469 1091 1501 Ionium.
1106 1471 1195 1500 unde
1212 1471 1412 1510 Epiroticas,
1425 1470 1467 1500 ad
1482 1470 1584 1501 Attic.
1600 1473 1621 1501 i.
1639 1474 1669 1502 5.

990 1514 1169 1553 Eporedia,
1203 1514 1244 1544 ad
1279 1515 1353 1545 Div.
1388 1514 1431 1544 xi.
1464 1516 1516 1546 20.
1554 1514 1685 1545 colonia.

947 1556 1173 1587 Romanorum
1190 1559 1222 1587 in
1238 1557 1475 1597 Transpadana
1496 1557 1614 1595 Gallia,
1634 1558 1685 1588 Si-

946 1601 1078 1640 byllinis
1094 1601 1184 1631 libris
1206 1611 1226 1631 a
1247 1611 1323 1641 pop.
1346 1600 1440 1631 Rom.
1463 1601 1560 1632 condi
1574 1602 1682 1640 jussa,

946 1645 980 1674 in
997 1644 1146 1675 faucibus
1166 1644 1369 1675 Salassorum
1388 1644 1480 1675 vallis
1500 1645 1587 1675 inter
1602 1644 1682 1674 Ver-

947 1687 1045 1718 cellas
1061 1693 1096 1718 et
1113 1688 1300 1718 Vitricium.
1322 1688 1362 1718 de
1376 1687 1503 1718 diversa
1517 1688 1682 1718 scribendi

947 1732 1074 1761 ratione
1097 1742 1127 1762 v.
1143 1731 1237 1762 Viros
1259 1731 1373 1762 doctos
1389 1731 1432 1761 ad
1456 1731 1578 1762 Anton.
1601 1731 1682 1762 ltin.

946 1785 979 1815 p.
999 1778 1073 1806 345.

989 1819 1152 1858 Ephesus,
1170 1818 1374 1849 nobilissima
1395 1817 1496 1848 Ioniae
1521 1821 1556 1848 et
1577 1817 1684 1848 totius

945 1861 1031 1893 Asiae
1048 1863 1138 1900 urbs,
1150 1863 1268 1893 Diauae
1281 1861 1405 1902 templo
1421 1862 1456 1892 in
1468 1862 1583 1902 primis
1596 1861 1683 1891 cele-

948 1906 1054 1936 brata.

990 1949 1243 1989 Equustuticus,
1260 1949 1302 1979 ad
1324 1948 1395 1979 Att.
1416 1948 1458 1978 vi.
1480 1951 1509 1979 l.
1530 1947 1607 1978 urbs
1626 1957 1682 1978 ex-

946 1993 1024 2029 igua
1043 1992 1171 2032 Apuliae
1189 1993 1222 2022 in
1242 1992 1324 2022 colle
1343 1993 1419 2029 sita,
1435 1992 1558 2022 dicitur
1577 1991 1682 2022 etiam

944 2035 1100 2076 AEquum
1129 2036 1296 2073 Tuticum,
1316 2037 1397 2066 item
1424 2035 1578 2066 Tuticum
1602 2035 1682 2065 sim·-

945 2079 1085 2119 plieiter.
1102 2089 1132 2110 v.
1148 2079 1344 2118 wesseling.
1356 2079 1398 2109 ad
1413 2078 1492 2108 ltin.
1507 2079 1631 2109 Auton.
1647 2087 1682 2118 p.

988 2167 1124 2205 Erana,
1140 2166 1182 2197 ad
1204 2166 1280 2198 Div.
1304 2174 1356 2196 xv.
1377 2167 1410 2196 4.
1439 2164 1531 2196 vicus
1555 2163 1683 2195 Cilicia

946 2210 980 2240 in
996 2210 1137 2240 Amano.

988 2254 1156 2290 Ereti-ias,
1179 2253 1280 2284 Aead.
1300 2252 1364 2292 Qu.
1387 2252 1430 2282 iv.
1452 2252 1506 2283 42.
1529 2251 1570 2282 ab
1593 2250 1683 2282 Ere*

946 2298 1025 2334 tria,
1043 2297 1122 2327 urbe
1140 2297 1284 2328 Euboeae.

989 2341 1176 2378 Ereti-iem,
1189 2340 1288 2371 Tusc.
1304 2339 1372 2379 Ωιι.
1387 2349 1418 2370 ν.
1435 2341 1488 2370 38.
1504 2338 1545 2368 ab
1564 2336 1683 2369 eadem

944 2384 1037 2414 urbe.

989 2428 1122 2466 Erycus
1142 2437 1249 2464 mons,
1269 2427 1302 2457 in
1322 2425 1416 2457 Verr.
1435 2424 1493 2456 lib.
1516 2425 1550 2455 ii.
1573 2427 1604 2456 8.
1625 2427 1681 2459 47.

946 2471 1179 2501 celeberrimus
1192 2471 1327 2501 Veneris
1341 2470 1498 2508 Eryeiuoe
1511 2468 1683 2507 religione,

946 2525 1018 2554 quae
1034 2524 1120 2554 soepe
1138 2514 1171 2544 in
1186 2514 1334 2544 verrinis
1346 2517 1560 2544 memoratur.
1585 2512 1683 2541 Cete-

946 2568 1019 2588 rum
1042 2558 1095 2587 hie
1120 2567 1213 2587 mons
1232 2558 1330 2597 Eryx
1352 2557 1462 2597 potius
1486 2555 1682 2585 nominatur

945 2607 979 2632 et
1003 2601 1172 2640 Ewy1·in11s
1195 2611 1294 2639 quam
1319 2600 1474 2639 Evycus:
1500 2598 1587 2628 unde
1611 2597 1682 2629 Viri

945 2645 1034 2675 docti
1059 2650 1237 2684 reponunt,
1253 2649 1389 2674 auctore
1409 2643 1510 2673 etiam
1527 2641 1682 2678 Asconio,

947 2688 1148 2727 Eryn'nnm,
1173 2687 1260 2726 quod
1285 2696 1400 2717 verum
1430 2690 1494 2723 est,
1516 2684 1568 2714 vel
1591 2685 1681 2724 Ery-

944 2734 1042 2763 cium.
1087 2731 1127 2760 ln
1143 2731 1215 2761 aliis
1231 2735 1346 2762 tamen
1361 2730 1464 2760 etiam
1477 2728 1566 2758 libris
1580 2729 1683 2758 iuter-

945 2776 1023 2806 dum
1038 2775 1108 2805 lure
1121 2773 1227 2804 forma
1238 2774 1415 2804 invenitur.
1438 2771 1616 2801 Salmasius
1629 2781 1682 2811 ap.

946 2819 1030 2849 Flor.
1055 2819 1088 2849 ii.
1116 2819 1147 2848 2.
1174 2818 1209 2847 in
1236 2817 1424 2848 Nazariano
1451 2815 1530 2845 (jod.
1556 2815 1684 2844 invenit

945 2863 1057 2902 Eryco
1069 2871 1128 2902 pro
1139 2853 1263 2900 Eoyce,
1279 2860 1377 2899 idque
1394 2858 1605 2890 retinendum
1621 2865 1682 2897 pu-

945 2910 1007 2936 tat.
1032 2905 1117 2935 Item
1130 2904 1279 2935 Gra-vius
1290 2905 1324 2934 in
1337 2903 1520 2943 RyckianO.
1539 2901 1683 2940 Bega-rus

947 2950 997 2980 ita
1025 2949 1129 2979 etiam
1159 2947 1275 2980 edidit.
1319 2947 1384 2978 Sed
1422 2945 1577 2986 rejiciunt
1609 2953 1686 2976 eam
