1800 3131
192 91 272 128 126

231 187 359 226 Mucia,
370 186 463 219 verr.
480 187 513 220 ii.
530 191 582 221 21.
587 188 700 229 sescus
714 191 780 222 dies
790 193 826 222 in
836 192 918 223 Asia

187 232 360 263 institutus
388 233 424 263 in
455 234 604 264 honorem
634 235 677 276 Q.
712 235 830 274 Mucii,
860 237 917 276 qui

186 275 302 306 Asiam
316 277 495 316 (equissimo
510 279 642 317 imperio
655 285 798 310 rea-erat.

227 319 356 358 Mucia,
373 320 415 350 ad
436 321 513 351 Div.
533 331 564 350 v.
588 323 618 352 2.
648 323 719 352 Att.
736 323 758 353 i.
778 324 826 354 12.
853 322 914 352 Cn.

185 361 334 403 Pompeii
362 374 458 401 uxor,
482 365 538 403 qui
563 375 639 395 cum
670 377 710 396 ea
733 366 912 396 divortium

182 405 276 437 feeit.
306 407 445 447 Nepotis
477 414 511 438 et
543 409 666 439 Celeris
696 409 912 440 Metellorum

181 458 283 480 soror.
310 461 412 491 quare
438 453 485 481 ita
509 452 651 490 dicatur,
671 454 815 493 disputat
835 452 912 483 Ma-

181 498 254 523 nat.
271 495 317 524 ad
329 504 376 534 ep.
395 497 425 525 2.
440 496 485 525 ad
500 496 579 525 De'v.
595 498 616 525 l.
633 507 662 526 v.

225 536 358 575 Mueioe,
375 538 470 568 Brut.
489 542 539 569 53.
562 539 675 570 Laeliae
700 539 736 570 C.
760 539 795 569 F.
819 539 910 578 filiae,

180 577 219 611 L.
237 579 330 611 Laelii
346 588 473 622 neptes.

226 624 270 654 P.
287 625 420 655 Mucius
436 626 589 663 Sem-ola,
608 625 651 655 P.
676 624 712 655 F.
736 625 780 665 Q.
800 626 848 656 N.
867 626 911 657 P.

183 665 287 699 Przm.
304 669 453 698 Herenn.
471 669 503 698 ii.
518 673 566 699 ls.
591 670 648 698 Or.
665 669 699 697 ii.
716 668 746 698 6.
766 671 814 700 12.
839 669 910 700 Fiu.

180 710 215 740 ii.
237 712 285 742 16.
316 711 406 741 Trib.
429 711 474 752 pl.
498 712 642 742 Consule
660 712 815 751 Caepione
833 713 911 751 fert,

179 759 220 784 ut
250 755 290 784 de
317 755 450 785 Tubulo
479 765 659 794 quaeratur.
691 757 761 787 Att.
791 757 847 787 xii.
880 760 909 788 5.

179 799 299 836 quibus
330 798 420 828 Coss.
451 799 607 829 tribunus
637 800 750 829 fuerit.
787 805 912 840 praetor

177 841 243 870 fuit
260 842 292 870 P.
311 841 408 871 Furio
423 846 458 871 et
473 844 563 873 Sext.
578 843 681 873 Atilio
699 844 790 874 Coss.
808 845 909 875 Doin.

178 887 230 915 53.
255 885 407 915 Pontifex
423 885 470 915 M.
486 886 581 917 Brut.
598 889 650 918 2⁴6.
671 891 788 917 acutus
805 893 838 917 et
855 898 910 917 co-

178 929 289 967 piosus
307 934 429 959 orator.
459 929 552 960 Verr.
569 931 610 960 iv.
627 933 679 965 49.
711 930 749 960 L.
769 931 908 971 Calpur-

179 972 227 1001 nii
252 971 388 1011 Collega
413 974 446 1003 in
477 974 651 1004 Consulatu
678 984 709 1004 a.
743 974 783 1005 U.
807 983 908 1005 ncxx.

178 1015 279 1045 Dom.
312 1019 364 1046 34.
387 1017 521 1055 segnior
550 1018 583 1047 in
612 1017 739 1057 republ.
767 1019 912 1057 gerenda

178 1063 329 1099 putatur.
357 1059 489 1090 Nasicae
515 1061 645 1091 factum
667 1061 754 1091 SCto
779 1062 909 1102 probat.

177 1102 219 1132 cf.
238 1102 349 1134 Plane.
366 1105 418 1134 36.
443 1105 499 1135 Or.
518 1105 539 1135 i.
555 1108 608 1136 48.
624 1108 675 1136 50.
699 1107 826 1145 optimc
842 1106 910 1146 pila

176 1152 212 1176 et
242 1146 418 1177 duodecim
447 1149 580 1188 scriptis
606 1148 697 1179 lusit.
734 1149 910 1180 Laudatur

169 1194 333 1230 prceterea
349 1191 413 1221 Off.
430 1193 464 1222 ii.
485 1196 534 1223 13.
557 1192 628 1222 Att.
645 1193 702 1222 xii.
717 1196 749 1223 4.
772 1193 852 1224 Nat.
866 1195 909 1224 D.

176 1233 222 1263 iii.
246 1236 277 1265 2.
307 1235 408 1265 Dom.
434 1239 486 1267 53.
512 1236 629 1276 Topic.
656 1240 687 1267 4.
711 1240 741 1267 8.
764 1238 806 1267 ad
831 1238 909 1268 Div.

176 1277 232 1307 vii.
251 1280 300 1308 10.
318 1280 370 1310 22.
388 1279 448 1310 &c.
472 1280 540 1311 Hic
554 1285 601 1310 est
617 1281 656 1317 is,
671 1282 739 1320 qui,
755 1286 792 1311 ut
809 1281 910 1311 Pom-

168 1322 287 1362 ponius
307 1323 369 1360 ait,
387 1325 519 1363 primus
531 1322 594 1365 jus
624 1325 722 1355 Civile
731 1324 910 1365 simulavit,

176 1366 233 1405 qui
250 1366 383 1405 pri-mus
398 1369 483 1398 hanc·
495 1369 662 1399 scientiam
685 1369 719 1398 in
729 1367 910 1408 familiam

176 1408 328 1439 Blucium
356 1412 484 1441 intulit·
522 1411 616 1442 Duos
632 1411 768 1451 fiutres
795 1414 911 1444 habuit

173 1453 251 1482 item
268 1453 383 1492 JCtos,
399 1455 433 1485 P.
453 1455 609 1485 Crassum
625 1455 838 1495 Mucianum,
851 1458 909 1488 Or.

174 1497 197 1526 i.
222 1500 274 1531 37.
305 1496 402 1529 Brut.
433 1500 484 1530 26.
511 1504 547 1530 et
575 1500 617 1539 Ω.
646 1509 830 1539 augurem:
854 1501 911 1531 sed

174 1541 261 1570 hunc
276 1544 408 1572 tantum
414 1545 600 1583 patruelem
611 1555 621 1572 :
637 1543 722 1583 quod
731 1544 908 1575 tenemium

172 1589 218 1614 est
232 1586 408 1623 legentibus
424 1592 534 1618 uota-m
556 1587 678 1617 Groem'z‘
692 1588 738 1617 ad
756 1588 796 1618 de
814 1587 907 1629 Qffic.

172 1629 207 1657 ii.
229 1631 276 1659 13.
307 1628 423 1671 Hujus
442 1631 477 1660 P.
495 1630 542 1661 fil.
557 1630 598 1670 Ω.
619 1631 706 1661 Asiae
723 1630 909 1662 Proconsul

172 1673 272 1702 etiam
295 1673 404 1705 JCtus
415 1674 504 1713 fuit.
532 1675 571 1704 de
593 1684 704 1704 eorum
725 1674 906 1714 Jurz'spru-

172 1716 284 1746 dentia
307 1722 339 1747 et
359 1719 558 1758 qoinionibus
573 1722 664 1749 extat
679 1718 844 1749 Balduini
867 1721 907 1749 li-

172 1759 275 1790 bellus
289 1760 327 1790 de
340 1762 439 1793 duris
455 1762 567 1792 Prud.
581 1762 753 1793 Mcciana.
771 1763 845 1793 vide
866 1764 906 1793 de

169 1803 212 1833 iis
226 1805 325 1834 etiam
341 1803 498 1847 Pompon.
520 1805 615 1845 Orig.
631 1806 712 1837 Jur.
730 1808 760 1844 ξ.
777 1809 830 1841 39.
852 1809 906 1838 41.

170 1851 203 1877 et
218 1847 260 1877 ibi
276 1847 364 1887 Κεφ.

214 1890 259 1921 Ρ.
284 1890 430 1930 Alia-ius,
446 1892 491 1923 P.
520 1893 557 1923 F.
579 1893 622 1934 Q.
651 1893 700 1924 N.
726 1893 771 1924 P.
798 1893 904 1925 Pron.

169 1932 266 1964 Brut.
295 1936 347 1966 56.
374 1936 479 1966 frater
503 1937 539 1966 P.
567 1937 696 1967 Crassi:
721 1938 792 1977 ejus
817 1937 904 1969 libri.

170 1977 236 2009 Est
252 1979 288 2008 P.
306 1979 443 2010 Crassus
459 1981 651 2019 Mucianus,
665 1982 704 2011 de
713 1991 774 2021 quo
784 1990 901 2021 supra,

156 2020 279 2062 frater
306 2023 352 2054 P.
375 2023 483 2054 M‘uci'z
508 2027 688 2064 naturalis,
713 2026 780 2056 vid.
806 2025 903 2057 Brut.

169 2066 222 2097 26.

213 2110 257 2150 Q.
277 2109 423 2149 Mucius,
439 2112 530 2142 Sext.
554 2114 607 2144 21.
630 2112 719 2143 solus
735 2113 770 2143 in
787 2113 904 2144 Castra

168 2152 322 2185 Porsenae
345 2155 451 2194 venit,
467 2165 611 2196 eumque
635 2157 826 2187 interficere
849 2167 903 2187 co-

166 2201 279 2228 natur.

211 2241 256 2282 Q.
280 2241 427 2280 Μιιοῖιιε,
451 2244 496 2284 Q.
521 2243 560 2274 F.
583 2243 627 2285 Q.
655 2244 704 2274 Ν.
728 2243 772 2275 Ρ.
797 2243 902 2275 Pron.

166 2282 263 2315 Brut.
290 2286 342 2315 26.
374 2295 492 2326 augur.
521 2287 560 2317 de
587 2292 692 2327 repet.
719 2292 837 2318 contra
861 2289 902 2319 T.

167 2327 347 2358 Albucium
365 2329 460 2360 dixit.
475 2331 611 2361 Amicit.
632 2335 659 2361 l.
676 2340 779 2370 gener
792 2332 900 2363 Laelii.

167 2371 210 2401 ad
232 2381 311 2401 eum
334 2382 448 2403 senem
474 2374 652 2405 deducitur
669 2375 786 2405 Cicero
803 2371 901 2416 puer-,⁹

167 2416 224 2453 qui
251 2425 424 2454 nunquam
449 2417 489 2447 ab
513 2419 584 2456 ejus
609 2418 714 2448 latere
737 2418 899 2450 discessit.

172 2458 290 2489 Consul
290 2458 369 2498 suit
384 2470 464 2490 own.
482 2469 648 2492 ncxxxvr.
671 2462 765 2493 Balb.
781 2465 833 2494 20.
859 2463 899 2493 de

156 2502 238 2540 jure
263 2503 474 2542 praediatorio
502 2514 568 2535 non
596 2506 787 2546 respondet.
813 2506 898 2537 Phil.

164 2546 234 2576 viii.
255 2549 304 2577 10.
338 2547 426 2577 bello
449 2548 594 2578 Marsico
619 2549 715 2579 valde
737 2559 839 2580 senex
863 2555 899 2581 et

166 2589 333 2628 infirmus,
357 2595 473 2621 tamen
505 2593 667 2631 quotidie,
692 2593 897 2633 simulatque

164 2631 306 2671 luceret,
323 2635 494 2665 conveniri
507 2640 653 2676 poterat,
669 2641 704 2667 et
718 2637 844 2676 primus
862 2638 898 2668 in

165 2677 259 2706 curia
274 2682 356 2706 erat.

207 2720 252 2761 Q.
267 2719 409 2759 Μαρίας,
427 2720 471 2752 P.
490 2723 528 2754 F.
547 2723 591 2753 P.
610 2723 658 2754 N.
678 2722 733 2761 &a
756 2725 851 2755 Offic.
873 2725 895 2756 i.

164 2765 218 2794 32.
249 2765 370 2803 injure
385 2764 473 2795 civili
491 2766 659 2797 excelluit.
678 2768 712 2798 ii.
742 2769 792 2798 16.
824 2778 897 2798 om-

162 2807 259 2837 nium
283 2808 582 2847 moderatissimus,
607 2820 684 2841 cum
708 2811 746 2842 L.
776 2812 895 2843 Crasso

164 2850 331 2893 aedilitate,
344 2851 481 2883 functus
504 2860 567 2890 est,
584 2858 614 2884 et
637 2856 767 2895 reliquis
788 2857 894 2895 magi-

160 2895 315 2927 stratibus
336 2900 461 2936 praeter
489 2898 693 2930 tribunatum
719 2904 749 2930 et
777 2898 894 2932 Censu-

714 103 860 131 INDEX
890 103 1171 132 nisi-omens.

961 201 1047 222 ram.
1077 191 1171 223 Verr.
1195 190 1228 221 ii.
1257 192 1305 220 lo.
1336 189 1484 221 Africam
1502 190 1690 230 justissime

961 236 1058 265 rexit.
1098 236 1164 274 sed,
1196 234 1267 264 Att.
1298 244 1327 263 v.
1362 237 1410 268 17.
1449 233 1535 265 solos
1568 245 1688 266 noveru

961 288 1102 309 menses.
1132 289 1162 308 v.
1180 278 1305 308 Mucia.
1322 277 1363 307 ad
1381 278 1457 307 Div.
1474 278 1496 308 i.
1509 283 1545 312 ,9.
1572 279 1687 310 Plane.

963 325 1013 353 13.
1050 321 1243 362 publicanos
1274 321 1425 350 inimicos
1456 320 1568 359 habet,
1598 323 1687 362 quod

959 375 1015 395 eos
1033 366 1067 396 in
1092 366 1260 405 provincia
1286 369 1488 394 c‹›i}1·cuerat.
1513 365 1548 394 in
1573 365 1687 397 Caecil.

963 411 1012 442 17.
1037 419 1095 448 pro
1113 414 1252 449 praetore
1269 409 1457 447 justissimo
1477 418 1600 438 nomen
1615 409 1687 447 ejus

958 452 1091 482 dicitur.
1106 452 1213 482 Amic.
1237 456 1262 482 l.
1280 452 1432 481 Pontifex
1456 452 1503 482 M.
1528 452 1585 482 Or.
1609 452 1629 482 i.
1655 456 1688 484 3.

951 496 1037 534 juris
1054 496 1235 534 peritorum
1259 495 1552 534 eloquentissimus
1569 500 1603 525 et
1619 494 1689 526 elo-

957 539 1134 577 quentium
1154 539 1241 578 juris
1264 540 1495 579 peritissimus.
1521 539 1563 569 cf.
1590 539 1688 570 Brut.

958 584 1010 616 39.
1027 582 1123 612 offic.
1140 583 1188 612 iii.
1210 586 1258 612 ll.
1279 586 1326 612 15.
1356 584 1391 612 in
1409 582 1592 613 Consulatu
1611 592 1687 612 cum

961 626 1082 661 Crasso,
1098 635 1129 655 α.
1148 634 1288 655 nemin.
1304 625 1412 665 legem
1429 626 1578 667 Muciam
1599 625 1688 656 Lici-

956 669 1047 699 niam
1064 668 1154 699 tulit.
1171 680 1202 699 v.
1220 669 1293 699 Itzd.
1311 669 1416 708 Legg.
1442 670 1536 700 Brut.
1554 673 1606 704 89.
1632 669 1687 700 Ci-

957 713 1085 743 ceronis
1101 713 1136 742 in
1146 712 1228 742 Jure
1247 712 1316 742 civ.
1333 722 1528 753 praeeeptor.
1542 714 1574 743 S.
1587 713 1685 744 Rosc.

960 759 1010 788 12.
1035 757 1070 786 iu
1087 756 1204 786 funere
1229 755 1328 785 Marii
1353 766 1372 785 a
1394 756 1431 786 C.
1454 756 1598 787 Fimbria
1613 756 1686 786 ml-

957 806 1105 831 neratur.
1122 800 1202 831 Nat.
1225 800 1269 830 D.
1294 799 1341 829 iii.
1364 802 1417 830 32.
1448 805 1526 829 ante
1549 800 1686 830 simula-

957 854 1049 874 crum
1080 844 1190 874 Vestae
1222 843 1422 880 trucidatur,
1450 852 1495 872 sc.
1526 843 1561 873 in
1593 844 1689 875 curin.

955 887 1101 917 Hostilia
1116 898 1135 917 a
1148 888 1354 927 Damasippo
1369 891 1522 926 praetore.
1547 886 1632 917 Veli.
1649 887 1683 917 ii.

956 932 1008 962 26.
1040 931 1106 961 huc
1122 931 1294 971 pertinent
1310 930 1384 960 loca
1399 930 1442 959 ad
1457 930 1529 960 Att.
1546 930 1592 961 ix.
1611 933 1660 961 18.

997 974 1041 1015 Q.
1057 974 1198 1011 Mucius,
1215 975 1257 1015 Q.
1277 974 1314 1004 F.
1338 975 1382 1015 Q.
1402 974 1450 1004 N.
1469 974 1508 1004 de
1531 975 1586 1004 Ιιοε
1607 983 1685 1015 cape

955 1017 998 1047 ad
1013 1019 1088 1048 Div.
1106 1018 1151 1048 iii.
1170 1022 1199 1049 5.
1227 1019 1298 1048 Att.
1320 1018 1362 1048 iv.
1391 1019 1439 1048 16.
1461 1017 1616 1048 tribunus
1639 1018 1685 1058 pl.

953 1062 1159 1096 Ahenobarbo
1173 1066 1203 1092 et
1218 1062 1318 1101 Appio
1335 1061 1480 1091 Pulchro
1502 1061 1579 1092 Coss.
1598 1063 1684 1102 opti-

956 1106 1099 1135 matium
1117 1105 1263 1144 partium
1276 1105 1439 1134 defensor.
1458 1105 1499 1135 cf.
1517 1104 1557 1145 Ω.
1571 1105 1622 1136 Fr.
1636 1106 1682 1135 iii.

955 1151 985 1179 2.
1004 1152 1033 1179 3.
1052 1149 1085 1179 ii.
1112 1149 1174 1178 ult.
1194 1158 1225 1178 v.
1245 1149 1387 1187 Pighius
1399 1149 1443 1178 ad
1464 1159 1518 1179 cm.
1538 1157 1681 1179 ncxmx.

954 1192 1013 1223 Ex
1036 1194 1084 1223 liis
1094 1192 1201 1232 J'curile
1215 1192 1401 1222 Illuc-iorum
1415 1197 1551 1223 stemma
1572 1193 1684 1233 conjici

946 1238 1077 1277 poterit,
1094 1237 1177 1276 qaod
1190 1237 1318 1275 digessit
1331 1241 1424 1274 recte,
1437 1246 1511 1266 cum
1526 1247 1547 1267 a
1560 1238 1682 1274 multis,

952 1291 981 1310 v.
1006 1290 1033 1310 o.
1059 1280 1193 1319 Pigltio,
1211 1282 1295 1310 male
1317 1280 1475 1319 digestum
1498 1285 1586 1318 esset,
1611 1280 1682 1311 Ru-

946 1327 1064 1364 pertus
1079 1325 1124 1354 ad
1137 1324 1293 1363 Pompon.
1313 1324 1352 1354 de
1374 1323 1411 1353 Ο.
1430 1324 1467 1355 J.
1488 1324 1533 1354 iii.
1553 1328 1585 1358 7.
1617 1324 1684 1354 Hi«.-

953 1372 998 1399 εει
1013 1369 1111 1398 etiam
1129 1368 1171 1397 ad
1186 1368 1263 1398 Div.
1281 1369 1322 1398 iv.
1339 1372 1370 1402 9.
1385 1369 1413 1398 si
1427 1377 1509 1398 sana
1525 1369 1623 1398 lectio.

996 1411 1041 1452 Q.
1067 1411 1197 1441 AIuoius
1218 1411 1366 1449 Mancia,
1390 1412 1485 1442 Offic.
1511 1412 1534 1442 i.
1561 1414 1615 1442 30.
1647 1411 1683 1442 in

952 1456 1158 1485 sermonibus
1185 1455 1309 1493 effecit,
1326 1460 1365 1486 ut
1390 1465 1478 1486 unus
1502 1455 1543 1486 de
1566 1454 1682 1486 multis

952 1499 1131 1529 videretur.

995 1542 1166 1579 Mulciber,
1182 1542 1282 1572 Tusc.
1299 1542 1334 1572 ii.
1350 1545 1383 1573 4.

997 1587 1039 1617 L.
1071 1586 1254 1616 Mummius
1281 1585 1455 1623 Achaicus,
1489 1585 1615 1624 Consul,
1646 1596 1681 1617 a.

951 1638 1058 1661 ncvu.
1087 1630 1180 1660 Verr.
1198 1630 1220 1660 i.
1244 1632 1298 1660 21.
1330 1629 1530 1660 Corinthum
1544 1629 1681 1666 delevit,

950 1680 986 1704 et
1023 1673 1146 1704 multas
1177 1673 1312 1704 Achaia».
1341 1680 1376 1704 et
1412 1673 1551 1704 Boeotiae
1581 1673 1679 1703 urbes

948 1718 1093 1757 subegit.
1121 1717 1192 1748 Att.
1208 1717 1276 1747 xiii.
1293 1718 1325 1748 6.
1349 1721 1401 1748 30.
1417 1720 1469 1749 32.
1486 1721 1522 1748 et
1536 1719 1589 1748 33.
1621 1716 1680 1756 qui

948 1762 1019 1801 ejus
1050 1761 1166 1791 decem
1195 1760 1299 1800 legati
1326 1761 1465 1791 fuerint.
1499 1761 1596 1792 Brut.
1627 1762 1681 1792 22.

950 1806 1077 1836 Censor
1100 1814 1177 1836 cum
1205 1804 1362 1835 At'ricano
1382 1805 1506 1835 minori
1527 1815 1559 1835 a.
1585 1812 1678 1834 nexi.

947 1849 1045 1880 Brut.
1062 1851 1114 1880 25.
1137 1849 1304 1879 orationes
1321 1848 1468 1888 reliquit.
1483 1848 1548 1880 Off.
1573 1848 1608 1878 ii.
1625 1850 1680 1880 22.

949 1892 1266 1923 abstinentissimus.

993 1936 1036 1967 L.
1063 1936 1244 1967 Mummius
1272 1936 1479 1978 Quadratus,
1502 1936 1595 1966 Sext.
1628 1938 1678 1966 11.

950 1979 1114 2011 Tribunus
1129 1982 1179 2020 pl.
1201 1989 1276 2010 cum
1299 1981 1344 2011 P.
1372 1980 1485 2012 Clodio.
1506 1979 1547 2010 de
1569 1978 1680 2010 salute

948 2024 1117 2054 Ciceronis
1133 2024 1176 2053 ad
1191 2024 1354 2054 Senatum
1369 2024 1482 2055 refert.
1507 2023 1680 2054 Manutius

946 2068 992 2098 ad
1006 2068 1096 2101 Sext.
1124 2070 1174 2098 11.
1199 2067 1347 2098 Ninnius
1371 2068 1542 2108 legendum
1563 2071 1678 2104 censet,

946 2116 977 2142 et
994 2113 1041 2142 ita
1058 2113 1152 2142 habet
1167 2111 1234 2143 Dz'o
1249 2113 1384 2143 xxxviii.
1401 2123 1439 2152 1¹·
1463 2115 1504 2146 79
1515 2123 1524 2140 :
1547 2112 1596 2142 ita
1617 2120 1677 2150 ap-

939 2157 1088 2196 pellatur
1103 2157 1202 2186 etiam
1216 2156 1290 2186 aliis
1309 2156 1463 2187 Ciceronis
1475 2155 1557 2185 locis.
1568 2155 1631 2185 vid.
1642 2157 1679 2185 in

946 2200 985 2230 L.
1004 2200 1170 2238 Niunius3
1193 2200 1249 2230 sed
1261 2199 1443 2230 fliummius
1457 2197 1598 2238 ᾱςίὲηᾱὲι
1614 2198 1677 2229 Pi-

943 2245 1042 2283 ghius
1071 2245 1117 2274 ml
1144 2253 1271 2274 almum
1301 2252 1404 2274 Dxcv.
1431 2244 1533 2274 Dom.
1559 2245 1613 2274 48.
1640 2242 1678 2273 Ρ.

947 2286 1053 2317 Clodii
1070 2288 1157 2317 bona
1171 2292 1343 2318 consecrat
1359 2287 1483 2318 Cereri.

987 2331 1036 2361 M.
1063 2331 1256 2369 Mummius,
1277 2331 1372 2362 Verr.
1397 2331 1444 2362 iii.
1470 2332 1522 2362 53.
1553 2333 1682 2370 praetor

945 2375 1006 2405 Cn.
1023 2375 1182 2415 Pompeio
1197 2381 1232 2405 et
1247 2375 1295 2406 M.
1313 2375 1431 2405 Crasso
1448 2375 1539 2405 COSS.

988 2419 1032 2449 P.
1064 2419 1257 2457 sthennium,
1287 2419 1382 2449 Orat.
1412 2418 1446 2449 ii.
1478 2418 1531 2451 67.
1569 2417 1674 2448 cuivis

942 2463 1088 2502 tempori
1104 2463 1215 2494 homo.

986 2505 1044 2546 Sp.
1066 2506 1260 2544 filummz'us,
1276 2506 1392 2536 Frater
1406 2504 1554 2536 Achaici.
1577 2505 1676 2536 Brut.

942 2551 993 2580 25.
1018 2551 1185 2581 orationes
1199 2550 1345 2590 reliquit.
1362 2549 1509 2580 Stoicam
1525 2549 1676 2579 Philoso-

941 2593 1055 2633 phiam
1070 2595 1194 2625 tenuit.
1210 2594 1283 2625 Att.
1306 2594 1374 2625 xiii.
1397 2594 1428 2624 6.
1459 2593 1590 2632 legatus
1606 2592 1672 2623 fra-

937 2637 999 2667 tris
1016 2637 1163 2669 Achaici.

987 2680 1025 2712 T.
1041 2682 1225 2719 M'mmtius,
1241 2680 1283 2711 ad
1298 2681 1374 2712 Div.
1391 2691 1422 2711 x.
1438 2682 1487 2712 12.
1510 2684 1562 2710 est
1574 2679 1673 2710 Plan·

939 2734 997 2754 eus
1013 2725 1130 2756 Bursa.
1149 2724 1248 2756 Catil.
1263 2725 1297 2755 ii.
1314 2726 1345 2756 2.
1377 2725 1486 2755 socius
1503 2723 1670 2755 Catilinae.

983 2768 1144 2807 Alundus,
1157 2768 1228 2799 Att.
1245 2778 1297 2799 κν.
1314 2769 1368 2799 26.
1385 2771 1436 2803 29.

984 2811 1027 2843 L.
1044 2813 1194 2850 stlurcus,
1209 2812 1252 2842 ad
1266 2812 1343 2842 Div.
1360 2813 1416 2842 xii.
1439 2815 1487 2843 ll.
1517 2811 1590 2843 Att.
1610 2812 1670 2843 xii.

939 2858 971 2889 2.
995 2855 1182 2896 Imperator
1206 2861 1242 2888 et
1263 2856 1442 2897 proconsul
1465 2857 1501 2888 in
1524 2856 1612 2890 Asia.
1637 2868 1671 2890 v.

939 2899 1079 2930 Statius.
