1800 3131
172 117 252 155 140

165 213 261 252 facit,
285 217 326 245 ut
346 223 408 254 ego
430 214 603 245 misererer
622 213 693 253 ejus
716 214 849 253 esuriei,
864 224 895 245 v.

167 256 320 289 Perizon.
337 258 375 288 de
392 259 432 289 L.
450 259 561 288 Vocon.
571 268 608 298 p.
629 261 700 289 141.

211 301 255 343 Q.
280 300 465 342 Pompeius,
483 302 571 333 Sext.
597 301 632 333 F.
665 301 704 332 ad
727 302 804 333 Div.
827 301 895 332 xiii.

166 347 220 379 49.
253 345 354 376 Curio
368 345 633 375 commendatur.

211 388 301 419 Sert-
325 387 513 428 Pompeius,
532 388 566 418 S.
591 388 628 419 F.
657 388 712 418 Cn.
732 387 897 419 Strabonis

167 430 226 463 Fr.
257 431 354 462 Brut.
377 434 429 469 47.
460 441 610 462 summus
628 431 747 469 aetus,
765 441 897 470 geome-

165 479 221 505 tra
249 480 284 505 et
313 475 456 505 Stoicus.
486 475 528 506 cf.
560 475 616 505 Or.
647 475 667 505 i.
695 477 744 505 15.
775 475 819 505 iii.
844 476 896 505 21.

168 519 263 550 Offie.
280 519 302 548 i.
318 519 349 548 6.
379 518 464 548 Phil.
480 519 535 548 xii.
559 521 604 547 ll.

213 562 248 593 S.
265 561 450 601 Pompeius,
473 561 528 592 Cn.
544 560 665 600 Illagni
675 560 733 601 fil.
751 560 822 590 Att.
839 560 896 590 xii.

166 606 220 640 37.
250 605 339 644 fugit
354 606 389 635 in
405 604 603 645 Hispaniam
627 604 824 634 citeriorem.
857 603 899 633 ad

165 649 242 682 Div.
259 649 302 679 xi.
324 652 350 679 l.
375 649 497 678 nuncio
513 648 552 677 de
567 648 704 677 Caesaris
718 650 825 677 morte
841 647 898 677 fir-

166 693 253 724 mior
261 692 394 723 futurus
407 696 556 731 putatur.
569 690 653 720 Phil.
665 691 734 720 xiii.
746 691 777 721 6.
807 690 897 721 Mas-

165 735 249 768 siliae
263 739 424 772 versatur,
442 744 479 764 ae
501 734 669 764 Mutinam
686 734 733 764 ire
749 744 826 763 cum
843 744 898 764 ex-

165 780 273 810 ercitu
295 779 406 815 timet,
423 782 557 818 propter
579 782 811 810 veteranorum
827 778 898 807 odi-

167 833 237 853 um.
254 822 338 852 Phil.
362 831 393 852 v.
421 824 469 853 15.
502 831 521 851 a
543 821 591 852 M.
614 820 741 862 Lepido
764 821 893 853 civitati

167 865 367 897 restituitur.

212 909 301 939 Sext.
320 907 494 948 Pompeius
517 907 669 937 Chlorus.
700 907 794 938 Verr.
813 907 847 938 ii.
864 910 895 939 8.

166 953 248 983 civis
263 952 358 982 Rom.
376 951 416 981 de
431 956 599 981 conventu
616 951 830 981 Mamertino.

211 995 405 1035 Pompilius,
420 996 514 1026 Offic.
531 995 551 1024 i.
574 997 620 1024 ll.
646 994 843 1034 Imperator,
860 994 896 1025 in

166 1041 260 1078 eujus
284 1040 432 1069 exercitu
454 1039 519 1068 tiro
536 1038 602 1068 fuit
619 1038 755 1068 Catonis
773 1038 897 1068 Censo-

166 1083 206 1114 rii
225 1083 321 1112 filius.
354 1082 420 1112 Sed
434 1083 493 1112 alii
510 1083 561 1111 ln‘e
578 1083 710 1120 legunt:
737 1082 894 1121 Popilius,

166 1136 267 1168 quam
285 1127 447 1156 lectionem
462 1126 581 1165 recepit
598 1126 755 1162 Groec'ius,
768 1130 797 1155 et
809 1126 895 1165 capi-

164 1175 229 1200 unt
244 1173 304 1201 aut
318 1170 356 1200 de
371 1170 407 1200 C.
427 1169 552 1209 Popilio
574 1169 725 1206 Laenate,
741 1171 798 1209 qui
819 1169 896 1199 Con-

165 1215 220 1245 sul
228 1213 301 1253 fuit
315 1214 386 1243 belli
401 1212 527 1243 Maced.
545 1212 593 1242 II.
612 1222 695 1242 anno
704 1214 825 1252 primo,
836 1212 896 1243 aut

166 1258 205 1289 de
235 1258 283 1288 M.
315 1256 454 1296 Popilio,
478 1257 533 1296 qui
564 1256 742 1295 Liguriam
773 1257 896 1287 biennio

166 1306 243 1333 ante
265 1302 382 1331 bellum
405 1299 532 1330 stlacefl.
557 1299 606 1329 II.
629 1301 776 1338 obtinuit,
800 1305 830 1330 et
853 1301 896 1331 ibi

167 1345 242 1377 hene
257 1355 308 1375 res
322 1345 429 1383 gessit.
476 1342 649 1373 Manutius
666 1347 764 1383 pater
785 1349 896 1374 autem

167 1389 294 1428 legebat
323 1386 456 1417 Paullus
482 1386 651 1424 AEniilius,
673 1387 756 1427 quod
778 1388 896 1427 probat

154 1433 214 1475 fil.
238 1432 352 1462 Aldus.
381 1441 411 1460 v.
433 1431 610 1471 Clictpman.
635 1431 680 1461 all
698 1432 729 1461 h.
746 1432 768 1462 l.
791 1433 825 1463 in
847 1432 895 1463 ed.

166 1476 312 1508 Pearcie'.

211 1519 379 1559 Pompilii,
397 1517 487 1550 Petit
510 1516 608 1549 Com.
627 1521 657 1549 3.

167 1561 257 1595 linae.

211 1606 404 1647 Pomponia,
420 1605 490 1636 Att.
508 1606 530 1635 i.
549 1609 578 1636 5.
608 1615 700 1636 soror
714 1606 831 1638 Attici.

217 1650 272 1682 Cn.
289 1650 497 1690 Pomponius,
512 1649 607 1680 Brut.
622 1653 675 1684 49.
694 1654 745 1684 57.
762 1651 814 1680 6⁶2.
835 1650 895 1680 Or.

167 1695 215 1733 iii.
239 1698 287 1726 13.
319 1694 424 1733 qualis
447 1697 559 1723 orator
581 1693 691 1724 fuerit.
721 1693 818 1724 Brut.
842 1697 895 1728 90.

166 1739 254 1770 bello
271 1738 356 1769 civili
374 1736 510 1768 Sullano
527 1737 666 1767 interiit.

211 1783 261 1813 M.
276 1781 485 1820 Pomponius,
498 1781 591 1811 Offic.
608 1781 653 1810 iii.
667 1783 719 1811 31.
742 1779 780 1811 L.
798 1780 895 1811 Man-

166 1825 213 1857 lio
229 1824 579 1863 Dictatori,Torquati
590 1824 690 1864 patri,
701 1824 788 1854 diem
801 1824 895 1862 dicit,

168 1870 227 1900 sed
245 1870 412 1900 actionem
429 1867 642 1908 abiicissjure
659 1868 808 1906 jurando
825 1878 896 1898 mo-

166 1920 235 1951 tuS,
253 1912 340 1953 quod
355 1911 423 1941 filio
440 1916 575 1941 coactus
591 1911 738 1942 dederat.

210 1957 259 1987 M.
283 1956 490 1996 Pomponius,
511 1955 586 1985 Div.
610 1955 643 1985 ii.
668 1958 719 1989 29.
747 1955 802 1985 Ad
822 1965 896 1985 eum

173 2000 208 2032 C.
237 2001 405 2031 Gracchus
427 2000 548 2029 librum
569 2000 739 2039 scripsisse,
755 2009 795 2029 ez·
817 2000 848 2029 lz.
873 2001 894 2029 l.

166 2046 274 2083 colligi
294 2048 402 2084 potest.
447 2042 652 2073 Plutarchus
674 2044 709 2073 in
742 2042 896 2073 Gracchis

161 2098 198 2130 p.
216 2090 288 2119 842.
306 2087 512 2127 fidissimum
537 2086 676 2116 Gracchi
699 2084 798 2126 hujus
813 2087 895 2116 ‹nni-

166 2142 242 2162 cum
247 2131 354 2171 fuisse
364 2131 441 2160 dicit
453 2128 679 2169 Pomponium,
691 2131 747 2170 qui
758 2140 832 2160 cum
846 2140 896 2161 re-

166 2177 301 2212 vocavit,
318 2184 391 2205 cum
404 2175 464 2204 sibi
479 2183 596 2204 manus
610 2171 734 2213 afferre
748 2175 851 2204 vellet.

199 2219 259 2249 vIll.
277 2219 484 2258 Pomponius,
497 2217 688 2256 Dionysius,
699 2218 769 2248 Att.
786 2218 826 2248 iv.
847 2220 895 2248 15.

165 2262 318 2299 libertus,
329 2262 469 2300 junctus
486 2271 526 2290 ex
541 2261 653 2291 Attico
668 2266 703 2291 et
723 2261 894 2291 Cicerone.

213 2305 251 2336 T.
275 2305 485 2345 Pomponius,
503 2304 545 2335 ad
565 2305 642 2336 Div.
665 2314 696 2335 v.
714 2307 746 2335 4.
776 2304 835 2334 &c.
851 2308 895 2335 est

167 2351 312 2383 Atticus.

217 2394 248 2424 C.
266 2393 450 2429 Pomtinus,
468 2391 566 2422 Catil.
589 2392 636 2422 iii.
659 2393 691 2424 2.
720 2390 826 2421 Flacc.
841 2394 894 2422 40.

166 2441 291 2478 praetor
315 2436 457 2467 Consule
482 2436 653 2466 Cicerone.
685 2435 778 2465 Prov.
795 2434 893 2465 Cons.

169 2484 221 2512 13.
258 2480 449 2519 Allobroges
472 2489 512 2508 ex
543 2483 690 2518 praetura
719 2479 833 2508 vincit.
863 2489 894 2509 v.

166 2524 232 2556 Dio
254 2524 374 2554 xxxvii.
392 2534 428 2563 p.
453 2526 505 2554 50.
531 2525 581 2553 51.
610 2522 682 2553 Att.
704 2522 747 2552 iv.
774 2523 822 2552 16.
853 2523 894 2562 Ω.

167 2567 219 2599 Fr.
243 2567 288 2598 iii.
312 2570 343 2598 4.
372 2566 582 2607 triumphum
600 2567 686 2606 petit
701 2576 741 2596 ex
754 2567 895 2596 Allobro-

163 2612 259 2651 gibus
280 2612 384 2647 vietis,
403 2620 496 2650 quem
519 2610 649 2640 tandem
666 2620 728 2650 per
751 2609 786 2640 S.
816 2610 895 2640 Gal-

167 2657 242 2686 bam
257 2656 454 2694 impetravit.
480 2653 546 2684 Dio
561 2654 714 2694 xxxix.p.
737 2654 805 2684 120.
829 2653 894 2683 Pis.

166 2701 219 2731 24.
250 2698 453 2728 necessarius
478 2698 656 2727 Ciceronis.
689 2697 729 2726 ad
760 2697 836 2727 Div.
860 2697 893 2726 ii.

169 2745 219 2773 15.
249 2742 295 2771 iii.
319 2745 349 2772 3.
381 2751 432 2770 xv.
456 2743 487 2771 4.
516 2740 646 2779 legatus
670 2741 837 2770 Ciceronis
860 2741 892 2770 in

169 2785 295 2816 Cilicia.
318 2785 389 2815 Att.
404 2784 446 2814 vi.
463 2787 494 2814 3.
521 2784 601 2814 vitia
615 2783 695 2823 ejus.
741 2784 783 2814 In
799 2782 895 2825 liujus

166 2830 303 2860 nominis
316 2829 546 2866 orthographia
562 2837 685 2866 magna
696 2832 741 2858 est
756 2830 895 2858 varietas

165 2875 201 2903 in
230 2873 436 2903 Gronovicma
461 2876 491 2901 et
523 2872 708 2901 Groeviaria.
739 2871 778 2901 de
801 2881 893 2911 prov.

169 2917 267 2948 eom.
308 2919 357 2947 13.
408 2915 561 2946 scribitur
598 2914 785 2953 Pontinius,
823 2924 895 2957 quae

688 1519 787 1550 amici
806 1518 906 1550 Cati--

675 123 823 153 INDEX
852 123 1132 153 msromcvs.

936 215 1102 254 scriptura
1131 214 1229 245 etiam
1256 215 1293 244 in
1322 212 1429 246 Fastis
1455 220 1603 247 occurrit.
1631 225 1666 250 v.

937 255 1042 296 Pig'lz.
1072 257 1118 288 ad
1144 268 1175 288 a.
1206 265 1300 288 ocxc.
1329 261 1360 288 et
1387 259 1424 288 in
1445 259 1610 299 lapidibus.
1633 271 1665 291 υ.

944 300 1051 331 Groev.
1067 301 1113 331 ad
1126 301 1196 331 Ace.
1219 301 1261 332 iV.
1282 301 1332 332 16.
1360 302 1429 332 Att.
1444 302 1488 332 vi.
1503 305 1534 333 3.
1565 303 1663 334 Pom-
1718 314 1719 317 ¹

937 344 1074 383 ptinius.
1098 344 1139 375 ad
1155 345 1231 375 Div.
1248 345 1282 374 ii.
1303 347 1350 376 15.
1373 344 1443 375 Att.
1462 355 1491 374 v.
1512 348 1539 376 1.
1566 346 1665 376 Pom-

937 387 1053 417 tinius.
1085 387 1183 418 Catil.
1207 387 1252 418 iii.
1269 389 1300 420 2.
1332 388 1505 419 Pomtinus
1527 389 1588 420 διο.
1610 398 1666 420 ea-

939 430 1014 460 dem
1043 431 1184 461 varietas
1210 435 1260 461 est
1285 432 1320 461 in
1343 431 1416 461 edd.
1440 442 1489 472 pr.
1512 442 1541 462 υ.
1564 433 1666 462 etiam

944 473 1087 503 Coruum
1109 473 1154 503 ad
1175 474 1311 505 Sallust.
1339 474 1431 506 Catil.
1446 478 1499 506 45.
1529 475 1570 505 In
1585 476 1666 515 lapi-

938 516 1031 546 dibus
1053 517 1212 548 Donianis
1234 519 1354 548 invenio
1378 519 1422 549 bis
1444 518 1665 558 Pomptiniuz.

938 560 974 589 in
995 559 1201 591 Gruterianis
1215 566 1326 591 contra
1340 566 1384 592 est
1400 562 1586 593 Pontiuius.

983 602 1181 641 Pontianus,
1197 603 1268 634 Att.
1284 605 1341 635 xii.
1351 608 1410 636 44.

981 646 1156 682 Pontidia,
1173 647 1243 677 Att.
1259 657 1288 676 v.
1304 650 1357 678 21.
1388 649 1430 678 vi.
1450 651 1478 679 1.

983 689 1033 720 M.
1058 689 1243 727 Pontidius,
1262 690 1319 721 Or.
1351 691 1384 722 ii.
1408 692 1460 723 68.
1490 691 1587 723 Brut.
1609 695 1663 726 70.

939 732 1094 772 Arpinas,
1111 732 1288 763 vehemens
1312 740 1424 765 orator
1445 738 1479 765 et
1499 734 1663 774 volubilis,

940 775 998 806 sed
1015 777 1112 807 nimis
1128 776 1368 808 stomachosus.

981 819 1170 858 Pontium,
1186 830 1215 850 v.
1233 821 1420 852 Pomtinus.

988 862 1019 893 C.
1036 862 1173 894 Pontius
1187 863 1329 894 Samnis.
1347 864 1441 894 Offic.
1456 865 1489 895 ii.
1507 866 1560 896 21.
1597 863 1662 896 Est

939 907 1116 946 imperator
1133 908 1345 944 Samnitium,
1361 906 1454 949 cujus
1475 909 1576 938 ductu
1599 908 1665 939 Ro-

938 951 1030 980 mani
1050 952 1149 981 coacti
1170 955 1247 981 sunt
1261 950 1377 991 fiedus
1404 951 1588 983 Caudinum
1598 950 1663 992 ,fiz-

939 1003 1018 1023 cere.

984 1036 1025 1066 L.
1053 1036 1192 1068 Pontius
1215 1037 1345 1076 Aquila.
1380 1036 1422 1068 ad
1447 1037 1524 1068 Div.
1550 1049 1583 1069 x.
1609 1041 1663 1070 33.

937 1074 1067 1118 regatus
1097 1081 1140 1111 D.
1171 1080 1269 1111 Bruti
1298 1081 1385 1121 perit
1413 1080 1455 1111 ad
1481 1082 1663 1114 Mutinam.

937 1123 1008 1153 Att.
1025 1134 1055 1154 v.
1073 1125 1104 1155 2.
1124 1127 1153 1154 3.
1169 1127 1201 1154 4.
1230 1125 1299 1163 ejus
1315 1124 1441 1154 villain
1459 1124 1661 1157 Trebulano.

938 1166 1015 1197 Fuit
1051 1168 1089 1198 de
1120 1169 1360 1207 percussoribus
1397 1168 1539 1206 Coesarz's,
1569 1167 1664 1210 cujus

937 1211 1054 1241 mentio
1068 1212 1167 1241 etiam
1182 1212 1253 1242 Att.
1272 1212 1292 1241 i.
1314 1215 1340 1242 1.
1366 1211 1450 1242 Phil.
1467 1213 1534 1243 xiii.
1550 1214 1580 1244 2.
1596 1213 1663 1243 vid.

935 1256 1035 1285 etiam
1050 1254 1181 1293 Aquila.

984 1298 1020 1328 T.
1049 1298 1201 1337 Pontius,
1228 1298 1300 1329 Pin.
1326 1299 1347 1328 i.
1378 1301 1410 1330 3.
1448 1299 1580 1330 Seneet.
1611 1303 1661 1331 lo.

939 1341 1099 1372 Centurio
1116 1343 1231 1373 robore
1246 1342 1396 1381 insignis.

982 1385 1120 1416 Pontius
1149 1385 1349 1416 Titinianus.
1386 1385 1458 1416 Att.
1489 1385 1533 1416 ix.
1564 1389 1614 1421 19.
1642 1396 1664 1417 a

938 1429 1148 1469 Pompeianis
1185 1429 1335 1471 partibus
1377 1429 1419 1459 ad
1457 1429 1664 1463 Caesarianas

937 1473 1073 1504 transit.

981 1516 1112 1557 Popilia
1129 1525 1222 1556 gens.
1238 1514 1318 1556 Leg.
1336 1517 1370 1547 ii.
1385 1518 1438 1548 22.

981 1560 1122 1600 Popilia,
1142 1560 1199 1590 Or.
1214 1561 1249 1591 ii.
1268 1563 1317 1592 ll.
1349 1564 1458 1590 mater
1478 1560 1518 1600 Ω.
1537 1560 1662 1599 Catuli,

937 1604 991 1634 cui
1007 1605 1121 1644 primae
1139 1603 1269 1634 mulieri
1284 1603 1347 1634 hoc
1363 1604 1517 1643 contigit,
1530 1608 1568 1634 ut
1579 1605 1663 1644 pub—

937 1646 998 1677 lice
1011 1647 1204 1678 laudaretur
1214 1651 1356 1678 mortua.
1374 1647 1537 1678 Laudavit
1547 1652 1662 1679 autem

938 1691 1037 1722 filius.

986 1736 1020 1766 C.
1044 1735 1206 1774 Popilius,
1225 1734 1268 1765 P.
1294 1734 1330 1764 F.
1355 1735 1393 1772 is,
1408 1735 1464 1775 qui
1490 1735 1604 1765 Consul
1617 1736 1664 1766 bis

933 1777 1013 1816 fuit.
1038 1789 1069 1809 a.
1101 1787 1263 1809 DLxxxm.
1289 1786 1391 1807 Dxcv.
1425 1778 1509 1808 Phil.
1535 1779 1601 1808 viii.
1628 1781 1659 1809 8.

938 1822 979 1852 ad
993 1822 1197 1854 Antiochum
1221 1821 1268 1851 M.
1291 1831 1404 1860 regem
1427 1821 1662 1853 Alexandriam

937 1866 1145 1896 obsidentem
1162 1865 1322 1895 mittitur.
1337 1875 1368 1895 v,
1386 1865 1460 1895 Liv.
1475 1865 1539 1895 xlv.
1560 1867 1610 1896 12.

986 1909 1018 1940 C.
1035 1909 1209 1949 Popillius,
1227 1909 1358 1946 Loenas,
1380 1909 1412 1939 (J.
1430 1909 1467 1940 F.
1489 1909 1523 1939 C.
1540 1909 1589 1940 N.
1619 1908 1663 1940 ad

937 1953 1018 1984 Her.
1041 1953 1063 1984 i.
1091 1956 1139 1984 15.
1171 1962 1191 1982 a
1206 1952 1307 1982 Gallis
1330 1952 1513 1990 obsidetur,
1529 1952 1579 1983 ita
1596 1952 1664 1983 dis·

938 1997 1040 2033 cedit,
1077 2001 1117 2026 ut
1163 1995 1405 2036 impedimenta
1444 1996 1662 2035 relinqueret,

937 2041 1122 2070 exercitum
1145 2039 1316 2076 educeret,
1338 2050 1415 2070 cum
1437 2041 1564 2079 legatus
1584 2043 1662 2070 esset

938 2084 980 2114 L.
1010 2084 1108 2114 Cassii
1135 2083 1197 2114 Cos.
1214 2093 1246 2114 a.
1269 2091 1407 2113 DCXLVI.
1438 2082 1517 2123 Leg.
1539 2083 1586 2113 iii.
1610 2083 1661 2114 16.

937 2138 957 2157 a
975 2127 1076 2158 Coelio
1092 2127 1173 2166 legis
1192 2125 1374 2156 tabellariae
1399 2132 1534 2157 auctore
1550 2127 1662 2166 oppri-

937 2172 1052 2202 mitur.
1061 2181 1091 2214 υ.
1108 2170 1140 2201 C.
1153 2170 1273 2201 Laenas
1283 2175 1313 2201 et
1323 2169 1429 2211 iufra,
1443 2170 1488 2201 P.
1500 2170 1665 2212 Popillius

985 2259 1018 2288 (,’.
1036 2258 1208 2297 Popillius,
1225 2257 1261 2299 P.
1278 2257 1312 2287 F.
1338 2254 1407 2298 ejus
1420 2258 1553 2295 scilicet,
1568 2258 1624 2297 qui
1638 2268 1661 2288 a

943 2302 1088 2333 Graccho
1102 2299 1220 2343 ejectus
1240 2305 1296 2331 est.
1326 2299 1423 2333 Brut.
1446 2303 1499 2332 25.
1528 2295 1663 2331 no1iin-

937 2346 1093 2376 disertus.
1136 2345 1239 2375 Hunc
1253 2347 1376 2381 autem,
1389 2343 1569 2384 autfili'um
1579 2349 1662 2385 puto

936 2399 998 2420 esse
1027 2399 1113 2425 eum,
1140 2389 1196 2427 qui
1222 2387 1296 2418 Act.
1320 2388 1342 2418 i.
1365 2388 1400 2418 in
1423 2388 1517 2418 verr.
1547 2390 1596 2418 13.
1619 2387 1660 2418 de

936 2432 1094 2474 peculatu
1110 2431 1286 2462 damnatus
1305 2432 1435 2461 dieitur.
1480 2430 1662 2462 Hotoman-

936 2487 998 2507 ηας
1019 2475 1122 2515 reffert
1143 2476 1189 2505 ad
1210 2475 1245 2505 P.
1269 2474 1460 2514 Popillium,
1484 2475 1523 2505 de
1543 2485 1603 2515 quo
1624 2476 1661 2505 in.

942 2521 1144 2551 Cluentiana.
1172 2518 1274 2549 filule.
1305 2519 1339 2549 Is
1360 2519 1398 2548 de
1419 2518 1544 2549 ambitu
1566 2519 1661 2549 dam-

935 2569 1035 2594 natus
1051 2567 1109 2600 est,
1126 2572 1189 2592 nou
1205 2562 1244 2592 de
1251 2563 1419 2601 peculatu.

981 2608 1022 2638 L.
1046 2607 1218 2645 Popillius,
1243 2605 1376 2636 cluent.
1407 2608 1460 2640 47.
1492 2604 1597 2645 judex
1623 2605 1660 2636 in

930 2651 1059 2690 judicio
1070 2650 1228 2680 Juniano.
1274 2649 1339 2679 Secl
1354 2650 1433 2679 mim
1448 2649 1580 2679 dubium
1597 2658 1662 2679 non.

936 2700 994 2732 est,
1011 2696 1089 2735 quin
1103 2695 1156 2731 sit,
1172 2693 1207 2723 P.
1231 2691 1403 2733 Popillius,
1421 2693 1606 2731 legendum,
1621 2697 1660 2724 ut.

936 2743 981 2769 est
998 2749 1024 2768 c.
1042 2739 1094 2768 36.

979 2782 1028 2812 M.
1042 2781 1213 2821 Popillius,
1229 2778 1277 2808 M
1293 2778 1330 2809 F.
1348 2779 1478 2815 Laemzs,
1493 2778 1589 2809 Brut.
1609 2781 1660 2810 14.

939 2824 1074 2861 Consul,
1089 2834 1121 2855 a.
1138 2831 1296 2854 cccxcw.
1311 2821 1446 2852 Flamen
1463 2822 1660 2852 Carmenta·

937 2870 990 2906 lis,
1006 2868 1204 2898 seditionem
1228 2866 1428 2895 auctoritate
1452 2869 1486 2894 et
1508 2865 1660 2897 oratione

936 2913 1042 2946 sedat.
1072 2911 1161 2943 unde
1177 2909 1294 2941 Laenas
1310 2909 1419 2940 dictus
1433 2909 1499 2940 sit?
