1800 3131
121 103 204 142 288

118 210 255 231 omnem
286 199 511 240 suspicionem
540 201 765 242 propulsaret,
792 201 852 232 διο.

119 244 163 275 ad
177 245 254 275 Div.
270 245 315 275 iii.
334 247 364 275 8.
388 243 468 284 quid
480 254 564 275 ame
577 245 649 276 fieri
665 246 775 286 potuit
790 248 852 276 ele-

116 291 256 328 gantius
279 293 337 318 aut
361 288 501 328 justius,
528 299 629 328 quam
657 295 696 320 ut
718 295 851 320 sumtus

119 333 413 372 egentissimarum
447 332 621 363 civitatum
651 333 851 370 minuerem,

119 377 190 406 sine
211 375 282 406 ulla
303 376 540 407 imminutione
566 376 739 417 dignitatis
756 377 849 407 tuae?

118 420 162 450 ad
187 421 284 451 Brut.
317 421 365 451 12.
395 421 522 460 optime
550 421 643 451 novit
668 421 794 457 onmia,
818 424 854 450 et

116 465 353 503 elegantissime
374 464 528 504 expedire
553 469 588 495 et
610 464 651 494 ad
675 469 709 494 te
725 463 852 493 deferre

118 511 241 547 potest.
266 508 287 539 i.
305 517 334 538 e.
354 508 616 538 accuratissime.
637 506 703 538 vid.
720 507 851 547 Sciopp.

118 560 172 592 ap.
188 551 296 583 Graev.
311 552 353 582 ad
367 551 402 582 h.
417 551 440 582 l.

161 595 357 635 Elegantia,
373 595 541 626 subtilitas
565 599 600 624 et
622 603 764 624 acumen
782 594 851 624 dia-

116 637 315 671 lecticorum
328 644 362 670 et
377 638 664 679 philosophorum.
682 637 753 667 Pin.
769 638 803 668 ii.
816 643 848 672 9.

117 684 154 713 in
179 683 242 715 hac
273 684 433 714 divisione
458 682 659 720 elegantiam
688 681 850 712 desidero.

115 727 197 758 ibid.
213 728 378 767 elegantia
394 724 586 755 disserendi.
612 724 655 755 ad
668 725 745 755 Div.
761 725 802 755 iv.
819 728 850 756 4.

117 771 158 801 de
182 770 347 812 Sulpicio:
379 769 477 799 facile
501 768 582 799 cedo
609 773 747 799 tuorum
770 770 851 799 scri-

114 819 252 855 ptorum
284 813 462 844 subtilitati
494 817 529 843 et
560 814 750 852 elegantia
779 813 851 844 Fin.

116 859 163 890 iii.
194 861 224 890 2.
269 857 487 897 agricultura,
518 866 592 896 quae
621 856 779 887 abhorret
809 857 850 887 ab

114 902 208 933 omni
225 902 376 941 politiore
393 903 570 940 elegantia,
581 904 697 932 tamen
714 910 768 930 cas
784 909 850 939 res,

115 946 150 976 in
175 947 293 985 quibus
317 951 480 982 versatur,
506 945 597 974 novis
629 944 758 974 notavit
781 955 851 974 ver—

115 990 176 1020 bis.
215 990 272 1020 Or.
296 990 317 1019 i.
343 992 373 1021 23.
410 990 575 1028 elegantia
600 988 774 1025 doctrinae,
799 994 851 1018 est

114 1033 326 1074 philosophia
341 1043 417 1063 cum
435 1032 553 1063 ceteris
570 1032 710 1069 artibus,
728 1032 762 1062 in
778 1031 851 1071 qui-

116 1078 176 1108 bus
199 1078 366 1108 subtilitas
390 1083 426 1107 et
450 1086 593 1107 acumen
621 1081 686 1114 cst,
712 1085 787 1115 quae
810 1077 851 1107 ab

114 1123 242 1152 artibus
266 1121 482 1152 illiberalibus
507 1121 646 1150 absunt:
670 1123 710 1150 tu
735 1125 849 1150 autem

114 1165 342 1206 eloquentiam
365 1165 406 1195 ab
429 1165 594 1204 elegantia
615 1163 777 1194 ‹loctrinae
801 1173 852 1194 se·

114 1209 320 1250 gregandam
339 1214 449 1250 putas.
493 1208 571 1239 dam
593 1208 673 1247 quia
686 1209 852 1246 elegantia

113 1253 149 1285 in
166 1254 293 1284 artibus
309 1259 360 1284 est
378 1252 561 1289 subtilitas,
576 1250 673 1282 facile
690 1251 851 1291 intelligi-

112 1302 183 1336 tur,
207 1299 407 1337 elegantiam
433 1297 467 1326 in
495 1295 648 1333 dicendo,
672 1296 769 1327 Brut.
793 1297 848 1329 7⁶2.

114 1341 171 1372 Or.
190 1342 211 1371 i.
232 1344 281 1373 1⁶2.
312 1351 379 1372 non
396 1351 466 1371 esse
482 1345 639 1370 ornatum
664 1338 759 1369 illum
777 1349 849 1369 ora-

111 1386 237 1417 torium
263 1390 297 1416 et
311 1385 545 1425 magnificum,
564 1383 621 1414 sed
636 1393 710 1422 quae
728 1390 762 1413 et
779 1384 851 1424 ipsa

112 1430 282 1460 subtilitas
314 1429 439 1459 <licitur
470 1429 503 1458 in
536 1427 724 1464 scribendo,
755 1426 787 1457 h.
819 1438 848 1457 e.

111 1479 217 1504 tenue
234 1473 329 1510 illud,
346 1477 395 1511 et,
410 1473 445 1503 in
463 1472 534 1512 ipsa
553 1471 721 1502 tenuitate
740 1476 775 1501 et
791 1481 849 1501 ne-

113 1518 290 1557 gligentia,
318 1517 386 1548 suis
416 1516 602 1546 Venerihus
632 1520 766 1554 gratum
800 1515 850 1545 di-

112 1561 210 1591 cendi
245 1572 364 1601 genus,
395 1571 461 1600 quo
500 1560 622 1596 Caesar,
653 1558 846 1596 Terentius,

111 1604 238 1646 Nepos,
264 1610 297 1636 et
324 1605 438 1634 Cicero
464 1604 497 1633 in
526 1602 762 1643 philosophicis
789 1603 849 1632 ἃς.

111 1651 163 1680 usi
181 1656 277 1680 sunt:
308 1648 396 1688 quod
419 1654 452 1678 et
476 1647 557 1677 vidit
575 1647 737 1676 vavassor
753 1646 792 1676 dc
809 1647 850 1677 Vi

112 1700 147 1723 et
164 1693 234 1724 Usu
252 1694 348 1723 Verb.
367 1702 441 1732 pag.
461 1693 536 1722 5121.
553 1690 605 1720 ed.
622 1690 713 1730 Lips.
731 1690 849 1729 Itaque

111 1739 181 1768 Att.
200 1738 253 1767 vii.
272 1741 301 1766 3.
323 1736 486 1766 Terentio
503 1734 703 1764 nominatim
721 1736 850 1773 elegan-

113 1782 162 1811 tia
181 1782 351 1811 tribuitur.
384 1781 439 1809 Or.
459 1779 493 1808 ii.
510 1782 540 1812 7.
571 1777 751 1808 subtilitati
769 1779 851 1818 jun-

112 1826 220 1864 gitur:
250 1825 404 1858 Catulus,
430 1824 482 1853 cui
514 1822 622 1852 Graeci
649 1821 760 1852 solent
787 1822 848 1862 ipsi

111 1866 181 1899 sure
202 1870 326 1908 ling-ure
351 1867 572 1898 subtilitatem
589 1867 851 1906 elegantiamque

111 1913 306 1943 concedere.
345 1912 441 1942 Brut.
467 1915 520 1944 75.
560 1910 670 1941 Caesar
695 1910 738 1940 ad
763 1910 849 1940 hanc

109 1959 310 1993 elegantiam
340 1956 516 1986 verborum
548 1954 744 1991 latinorum,
774 1964 848 1993 quae

110 2002 241 2031 etiamsi
267 2004 378 2031 orator
401 2009 469 2029 non
495 1999 551 2035 sis,
567 2003 600 2027 et
617 1999 659 2027 sis
680 1999 847 2037 ingenuus

110 2046 191 2075 civis
218 2045 361 2075 Roman.
378 2047 492 2074 tamen
510 2042 697 2073 necessaria
711 2045 772 2079 est,
790 2042 849 2072 ad-

103 2089 222 2128 jungit
244 2088 301 2118 illa
323 2088 468 2118 oratoria
487 2090 688 2116 ornamenta
701 2085 846 2116 dicendi.

110 2132 330 2163 Planissimus
361 2136 412 2162 est
442 2131 534 2160 locus
562 2129 602 2160 ad
627 2129 778 2160 Herem).
801 2131 843 2160 iv.

112 2179 160 2207 1‘2.
190 2177 356 2216 elegantia
378 2178 441 2212 est,
461 2184 536 2213 quae
558 2173 651 2207 facit,
676 2179 716 2203 ut
737 2183 843 2204 unum

109 2221 263 2260 quodque
290 2229 372 2260 pure
396 2224 429 2248 ct
451 2222 564 2258 aperte
592 2217 657 2247 dici
680 2217 844 2255 videatur,

107 2266 179 2304 ejus
201 2269 311 2304 partes
335 2269 416 2294 sunt
439 2261 606 2292 Latinitas
631 2266 665 2291 et
687 2261 844 2301 explana-

106 2310 167 2339 tio.
197 2307 387 2338 *Similiter
410 2307 445 2337 in
470 2306 564 2336 cultu
588 2306 752 2344 elegantia
776 2314 843 2336 non

108 2357 159 2382 est
175 2351 441 2391 magnificentia,
454 2350 512 2380 sed
528 2349 654 2389 aliquid
670 2349 760 2379 inter
775 2359 843 2380 sor-

107 2396 164 2426 des
180 2401 216 2426 et
232 2395 519 2435 magnificentiam
536 2392 790 2430 intermedium,
807 2392 841 2423 h.

107 2450 137 2470 e.
164 2439 342 2470 munditia.
380 2440 421 2469 ad
446 2438 522 2469 Div.
552 2438 596 2467 ix.
620 2439 674 2469 20.
707 2435 842 2467 Verrius

105 2487 186 2515 tuus
210 2488 244 2513 et
267 2482 442 2519 Camillus,
458 2492 525 2522 qua
549 2477 718 2511 munditia
735 2480 843 2510 horni-

106 2536 180 2564 nes,
204 2537 270 2566 qua
294 2527 485 2566 elegantia?
523 2524 642 2564 Itaque
669 2524 773 2555 etiam
799 2523 841 2554 de

105 2571 256 2602 oratione
272 2570 343 2601 haec
359 2570 426 2601 duo
439 2570 646 2610 junguntur.
675 2568 769 2598 Orat.
787 2569 841 2600 523.

106 2614 221 2647 Fucati
247 2625 325 2645 vero
354 2614 600 2644 medicamenta
630 2612 781 2643 candoris
808 2616 843 2643 et

106 2659 234 2690 ruboris
266 2658 381 2688 omnia
412 2656 635 2697 repellentur:
675 2657 842 2695 elegantia

105 2702 206 2734 modo
221 2707 257 2732 et
271 2702 439 2732 munditia
458 2700 617 2731 orationis
641 2700 840 2731 remanebit.

106 2750 125 2769 -¹
142 2751 194 2777 est
218 2746 321 2776 etiam
347 2746 513 2784 elegantia
539 2744 573 2775 in
600 2743 729 2783 reliqua
757 2743 840 2782 vita,

105 2801 181 2831 quae
205 2789 352 2820 moribus
375 2794 410 2818 ct
434 2789 532 2818 rebus
558 2788 712 2828 gerendis
732 2788 840 2818 conti-

105 2833 219 2868 netur,
237 2833 441 2863 innocentia.
465 2832 548 2862 Sull.
565 2833 616 2863 28.
645 2835 765 2870 vestra,
783 2831 840 2871 qui

103 2884 183 2910 cum
199 2881 333 2908 summa
346 2877 509 2915 elegantia
526 2881 626 2915 atque
643 2876 839 2915 integritate

106 2920 247 2958 vixistis,
269 2921 334 2954 hos
361 2920 505 2953 maxime
532 2919 684 2956 interest,
708 2929 778 2951 non
799 2929 838 2950 ex

635 111 784 143 INDEX
812 112 1112 144 LA'rlNITA‘ris-

898 203 1034 234 libidine
1059 207 1119 233 aut
1144 199 1319 233 simultate
1341 204 1402 233 aut
1423 200 1559 233 levitate
1582 205 1633 234 te-

897 247 998 278 stium
1039 256 1154 277 causas
1192 246 1410 277 honestorum
1454 245 1634 278 hominum

897 291 1085 331 ponderari.

941 334 1131 372 Elementa,
1148 333 1257 364 fontes
1277 334 1418 373 alicujus
1436 333 1493 364 rei.
1522 333 1579 364 Or.
1597 334 1633 365 ii.

896 381 950 408 ·ll.
982 378 1097 408 licebit
1122 379 1224 409 etiam
1253 377 1479 408 laudationem
1506 387 1633 415 amare,

897 429 1006 461 neque
1032 422 1091 452 illa
1114 424 1273 452 elementa
1300 421 1496 452 desiderare.
1528 420 1631 451 *Fim

897 465 944 496 iii.
977 469 1006 496 5.
1051 467 1161 506 prima
1189 468 1346 497 elementa
1375 470 1520 502 naturae,
1549 469 1632 495 sunt

897 518 971 547 quae
995 514 1029 539 et
1053 509 1219 550 principia
1240 509 1420 548 naturalia,
1440 509 1550 549 prima
1572 517 1633 539 na·

893 555 979 582 turae
995 552 1166 583 dicuntur.

937 595 1096 634 Elevare,
1126 596 1290 635 minuere,
1316 596 1510 637 infringere.
1551 595 1632 626 Nat.

894 639 938 670 D.
956 640 1003 671 iii.
1025 643 1057 671 4.
1088 640 1308 680 perspicuitas
1332 641 1628 680 argumentatione

893 684 1053 714 elei-atur.
1085 684 1127 714 ad
1152 683 1230 714 Div.
1245 694 1276 713 v.
1297 687 1347 715 14.
1370 686 1496 715 elevare
1519 682 1631 714 solici-

894 728 1041 758 tudines.
1070 728 1124 757 Sic
1138 728 1239 758 Tusc.
1258 728 1303 757 iii.
1324 728 1373 758 16.
1394 729 1520 758 elevare
1534 728 1631 767 aegri·

893 771 1061 809 tudinem,
1077 781 1136 811 pro
1160 781 1225 810 quo
1241 773 1356 801 tamen
1379 781 1397 801 e
1421 771 1493 801 MS.
1508 771 1630 802 Norvi-

894 816 984 845 censi
1002 815 1158 846 Davisius
1182 815 1333 854 reposuit
1354 824 1525 853 enervare,
1542 814 1630 854 quod

895 861 937 899 «νῷ
953 859 1139 889 obtundere
1156 859 1277 890 melius
1291 859 1468 898 jungitur:
1493 862 1568 899 post
1583 858 1631 888 le·

895 913 984 941 vare,
1001 903 1036 933 in
1052 902 1104 933 ed.
1120 913 1186 933 sec.
1216 903 1273 933 Or.
1290 903 1324 932 ii.
1342 906 1394 934 58.
1425 904 1551 933 elevare
1572 902 1630 932 ad-

894 947 1095 977 versarium:
1121 947 1143 976 i.
1159 957 1189 977 e.
1205 946 1370 986 frangere.

938 990 1083 1028 Elicere,
1101 991 1228 1020 artibus
1254 990 1454 1030 quibusdam
1479 999 1630 1022 evocare.

896 1033 967 1064 Inv.
993 1034 1014 1065 i.
1038 1036 1069 1064 (Ζ.
1092 1034 1206 1064 elicere
1231 1035 1532 1074 opportunitatem,
1555 1044 1629 1074 quae

892 1078 927 1108 in
944 1079 1064 1109 animis
1080 1080 1144 1116 est,
1159 1081 1194 1107 et
1209 1078 1434 1118 praecipiendo
1457 1077 1632 1109 meliorem

893 1121 1043 1152 reddere.
1056 1122 1170 1152 Vatin.
1186 1121 1217 1152 6.
1230 1121 1415 1153 inferorum
1428 1122 1557 1153 animas
1572 1124 1632 1153 eli-

894 1174 976 1197 cere.
999 1165 1019 1185 *
1043 1166 1214 1196 invenitur
1242 1166 1344 1196 etiam
1374 1176 1435 1206 pro
1462 1166 1630 1197 emittere.

895 1209 977 1241 Coel.
993 1212 1046 1242 24.
1065 1218 1177 1240 nonne
1200 1210 1307 1250 ipsam
1330 1209 1466 1240 domum
1484 1215 1630 1248 metuet,

896 1263 938 1284 ne
961 1263 1063 1293 quam
1075 1263 1189 1284 vocem
1206 1254 1313 1284 eliciat
1326 1253 1343 1283 ?
1388 1253 1453 1284 Sed
1467 1254 1528 1284 viri
1540 1254 1630 1285 docti

893 1297 1074 1337 legendum
1105 1301 1246 1328 censent
1275 1297 1410 1335 ejiciat:
1449 1302 1626 1338 tamquam

894 1341 1021 1372 Muret.
1045 1340 1084 1371 V.
1108 1341 1147 1372 L.
1170 1342 1205 1371 ii.
1235 1344 1284 1375 17.
1312 1348 1347 1372 et
1373 1341 1440 1372 alii.
1486 1340 1628 1372 Ursinus

893 1386 995 1416 etiam
1013 1386 1047 1415 in
1064 1385 1158 1416 MSS.
1171 1386 1332 1425 reperisse
1344 1395 1378 1415 se
1395 1385 1487 1416 dicit.
1502 1385 1630 1416 Verum

893 1431 957 1460 etsi
973 1429 1096 1460 durum
1112 1430 1226 1460 elicere
1241 1429 1303 1459 hoc
1319 1438 1421 1460 sensu
1435 1432 1471 1460 et
1486 1429 1630 1460 inusita-

890 1480 980 1511 tum,
996 1480 1113 1503 tamen
1130 1483 1191 1503 nec
1217 1473 1338 1512 ejicere
1361 1483 1479 1503 vocem
1494 1472 1630 1504 mollius

891 1522 1009 1558 putem
1027 1527 1065 1547 ac
1082 1517 1242 1547 Cicerone
1261 1517 1413 1556 dignum.
1438 1517 1557 1557 Neque
1572 1527 1631 1548 ex-

891 1561 1042 1602 emplum
1068 1561 1168 1601 hujus
1192 1561 1309 1591 formae
1347 1560 1505 1600 loquendi
1538 1561 1629 1601 quis-

892 1615 1007 1644 quam,
1023 1604 1112 1644 quod
1136 1605 1253 1641 sciam,
1270 1604 1398 1641 attulit,
1415 1610 1476 1635 aut
1498 1614 1552 1635 me
1577 1615 1630 1635 re-

894 1650 1000 1688 perire
1015 1648 1168 1678 memini.
1212 1648 1326 1678 Ursini
1343 1654 1458 1678 autem
1475 1648 1574 1679 fidem
1593 1649 1630 1679 in

894 1693 956 1722 hoc
972 1702 1093 1731 genere
1110 1691 1293 1722 sublestam
1303 1702 1387 1727 esse,
1403 1692 1476 1731 quis
1493 1693 1626 1723 nescit?

895 1737 1008 1767 Potest
1023 1737 1125 1766 etiam
1143 1737 1250 1766 eliciat
1266 1736 1382 1766 referri
1401 1735 1443 1766 ad
1463 1735 1628 1767 Clodiam.

892 1780 1037 1810 Veretur
1053 1789 1095 1809 ne
1112 1782 1220 1810 eliciat
1237 1780 1363 1810 aedibus
1380 1789 1506 1810 vocem.
1529 1780 1629 1820 Quod

891 1824 918 1854 si
931 1825 1039 1855 eliciat
1055 1824 1098 1854 ad
1113 1823 1250 1854 domum
1267 1823 1390 1853 referas
1408 1827 1443 1854 et
1460 1823 1627 1865 interpre-

891 1873 962 1898 tere
979 1867 1128 1905 emittat,
1144 1867 1252 1898 simile
1275 1872 1327 1897 est
1343 1866 1413 1897 illi:
1449 1876 1627 1907 erumpere

891 1911 1118 1949 stomachum,
1134 1912 1208 1942 Att.
1230 1911 1295 1941 xvi.
1310 1914 1342 1942 3.
1365 1921 1426 1950 pro
1441 1911 1626 1942 effundere.

891 1955 1091 1986 Stomachus
1107 1956 1199 1985 enim
1226 1955 1375 1995 erumpit
1394 1956 1539 1995 proprie,
1559 1965 1629 1987 non

891 1999 1100 2039 erumpimus
1116 1999 1342 2029 stomachum.
1387 1999 1441 2028 Sic
1463 2009 1526 2030 vox
1539 2001 1628 2030 elici-

892 2049 950 2074 tur
975 2043 1102 2074 aedibus
1128 2044 1275 2083 proprie,
1302 2052 1370 2073 non
1396 2043 1516 2074 domus
1539 2045 1628 2075 elicit

891 2097 1018 2118 vocem.
1042 2086 1062 2105 ὖ
1085 2097 1163 2117 cum
1190 2087 1245 2125 ad,
1274 2097 1332 2127 pro
1354 2086 1500 2117 allicere.
1529 2087 1625 2118 Balb.

895 2132 944 2162 16.
968 2130 1150 2161 Gaditanos
1165 2131 1312 2172 praemiis
1327 2132 1440 2161 elicere
1455 2130 1498 2160 ad
1520 2131 1581 2161 διο.

933 2174 1084 2213 Elidere,
1096 2174 1264 2214 frangere,
1281 2184 1448 2214 rumpere.
1461 2173 1492 2204 T
1495 2184 1564 2205 use.
1576 2175 1623 2206 iii.

886 2221 939 2250 34.
985 2219 1111 2258 stirpes
1134 2219 1343 2258 aegritudinis
1365 2222 1485 2249 trunco
1511 2228 1627 2250 everso

886 2272 1003 2293 omnes
1019 2263 1173 2294 elidenda·
1199 2267 1291 2293 sunt.
1319 2262 1398 2293 ibid.
1425 2262 1524 2293 fibras
1547 2263 1624 2293 stir-
1657 2270 1660 2272 '

886 2308 981 2347 pium
998 2307 1127 2339 elidere.
1158 2306 1224 2337 Sed
1239 2306 1285 2336 ibi
1300 2304 1366 2336 alia
1382 2305 1482 2336 lectio
1498 2313 1550 2336 est
1564 2306 1626 2337 eli-

888 2351 1006 2390 gendae
1032 2354 1067 2380 et
1082 2350 1219 2390 eligere,
1247 2359 1346 2390 quam
1366 2349 1517 2381 defendit
1539 2350 1625 2381 Bur-

887 2404 1002 2425 mann.
1026 2394 1068 2424 ad
1096 2394 1188 2434 Virg.
1212 2394 1252 2425 G.
1271 2394 1305 2424 ii.
1321 2397 1396 2428 407.
1420 2393 1498 2424 ibid.
1516 2394 1551 2424 ii.
1572 2397 1622 2425 11.

889 2438 1002 2468 Poeta}
1029 2447 1147 2468 nervos
1180 2447 1297 2468 omnes
1324 2437 1459 2467 iirtutis
1484 2437 1623 2468 elidunt.

887 2482 966 2512 ibid.
980 2492 1011 2512 v.
1028 2482 1058 2512 6.
1080 2482 1137 2521 qui
1154 2482 1252 2513 rebus
1268 2481 1320 2512 his
1343 2481 1469 2512 fractus
1485 2482 1623 2521 aegritu-

886 2526 963 2556 dine
976 2526 1122 2556 eliditur.

930 2570 1099 2601 Elimare.
1121 2567 1291 2599 elaborare
1319 2567 1511 2607 diligenter.
1545 2568 1619 2599 Att.

886 2613 950 2644 xvi.
976 2617 1008 2648 7.
1033 2612 1132 2644 velim
1154 2610 1277 2653 σχὸλιον
1298 2611 1432 2650 aliquod
1454 2613 1564 2642 elimes
1579 2611 1621 2643 ad

886 2667 954 2695 me,
971 2658 1156 2698 oportuisse
1171 2662 1206 2686 te
1231 2657 1318 2686 istuc
1333 2655 1453 2686 facere.

930 2700 1115 2738 Elimatus‚
1131 2699 1277 2736 subtilis,
1293 2704 1424 2729 acutus.
1447 2698 1550 2730 Acad.
1577 2700 1622 2731 iv.

885 2746 938 2776 ⁶20.
957 2755 1100 2784 magnus
1115 2754 1191 2774 sum
1206 2744 1374 2783 opinator,
1391 2746 1427 2773 et
1445 2743 1624 2782 cogitatio-

885 2798 944 2819 nes
961 2798 1052 2819 meas
1065 2787 1257 2827 dirigo—ad
1271 2787 1417 2817 rationes
1431 2785 1490 2817 has
1503 2786 1621 2817 latiore

885 2833 1008 2872 specie,
1027 2841 1094 2863 non
1110 2831 1151 2862 ad
1165 2835 1269 2861 tenue
1285 2832 1444 2861 elimatas.
1459 2830 1619 2861 Rationes

885 2875 1003 2906 latiore
1020 2875 1143 2916 specie,
1159 2879 1252 2912 sunt,
1269 2881 1307 2905 ut
1323 2879 1399 2914 post
1417 2875 1618 2914 interpreta-

884 2924 954 2957 tur,
971 2921 1053 2958 visa,
1070 2929 1144 2958 quae
1160 2919 1282 2950 acriter
1298 2922 1449 2950 mentem
1465 2927 1618 2949 sensum-
