<?xml version="1.0" encoding="UTF-8"?>
<!DOCTYPE html PUBLIC "-//W3C//DTD XHTML 1.0 Transitional//EN"
    "http://www.w3.org/TR/xhtml1/DTD/xhtml1-transitional.dtd">
<html xmlns="http://www.w3.org/1999/xhtml" xml:lang="en" lang="en">
 <head>
  <title>
</title>
<meta http-equiv="Content-Type" content="text/html;charset=utf-8" />
  <meta name='ocr-system' content='tesseract 3.04.00' />
  <meta name='ocr-capabilities' content='ocr_page ocr_carea ocr_par ocr_line ocrx_word'/>
</head>
<body>
  <div class='ocr_page' id='page_1' title='image "./operaomnia05ciceuoft/operaomnia05ciceuoft_0090.png"; bbox 0 0 1800 3131; ppageno 0'>
   <div class='ocr_carea' id='block_1_1' title="bbox 212 65 267 103">
    <p class='ocr_par' dir='ltr' id='par_1_1' title="bbox 212 65 267 103">
     <span class='ocr_line' id='line_1_1' title="bbox 212 65 267 103; baseline 0 0"><span class='ocrx_word' id='word_1_1' title='bbox 212 65 267 103; x_wconf 81' lang='lat'>80</span> 
     </span>
    </p>
   </div>
   <div class='ocr_carea' id='block_1_2' title="bbox 203 162 945 2908">
    <p class='ocr_par' dir='ltr' id='par_1_2' title="bbox 209 162 932 248">
     <span class='ocr_line' id='line_1_2' title="bbox 209 162 932 204; baseline 0.001 -11"><span class='ocrx_word' id='word_1_2' title='bbox 209 162 383 194; x_wconf 84' lang='lat' dir='ltr'>bellariam</span> <span class='ocrx_word' id='word_1_3' title='bbox 408 162 487 202; x_wconf 81' lang='lat' dir='ltr'>fert,</span> <span class='ocrx_word' id='word_1_4' title='bbox 510 172 627 194; x_wconf 79' lang='lat' dir='ltr'>auram</span> <span class='ocrx_word' id='word_1_5' title='bbox 655 163 851 204; x_wconf 78' lang='lat' dir='ltr'>popularem</span> <span class='ocrx_word' id='word_1_6' title='bbox 878 174 932 194; x_wconf 88' lang='lat' dir='ltr'>ca-</span> 
     </span>
     <span class='ocr_line' id='line_1_3' title="bbox 211 212 322 248; baseline 0 -11"><span class='ocrx_word' id='word_1_7' title='bbox 211 212 322 248; x_wconf 85' lang='lat' dir='ltr'>ptans.</span> 
     </span>
    </p>

    <p class='ocr_par' dir='ltr' id='par_1_3' title="bbox 212 250 933 335">
     <span class='ocr_line' id='line_1_4' title="bbox 256 250 933 291; baseline 0 -9"><span class='ocrx_word' id='word_1_8' title='bbox 256 251 298 282; x_wconf 92' lang='lat' dir='ltr'>L.</span> <span class='ocrx_word' id='word_1_9' title='bbox 320 251 457 288; x_wconf 77' lang='lat' dir='ltr'>Cassi-us,</span> <span class='ocrx_word' id='word_1_10' title='bbox 475 250 547 281; x_wconf 79' lang='lat' dir='ltr'>Clu.</span> <span class='ocrx_word' id='word_1_11' title='bbox 569 254 621 282; x_wconf 80' lang='grc'>38.</span> <span class='ocrx_word' id='word_1_12' title='bbox 655 252 808 289; x_wconf 81' lang='lat' dir='ltr'>Senator,</span> <span class='ocrx_word' id='word_1_13' title='bbox 825 256 859 282; x_wconf 88' lang='lat' dir='ltr'>et</span> <span class='ocrx_word' id='word_1_14' title='bbox 876 251 933 291; x_wconf 85' lang='lat' dir='ltr'>ju-</span> 
     </span>
     <span class='ocr_line' id='line_1_5' title="bbox 212 294 644 335; baseline 0.002 -11"><span class='ocrx_word' id='word_1_15' title='bbox 212 294 275 325; x_wconf 81' lang='lat' dir='ltr'>dex</span> <span class='ocrx_word' id='word_1_16' title='bbox 292 295 326 325; x_wconf 91' lang='lat' dir='ltr'>in</span> <span class='ocrx_word' id='word_1_17' title='bbox 344 304 444 324; x_wconf 85' lang='lat' dir='ltr'>causa</span> <span class='ocrx_word' id='word_1_18' title='bbox 458 294 644 335; x_wconf 71' lang='lat' dir='ltr'>Oppianici.</span> 
     </span>
    </p>

    <p class='ocr_par' dir='ltr' id='par_1_4' title="bbox 206 337 934 510">
     <span class='ocr_line' id='line_1_6' title="bbox 257 337 933 379; baseline -0.001 -10"><span class='ocrx_word' id='word_1_19' title='bbox 257 337 300 369; x_wconf 86' lang='lat' dir='ltr'>L.</span> <span class='ocrx_word' id='word_1_20' title='bbox 322 338 459 376; x_wconf 76' lang='lat' dir='ltr'>Cassius,</span> <span class='ocrx_word' id='word_1_21' title='bbox 477 338 574 369; x_wconf 59' lang='lat' dir='ltr'>catil.</span> <span class='ocrx_word' id='word_1_22' title='bbox 591 339 638 369; x_wconf 89' lang='lat' dir='ltr'>iii.</span> <span class='ocrx_word' id='word_1_23' title='bbox 653 341 684 370; x_wconf 83' lang='lat'>4.</span> <span class='ocrx_word' id='word_1_24' title='bbox 709 348 768 379; x_wconf 91' lang='lat' dir='ltr'>pro</span> <span class='ocrx_word' id='word_1_25' title='bbox 783 338 864 368; x_wconf 80' lang='lat' dir='ltr'>Suu.</span> <span class='ocrx_word' id='word_1_26' title='bbox 885 341 933 368; x_wconf 82' lang='lat'>13.</span> 
     </span>
     <span class='ocr_line' id='line_1_7' title="bbox 210 381 934 422; baseline -0.003 -10"><span class='ocrx_word' id='word_1_27' title='bbox 210 383 321 413; x_wconf 76' lang='lat' dir='ltr'>socius</span> <span class='ocrx_word' id='word_1_28' title='bbox 338 381 504 412; x_wconf 81' lang='lat' dir='ltr'>Catilinae.</span> <span class='ocrx_word' id='word_1_29' title='bbox 515 381 592 421; x_wconf 78' lang='lat' dir='ltr'>ficit</span> <span class='ocrx_word' id='word_1_30' title='bbox 606 384 791 422; x_wconf 74' lang='lat' dir='ltr'>competitor</span> <span class='ocrx_word' id='word_1_31' title='bbox 812 382 934 413; x_wconf 79' lang='lat' dir='ltr'>Cicero-</span> 
     </span>
     <span class='ocr_line' id='line_1_8' title="bbox 211 426 933 457; baseline -0.003 -1"><span class='ocrx_word' id='word_1_32' title='bbox 211 427 262 457; x_wconf 73' lang='lat' dir='ltr'>nis</span> <span class='ocrx_word' id='word_1_33' title='bbox 289 428 325 456; x_wconf 77' lang='lat' dir='ltr'>in.</span> <span class='ocrx_word' id='word_1_34' title='bbox 362 426 552 456; x_wconf 74' lang='lat' dir='ltr'>Consulatu.</span> <span class='ocrx_word' id='word_1_35' title='bbox 597 426 651 456; x_wconf 80' lang='lat' dir='ltr'>An</span> <span class='ocrx_word' id='word_1_36' title='bbox 681 427 765 456; x_wconf 76' lang='lat' dir='ltr'>idem</span> <span class='ocrx_word' id='word_1_37' title='bbox 792 426 835 457; x_wconf 78' lang='lat' dir='ltr'>sit</span> <span class='ocrx_word' id='word_1_38' title='bbox 857 435 933 456; x_wconf 76' lang='lat' dir='ltr'>cam</span> 
     </span>
     <span class='ocr_line' id='line_1_9' title="bbox 206 470 549 510; baseline 0 -10"><span class='ocrx_word' id='word_1_39' title='bbox 206 470 421 510; x_wconf 76' lang='lat' dir='ltr'>proecedente,</span> <span class='ocrx_word' id='word_1_40' title='bbox 437 471 549 500; x_wconf 64' lang='lat' dir='ltr'>nescio.</span> 
     </span>
    </p>

    <p class='ocr_par' dir='ltr' id='par_1_5' title="bbox 210 511 935 856">
     <span class='ocr_line' id='line_1_10' title="bbox 255 511 934 555; baseline -0.004 -11"><span class='ocrx_word' id='word_1_41' title='bbox 255 514 300 555; x_wconf 74' lang='lat' dir='ltr'>Q.</span> <span class='ocrx_word' id='word_1_42' title='bbox 334 513 471 551; x_wconf 76' lang='lat' dir='ltr'>Cassius,</span> <span class='ocrx_word' id='word_1_43' title='bbox 498 513 683 552; x_wconf 77' lang='lat' dir='ltr'><em>Longinus,</em></span> <span class='ocrx_word' id='word_1_44' title='bbox 698 511 819 552; x_wconf 79' lang='lat' dir='ltr'>frater</span> <span class='ocrx_word' id='word_1_45' title='bbox 850 511 934 549; x_wconf 83' lang='lat' dir='ltr'>Caii,</span> 
     </span>
     <span class='ocr_line' id='line_1_11' title="bbox 210 557 933 597; baseline -0.004 -10"><span class='ocrx_word' id='word_1_46' title='bbox 210 558 407 597; x_wconf 69' lang='lat' dir='ltr'>permissor-is</span> <span class='ocrx_word' id='word_1_47' title='bbox 438 557 580 588; x_wconf 79' lang='lat' dir='ltr'>Ca’saris.</span> <span class='ocrx_word' id='word_1_48' title='bbox 615 557 687 587; x_wconf 83' lang='lat' dir='ltr'>Att.</span> <span class='ocrx_word' id='word_1_49' title='bbox 711 558 751 586; x_wconf 88' lang='lat' dir='ltr'>vi.</span> <span class='ocrx_word' id='word_1_50' title='bbox 776 557 806 586; x_wconf 85' lang='lat'>6.</span> <span class='ocrx_word' id='word_1_51' title='bbox 842 565 933 594; x_wconf 83' lang='lat' dir='ltr'>quae-</span> 
     </span>
     <span class='ocr_line' id='line_1_12' title="bbox 211 600 933 641; baseline -0.006 -10"><span class='ocrx_word' id='word_1_52' title='bbox 211 606 284 631; x_wconf 84' lang='lat' dir='ltr'>stor</span> <span class='ocrx_word' id='word_1_53' title='bbox 307 601 455 641; x_wconf 85' lang='lat' dir='ltr'>Pompeii</span> <span class='ocrx_word' id='word_1_54' title='bbox 481 601 515 630; x_wconf 89' lang='lat' dir='ltr'>in</span> <span class='ocrx_word' id='word_1_55' title='bbox 542 600 707 640; x_wconf 85' lang='lat' dir='ltr'>Hispania</span> <span class='ocrx_word' id='word_1_56' title='bbox 731 600 803 629; x_wconf 89' lang='lat' dir='ltr'>sine</span> <span class='ocrx_word' id='word_1_57' title='bbox 832 603 933 629; x_wconf 81' lang='lat' dir='ltr'><strong>sorte.</strong></span> 
     </span>
     <span class='ocr_line' id='line_1_13' title="bbox 212 642 934 682; baseline -0.006 -7"><span class='ocrx_word' id='word_1_58' title='bbox 212 644 255 675; x_wconf 80' lang='lat' dir='ltr'>ad</span> <span class='ocrx_word' id='word_1_59' title='bbox 280 645 356 675; x_wconf 77' lang='lat' dir='ltr'>Div.</span> <span class='ocrx_word' id='word_1_60' title='bbox 373 644 437 674; x_wconf 64' lang='lat' dir='ltr'>xvi.</span> <span class='ocrx_word' id='word_1_61' title='bbox 465 647 511 674; x_wconf 93' lang='lat' dir='ltr'>ll.</span> <span class='ocrx_word' id='word_1_62' title='bbox 545 643 637 674; x_wconf 80' lang='lat' dir='ltr'>Trib.</span> <span class='ocrx_word' id='word_1_63' title='bbox 661 643 706 682; x_wconf 87' lang='lat' dir='ltr'>pl.</span> <span class='ocrx_word' id='word_1_64' title='bbox 727 642 875 673; x_wconf 81' lang='lat' dir='ltr'><strong>Lentulo</strong></span> <span class='ocrx_word' id='word_1_65' title='bbox 898 646 934 672; x_wconf 83' lang='lat' dir='ltr'>et</span> 
     </span>
     <span class='ocr_line' id='line_1_14' title="bbox 211 686 934 719; baseline -0.006 0"><span class='ocrx_word' id='word_1_66' title='bbox 211 687 372 719; x_wconf 88' lang='lat' dir='ltr'>Marcello</span> <span class='ocrx_word' id='word_1_67' title='bbox 396 687 485 717; x_wconf 83' lang='lat' dir='ltr'>Coss.</span> <span class='ocrx_word' id='word_1_68' title='bbox 503 697 580 717; x_wconf 87' lang='lat' dir='ltr'>eum</span> <span class='ocrx_word' id='word_1_69' title='bbox 602 686 750 716; x_wconf 85' lang='lat' dir='ltr'>Antonio</span> <span class='ocrx_word' id='word_1_70' title='bbox 766 691 800 716; x_wconf 84' lang='lat' dir='ltr'>et</span> <span class='ocrx_word' id='word_1_71' title='bbox 818 686 934 717; x_wconf 87' lang='lat' dir='ltr'>Curio-</span> 
     </span>
     <span class='ocr_line' id='line_1_15' title="bbox 210 729 935 770; baseline -0.004 -8"><span class='ocrx_word' id='word_1_72' title='bbox 210 741 254 763; x_wconf 82' lang='lat' dir='ltr'>ne</span> <span class='ocrx_word' id='word_1_73' title='bbox 281 731 323 761; x_wconf 84' lang='lat' dir='ltr'>ad</span> <span class='ocrx_word' id='word_1_74' title='bbox 348 732 513 761; x_wconf 82' lang='lat' dir='ltr'>Caesarem</span> <span class='ocrx_word' id='word_1_75' title='bbox 539 731 775 770; x_wconf 86' lang='lat' dir='ltr'>proficiscitur.</span> <span class='ocrx_word' id='word_1_76' title='bbox 802 730 876 760; x_wconf 81' lang='lat' dir='ltr'>add.</span> <span class='ocrx_word' id='word_1_77' title='bbox 893 729 935 759; x_wconf 84' lang='lat' dir='ltr'>ad</span> 
     </span>
     <span class='ocr_line' id='line_1_16' title="bbox 212 773 933 814; baseline -0.006 -7"><span class='ocrx_word' id='word_1_78' title='bbox 212 775 284 807; x_wconf 83' lang='lat' dir='ltr'>Att.</span> <span class='ocrx_word' id='word_1_79' title='bbox 300 775 354 805; x_wconf 92' lang='lat' dir='ltr'>vii.</span> <span class='ocrx_word' id='word_1_80' title='bbox 371 778 401 805; x_wconf 90' lang='lat'>3.</span> <span class='ocrx_word' id='word_1_81' title='bbox 421 774 469 804; x_wconf 85' lang='lat'>16.</span> <span class='ocrx_word' id='word_1_82' title='bbox 495 773 577 804; x_wconf 88' lang='lat' dir='ltr'>Phil.</span> <span class='ocrx_word' id='word_1_83' title='bbox 594 775 640 804; x_wconf 92' lang='lat' dir='ltr'>iii.</span> <span class='ocrx_word' id='word_1_84' title='bbox 662 777 710 805; x_wconf 93' lang='grc' dir='ltr'>1Ο.</span> <span class='ocrx_word' id='word_1_85' title='bbox 734 773 933 814; x_wconf 78' lang='lat' dir='ltr'>Hispaniam</span> 
     </span>
     <span class='ocr_line' id='line_1_17' title="bbox 212 817 784 856; baseline -0.005 -6"><span class='ocrx_word' id='word_1_86' title='bbox 212 819 366 856; x_wconf 84' lang='lat' dir='ltr'>sortitur,</span> <span class='ocrx_word' id='word_1_87' title='bbox 383 818 544 848; x_wconf 77' lang='lat' dir='ltr'>sortiente</span> <span class='ocrx_word' id='word_1_88' title='bbox 561 817 608 848; x_wconf 91' lang='lat' dir='ltr'>M.</span> <span class='ocrx_word' id='word_1_89' title='bbox 625 818 784 848; x_wconf 80' lang='lat' dir='ltr'>Antonio.</span> 
     </span>
    </p>

    <p class='ocr_par' dir='ltr' id='par_1_6' title="bbox 211 860 937 1199">
     <span class='ocr_line' id='line_1_18' title="bbox 259 860 934 902; baseline -0.004 -9"><span class='ocrx_word' id='word_1_90' title='bbox 259 862 316 902; x_wconf 80' lang='lat' dir='ltr'>Sp.</span> <span class='ocrx_word' id='word_1_91' title='bbox 361 862 499 899; x_wconf 70' lang='lat' dir='ltr'>Cassius,</span> <span class='ocrx_word' id='word_1_92' title='bbox 534 861 736 892; x_wconf 81' lang='lat' dir='ltr'>Viscellinus.</span> <span class='ocrx_word' id='word_1_93' title='bbox 768 860 849 891; x_wconf 82' lang='lat' dir='ltr'>Lael.</span> <span class='ocrx_word' id='word_1_94' title='bbox 885 863 934 891; x_wconf 92' lang='lat' dir='ltr'>ll.</span> 
     </span>
     <span class='ocr_line' id='line_1_19' title="bbox 212 904 934 938; baseline -0.007 0"><span class='ocrx_word' id='word_1_95' title='bbox 212 906 307 938; x_wconf 86' lang='lat' dir='ltr'>Balb.</span> <span class='ocrx_word' id='word_1_96' title='bbox 323 907 375 937; x_wconf 72' lang='lat'>23.</span> <span class='ocrx_word' id='word_1_97' title='bbox 398 905 485 935; x_wconf 87' lang='lat' dir='ltr'>Cum</span> <span class='ocrx_word' id='word_1_98' title='bbox 503 905 629 935; x_wconf 88' lang='lat' dir='ltr'>Consul</span> <span class='ocrx_word' id='word_1_99' title='bbox 644 915 721 935; x_wconf 84' lang='lat' dir='ltr'>eum</span> <span class='ocrx_word' id='word_1_100' title='bbox 738 904 934 935; x_wconf 85' lang='lat' dir='ltr'>Posthumio</span> 
     </span>
     <span class='ocr_line' id='line_1_20' title="bbox 214 947 935 986; baseline -0.004 -6"><span class='ocrx_word' id='word_1_101' title='bbox 214 949 369 980; x_wconf 86' lang='lat' dir='ltr'>Cominio</span> <span class='ocrx_word' id='word_1_102' title='bbox 391 955 490 986; x_wconf 87' lang='lat' dir='ltr'>esset,</span> <span class='ocrx_word' id='word_1_103' title='bbox 508 948 613 979; x_wconf 85' lang='lat' dir='ltr'>foedus</span> <span class='ocrx_word' id='word_1_104' title='bbox 631 948 759 978; x_wconf 79' lang='lat' dir='ltr'>factum</span> <span class='ocrx_word' id='word_1_105' title='bbox 777 958 853 978; x_wconf 85' lang='lat' dir='ltr'>eum</span> <span class='ocrx_word' id='word_1_106' title='bbox 871 947 935 977; x_wconf 85' lang='lat' dir='ltr'>La-</span> 
     </span>
     <span class='ocr_line' id='line_1_21' title="bbox 211 991 935 1029; baseline -0.003 -6"><span class='ocrx_word' id='word_1_107' title='bbox 211 994 305 1024; x_wconf 86' lang='lat' dir='ltr'>tinis.</span> <span class='ocrx_word' id='word_1_108' title='bbox 343 994 375 1024; x_wconf 90' lang='lat' dir='ltr'>Is</span> <span class='ocrx_word' id='word_1_109' title='bbox 390 996 435 1023; x_wconf 82' lang='lat' dir='ltr'>est</span> <span class='ocrx_word' id='word_1_110' title='bbox 448 994 633 1023; x_wconf 76' lang='lat' dir='ltr'>consulatus</span> <span class='ocrx_word' id='word_1_111' title='bbox 653 992 823 1029; x_wconf 76' lang='lat' dir='ltr'>secundus,</span> <span class='ocrx_word' id='word_1_112' title='bbox 840 1001 871 1021; x_wconf 85' lang='grc' dir='ltr'>α.</span> <span class='ocrx_word' id='word_1_113' title='bbox 895 991 935 1022; x_wconf 91' lang='lat' dir='ltr'>U.</span> 
     </span>
     <span class='ocr_line' id='line_1_22' title="bbox 213 1035 935 1075; baseline -0.003 -8"><span class='ocrx_word' id='word_1_114' title='bbox 213 1044 316 1067; x_wconf 83' lang='lat' dir='ltr'>CCLx.</span> <span class='ocrx_word' id='word_1_115' title='bbox 362 1037 455 1067; x_wconf 85' lang='lat' dir='ltr'>Nam</span> <span class='ocrx_word' id='word_1_116' title='bbox 473 1041 524 1066; x_wconf 83' lang='lat' dir='ltr'>ter</span> <span class='ocrx_word' id='word_1_117' title='bbox 538 1038 649 1066; x_wconf 79' lang='lat' dir='ltr'>consul</span> <span class='ocrx_word' id='word_1_118' title='bbox 658 1035 745 1075; x_wconf 72' lang='lat' dir='ltr'>ficit.</span> <span class='ocrx_word' id='word_1_119' title='bbox 765 1036 866 1066; x_wconf 85' lang='lat' dir='ltr'>Dom.</span> <span class='ocrx_word' id='word_1_120' title='bbox 882 1038 935 1066; x_wconf 85' lang='lat'>38.</span> 
     </span>
     <span class='ocr_line' id='line_1_23' title="bbox 213 1080 936 1120; baseline -0.001 -11"><span class='ocrx_word' id='word_1_121' title='bbox 213 1080 285 1119; x_wconf 80' lang='lat' dir='ltr'>ejus</span> <span class='ocrx_word' id='word_1_122' title='bbox 298 1081 415 1111; x_wconf 88' lang='lat' dir='ltr'>domus</span> <span class='ocrx_word' id='word_1_123' title='bbox 432 1080 472 1110; x_wconf 89' lang='lat' dir='ltr'>ob</span> <span class='ocrx_word' id='word_1_124' title='bbox 489 1089 630 1119; x_wconf 82' lang='lat' dir='ltr'>regnum</span> <span class='ocrx_word' id='word_1_125' title='bbox 645 1084 832 1120; x_wconf 79' lang='lat' dir='ltr'>appetitum</span> <span class='ocrx_word' id='word_1_126' title='bbox 845 1088 936 1108; x_wconf 82' lang='lat' dir='ltr'>ever-</span> 
     </span>
     <span class='ocr_line' id='line_1_24' title="bbox 212 1123 937 1162; baseline -0.004 -7"><span class='ocrx_word' id='word_1_127' title='bbox 212 1126 312 1162; x_wconf 82' lang='lat' dir='ltr'>titur,</span> <span class='ocrx_word' id='word_1_128' title='bbox 329 1130 365 1155; x_wconf 84' lang='lat' dir='ltr'>et</span> <span class='ocrx_word' id='word_1_129' title='bbox 387 1125 422 1154; x_wconf 90' lang='lat' dir='ltr'>in</span> <span class='ocrx_word' id='word_1_130' title='bbox 446 1134 486 1154; x_wconf 91' lang='lat' dir='ltr'>eo</span> <span class='ocrx_word' id='word_1_131' title='bbox 509 1123 582 1154; x_wconf 86' lang='lat' dir='ltr'>loco</span> <span class='ocrx_word' id='word_1_132' title='bbox 605 1124 692 1154; x_wconf 76' lang='lat' dir='ltr'>aedes</span> <span class='ocrx_word' id='word_1_133' title='bbox 714 1123 858 1154; x_wconf 85' lang='lat' dir='ltr'>Telluris</span> <span class='ocrx_word' id='word_1_134' title='bbox 881 1132 937 1152; x_wconf 82' lang='lat' dir='ltr'>ex-</span> 
     </span>
     <span class='ocr_line' id='line_1_25' title="bbox 213 1167 610 1199; baseline -0.005 0"><span class='ocrx_word' id='word_1_135' title='bbox 213 1169 369 1199; x_wconf 70' lang='lat' dir='ltr'>struitur.</span> <span class='ocrx_word' id='word_1_136' title='bbox 383 1168 460 1198; x_wconf 78' lang='lat' dir='ltr'>add.</span> <span class='ocrx_word' id='word_1_137' title='bbox 476 1167 610 1198; x_wconf 71' lang='lat' dir='ltr'>Viscell.</span> 
     </span>
    </p>

    <p class='ocr_par' dir='ltr' id='par_1_7' title="bbox 213 1208 940 1464">
     <span class='ocr_line' id='line_1_26' title="bbox 262 1208 938 1252; baseline -0.004 -8"><span class='ocrx_word' id='word_1_138' title='bbox 262 1209 463 1252; x_wconf 49' lang='grc' dir='ltr'>ὠκέως-,θῇ</span> <span class='ocrx_word' id='word_1_139' title='bbox 464 1222 500 1242; x_wconf 85' lang='lat' dir='ltr'>as</span> <span class='ocrx_word' id='word_1_140' title='bbox 508 1215 553 1242; x_wconf 79' lang='lat' dir='ltr'>ese</span> <span class='ocrx_word' id='word_1_141' title='bbox 563 1212 693 1252; x_wconf 79' lang='lat' dir='ltr'>epistola</span> <span class='ocrx_word' id='word_1_142' title='bbox 703 1210 748 1240; x_wconf 82' lang='lat' dir='ltr'>ad</span> <span class='ocrx_word' id='word_1_143' title='bbox 758 1208 938 1241; x_wconf 70' lang='lat' dir='ltr'>Ciceronem</span> 
     </span>
     <span class='ocr_line' id='line_1_27' title="bbox 213 1254 940 1296; baseline -0.006 -8"><span class='ocrx_word' id='word_1_144' title='bbox 213 1255 292 1288; x_wconf 86' lang='lat' dir='ltr'>Div.</span> <span class='ocrx_word' id='word_1_145' title='bbox 307 1256 363 1287; x_wconf 80' lang='lat' dir='ltr'>xii.</span> <span class='ocrx_word' id='word_1_146' title='bbox 382 1258 432 1287; x_wconf 78' lang='lat'>13.</span> <span class='ocrx_word' id='word_1_147' title='bbox 461 1266 477 1285; x_wconf 82' lang='lat' dir='ltr'>e</span> <span class='ocrx_word' id='word_1_148' title='bbox 498 1254 610 1296; x_wconf 74' lang='lat' dir='ltr'>Cypro.</span> <span class='ocrx_word' id='word_1_149' title='bbox 635 1255 790 1295; x_wconf 78' lang='lat' dir='ltr'>Quaestor</span> <span class='ocrx_word' id='word_1_150' title='bbox 804 1258 940 1284; x_wconf 76' lang='lat' dir='ltr'>vocatur</span> 
     </span>
     <span class='ocr_line' id='line_1_28' title="bbox 213 1298 939 1340; baseline -0.006 -9"><span class='ocrx_word' id='word_1_151' title='bbox 213 1304 252 1331; x_wconf 77' lang='lat' dir='ltr'>in</span> <span class='ocrx_word' id='word_1_152' title='bbox 281 1300 488 1340; x_wconf 67' lang='lat' dir='ltr'>inse‘mptione</span> <span class='ocrx_word' id='word_1_153' title='bbox 519 1300 666 1338; x_wconf 78' lang='lat' dir='ltr'>epistoloe.</span> <span class='ocrx_word' id='word_1_154' title='bbox 711 1298 797 1328; x_wconf 84' lang='lat' dir='ltr'>Mari</span> <span class='ocrx_word' id='word_1_155' title='bbox 828 1307 939 1337; x_wconf 84' lang='lat' dir='ltr'>perse-</span> 
     </span>
     <span class='ocr_line' id='line_1_29' title="bbox 213 1341 940 1384; baseline -0.003 -10"><span class='ocrx_word' id='word_1_156' title='bbox 213 1345 331 1384; x_wconf 85' lang='lat' dir='ltr'>quitur</span> <span class='ocrx_word' id='word_1_157' title='bbox 345 1344 484 1374; x_wconf 80' lang='lat' dir='ltr'>classem</span> <span class='ocrx_word' id='word_1_158' title='bbox 499 1342 683 1373; x_wconf 81' lang='lat' dir='ltr'>Dolabellae</span> <span class='ocrx_word' id='word_1_159' title='bbox 700 1343 760 1372; x_wconf 56' lang='lat' dir='ltr'>&amp;a</span> <span class='ocrx_word' id='word_1_160' title='bbox 800 1341 940 1372; x_wconf 74' lang='lat' dir='ltr'>Videtur</span> 
     </span>
     <span class='ocr_line' id='line_1_30' title="bbox 213 1385 940 1428; baseline -0.003 -10"><span class='ocrx_word' id='word_1_161' title='bbox 213 1398 292 1428; x_wconf 80' lang='lat' dir='ltr'>ergo</span> <span class='ocrx_word' id='word_1_162' title='bbox 313 1387 346 1419; x_wconf 88' lang='lat' dir='ltr'>C.</span> <span class='ocrx_word' id='word_1_163' title='bbox 369 1387 467 1425; x_wconf 61' lang='lat' dir='ltr'>Cassii</span> <span class='ocrx_word' id='word_1_164' title='bbox 482 1391 618 1426; x_wconf 76' lang='lat' dir='ltr'>quaestor</span> <span class='ocrx_word' id='word_1_165' title='bbox 626 1385 748 1426; x_wconf 62' lang='lat' dir='ltr'>sicis-se,</span> <span class='ocrx_word' id='word_1_166' title='bbox 761 1389 822 1416; x_wconf 81' lang='lat' dir='ltr'>aut</span> <span class='ocrx_word' id='word_1_167' title='bbox 830 1386 940 1426; x_wconf 70' lang='lat' dir='ltr'>potius</span> 
     </span>
     <span class='ocr_line' id='line_1_31' title="bbox 216 1431 523 1464; baseline -0.01 -1"><span class='ocrx_word' id='word_1_168' title='bbox 216 1431 370 1464; x_wconf 64' lang='lat' dir='ltr'>Trebonii</span> <span class='ocrx_word' id='word_1_169' title='bbox 383 1433 418 1460; x_wconf 82' lang='lat' dir='ltr'>in</span> <span class='ocrx_word' id='word_1_170' title='bbox 434 1431 523 1462; x_wconf 76' lang='lat' dir='ltr'>Asia.</span> 
     </span>
    </p>

    <p class='ocr_par' dir='ltr' id='par_1_8' title="bbox 203 1473 940 1648">
     <span class='ocr_line' id='line_1_32' title="bbox 263 1473 940 1514; baseline -0.004 -7"><span class='ocrx_word' id='word_1_171' title='bbox 263 1476 401 1512; x_wconf 72' lang='lat' dir='ltr'>Cassius,</span> <span class='ocrx_word' id='word_1_172' title='bbox 416 1474 510 1505; x_wconf 80' lang='lat' dir='ltr'>Balb.</span> <span class='ocrx_word' id='word_1_173' title='bbox 538 1477 585 1509; x_wconf 77' lang='lat'>17.</span> <span class='ocrx_word' id='word_1_174' title='bbox 602 1484 665 1514; x_wconf 81' lang='lat' dir='ltr'>pro</span> <span class='ocrx_word' id='word_1_175' title='bbox 687 1483 749 1514; x_wconf 82' lang='lat' dir='ltr'>quo</span> <span class='ocrx_word' id='word_1_176' title='bbox 764 1473 940 1504; x_wconf 76' lang='lat' dir='ltr'>Manutius</span> 
     </span>
     <span class='ocr_line' id='line_1_33' title="bbox 215 1517 939 1559; baseline -0.006 -8"><span class='ocrx_word' id='word_1_177' title='bbox 215 1521 313 1559; x_wconf 62' lang='lat' dir='ltr'>legit:</span> <span class='ocrx_word' id='word_1_178' title='bbox 331 1519 482 1556; x_wconf 77' lang='lat' dir='ltr'>Crassus,</span> <span class='ocrx_word' id='word_1_179' title='bbox 497 1522 529 1548; x_wconf 80' lang='lat' dir='ltr'>et</span> <span class='ocrx_word' id='word_1_180' title='bbox 544 1519 699 1557; x_wconf 56' lang='lat' dir='ltr'>&gt;intelligit</span> <span class='ocrx_word' id='word_1_181' title='bbox 715 1518 753 1546; x_wconf 76' lang='lat' dir='ltr'>de</span> <span class='ocrx_word' id='word_1_182' title='bbox 765 1517 809 1548; x_wconf 91' lang='lat' dir='ltr'>P.</span> <span class='ocrx_word' id='word_1_183' title='bbox 821 1517 939 1547; x_wconf 80' lang='lat' dir='ltr'>Crasso</span> 
     </span>
     <span class='ocr_line' id='line_1_34' title="bbox 213 1559 939 1603; baseline -0.004 -8"><span class='ocrx_word' id='word_1_184' title='bbox 213 1564 265 1595; x_wconf 86' lang='lat' dir='ltr'>M.</span> <span class='ocrx_word' id='word_1_185' title='bbox 275 1567 388 1603; x_wconf 81' lang='lat' dir='ltr'>patre,</span> <span class='ocrx_word' id='word_1_186' title='bbox 404 1563 459 1602; x_wconf 77' lang='lat' dir='ltr'>qui</span> <span class='ocrx_word' id='word_1_187' title='bbox 481 1563 592 1592; x_wconf 80' lang='lat' dir='ltr'>consul</span> <span class='ocrx_word' id='word_1_188' title='bbox 612 1571 688 1592; x_wconf 77' lang='lat' dir='ltr'>oum</span> <span class='ocrx_word' id='word_1_189' title='bbox 715 1559 773 1591; x_wconf 74' lang='lat' dir='ltr'>Ca.</span> <span class='ocrx_word' id='word_1_190' title='bbox 798 1561 939 1592; x_wconf 75' lang='lat' dir='ltr'>Lentulo</span> 
     </span>
     <span class='ocr_line' id='line_1_35' title="bbox 203 1606 823 1648; baseline -0.006 -10"><span class='ocrx_word' id='word_1_191' title='bbox 203 1606 293 1648; x_wconf 78' lang='lat' dir='ltr'>fuit,</span> <span class='ocrx_word' id='word_1_192' title='bbox 310 1611 342 1637; x_wconf 84' lang='lat' dir='ltr'>et</span> <span class='ocrx_word' id='word_1_193' title='bbox 356 1607 395 1637; x_wconf 83' lang='lat' dir='ltr'>de</span> <span class='ocrx_word' id='word_1_194' title='bbox 412 1606 582 1637; x_wconf 64' lang='lat' dir='ltr'>Lusitanis</span> <span class='ocrx_word' id='word_1_195' title='bbox 596 1606 823 1645; x_wconf 77' lang='lat' dir='ltr'>trimnpkavit.</span> 
     </span>
    </p>

    <p class='ocr_par' dir='ltr' id='par_1_9' title="bbox 209 1648 941 1945">
     <span class='ocr_line' id='line_1_36' title="bbox 266 1648 940 1689; baseline -0.004 -7"><span class='ocrx_word' id='word_1_196' title='bbox 266 1651 417 1688; x_wconf 74' lang='lat' dir='ltr'>Castoris,</span> <span class='ocrx_word' id='word_1_197' title='bbox 434 1660 480 1680; x_wconf 85' lang='lat' dir='ltr'>se.</span> <span class='ocrx_word' id='word_1_198' title='bbox 503 1649 603 1687; x_wconf 80' lang='lat' dir='ltr'>aedcs,</span> <span class='ocrx_word' id='word_1_199' title='bbox 618 1649 757 1689; x_wconf 75' lang='lat' dir='ltr'>Quinct.</span> <span class='ocrx_word' id='word_1_200' title='bbox 779 1651 811 1679; x_wconf 84' lang='lat'>4.</span> <span class='ocrx_word' id='word_1_201' title='bbox 842 1648 885 1679; x_wconf 87' lang='lat' dir='ltr'>In</span> <span class='ocrx_word' id='word_1_202' title='bbox 900 1659 940 1679; x_wconf 84' lang='lat' dir='ltr'>ea</span> 
     </span>
     <span class='ocr_line' id='line_1_37' title="bbox 209 1692 938 1736; baseline -0.004 -10"><span class='ocrx_word' id='word_1_203' title='bbox 209 1696 371 1736; x_wconf 75' lang='lat' dir='ltr'>pecunias</span> <span class='ocrx_word' id='word_1_204' title='bbox 375 1695 531 1734; x_wconf 82' lang='lat' dir='ltr'>depositas</span> <span class='ocrx_word' id='word_1_205' title='bbox 537 1703 600 1724; x_wconf 79' lang='lat' dir='ltr'>esse</span> <span class='ocrx_word' id='word_1_206' title='bbox 606 1696 836 1724; x_wconf 79' lang='lat' dir='ltr'><em>commemorat</em></span> <span class='ocrx_word' id='word_1_207' title='bbox 850 1692 938 1723; x_wconf 81' lang='lat' dir='ltr'>Groe-</span> 
     </span>
     <span class='ocr_line' id='line_1_38' title="bbox 213 1735 939 1769; baseline -0.004 0"><span class='ocrx_word' id='word_1_208' title='bbox 213 1740 298 1769; x_wconf 73' lang='lat' dir='ltr'>vius.</span> <span class='ocrx_word' id='word_1_209' title='bbox 346 1738 413 1768; x_wconf 81' lang='lat' dir='ltr'>Sed</span> <span class='ocrx_word' id='word_1_210' title='bbox 434 1739 492 1768; x_wconf 77' lang='lat' dir='ltr'>hoc</span> <span class='ocrx_word' id='word_1_211' title='bbox 513 1738 563 1767; x_wconf 81' lang='lat' dir='ltr'>nil</span> <span class='ocrx_word' id='word_1_212' title='bbox 576 1737 622 1767; x_wconf 87' lang='lat' dir='ltr'>ad</span> <span class='ocrx_word' id='word_1_213' title='bbox 635 1747 717 1767; x_wconf 82' lang='lat' dir='ltr'>rem.</span> <span class='ocrx_word' id='word_1_214' title='bbox 761 1735 868 1768; x_wconf 78' lang='lat' dir='ltr'>Locus</span> <span class='ocrx_word' id='word_1_215' title='bbox 883 1746 939 1767; x_wconf 72' lang='lat' dir='ltr'>ex-</span> 
     </span>
     <span class='ocr_line' id='line_1_39' title="bbox 209 1780 940 1823; baseline -0.003 -10"><span class='ocrx_word' id='word_1_216' title='bbox 209 1782 387 1823; x_wconf 76' lang='lat' dir='ltr'>plicandus</span> <span class='ocrx_word' id='word_1_217' title='bbox 408 1782 538 1811; x_wconf 79' lang='lat' dir='ltr'>videtur</span> <span class='ocrx_word' id='word_1_218' title='bbox 560 1791 576 1811; x_wconf 86' lang='lat' dir='ltr'>e</span> <span class='ocrx_word' id='word_1_219' title='bbox 597 1780 691 1810; x_wconf 88' lang='lat' dir='ltr'>Verr.</span> <span class='ocrx_word' id='word_1_220' title='bbox 714 1780 736 1810; x_wconf 92' lang='lat' dir='ltr'>i.</span> <span class='ocrx_word' id='word_1_221' title='bbox 759 1783 812 1815; x_wconf 84' lang='lat'>49.</span> <span class='ocrx_word' id='word_1_222' title='bbox 837 1780 876 1810; x_wconf 85' lang='lat' dir='ltr'>de</span> <span class='ocrx_word' id='word_1_223' title='bbox 901 1790 940 1811; x_wconf 83' lang='lat' dir='ltr'>ea</span> 
     </span>
     <span class='ocr_line' id='line_1_40' title="bbox 214 1821 941 1864; baseline -0.003 -7"><span class='ocrx_word' id='word_1_224' title='bbox 214 1827 283 1857; x_wconf 79' lang='lat' dir='ltr'>aede</span> <span class='ocrx_word' id='word_1_225' title='bbox 307 1827 415 1856; x_wconf 81' lang='lat' dir='ltr'>multa</span> <span class='ocrx_word' id='word_1_226' title='bbox 440 1826 475 1855; x_wconf 80' lang='lat' dir='ltr'>in</span> <span class='ocrx_word' id='word_1_227' title='bbox 498 1825 609 1855; x_wconf 83' lang='lat' dir='ltr'>eadem</span> <span class='ocrx_word' id='word_1_228' title='bbox 637 1824 791 1854; x_wconf 69' lang='lat' dir='ltr'>Vorrimz.</span> <span class='ocrx_word' id='word_1_229' title='bbox 815 1821 887 1864; x_wconf 79' lang='lat' dir='ltr'>ejus</span> <span class='ocrx_word' id='word_1_230' title='bbox 909 1828 941 1855; x_wconf 79' lang='lat' dir='ltr'>et</span> 
     </span>
     <span class='ocr_line' id='line_1_41' title="bbox 215 1868 941 1901; baseline -0.001 -1"><span class='ocrx_word' id='word_1_231' title='bbox 215 1870 296 1901; x_wconf 81' lang='lat' dir='ltr'>alibi</span> <span class='ocrx_word' id='word_1_232' title='bbox 309 1870 424 1900; x_wconf 81' lang='lat' dir='ltr'>crebra</span> <span class='ocrx_word' id='word_1_233' title='bbox 441 1870 570 1899; x_wconf 80' lang='lat' dir='ltr'>mentio.</span> <span class='ocrx_word' id='word_1_234' title='bbox 593 1868 633 1898; x_wconf 89' lang='lat' dir='ltr'>de</span> <span class='ocrx_word' id='word_1_235' title='bbox 648 1868 726 1899; x_wconf 78' lang='lat' dir='ltr'>Div.</span> <span class='ocrx_word' id='word_1_236' title='bbox 742 1868 764 1898; x_wconf 89' lang='lat' dir='ltr'>i.</span> <span class='ocrx_word' id='word_1_237' title='bbox 781 1871 835 1899; x_wconf 81' lang='lat'>43.</span> <span class='ocrx_word' id='word_1_238' title='bbox 853 1868 941 1899; x_wconf 85' lang='lat' dir='ltr'>aedes</span> 
     </span>
     <span class='ocr_line' id='line_1_42' title="bbox 215 1912 531 1945; baseline -0.003 0"><span class='ocrx_word' id='word_1_239' title='bbox 215 1913 365 1945; x_wconf 86' lang='lat' dir='ltr'>Castoris</span> <span class='ocrx_word' id='word_1_240' title='bbox 379 1912 531 1944; x_wconf 86' lang='lat' dir='ltr'>Tusculi.</span> 
     </span>
    </p>

    <p class='ocr_par' dir='ltr' id='par_1_10' title="bbox 213 1955 943 2216">
     <span class='ocr_line' id='line_1_43' title="bbox 264 1955 942 1996; baseline -0.004 -8"><span class='ocrx_word' id='word_1_241' title='bbox 264 1956 390 1995; x_wconf 84' lang='lat' dir='ltr'>Castor,</span> <span class='ocrx_word' id='word_1_242' title='bbox 406 1957 519 1987; x_wconf 84' lang='lat' dir='ltr'>Deiot.</span> <span class='ocrx_word' id='word_1_243' title='bbox 545 1959 571 1987; x_wconf 90' lang='grc'>1.</span> <span class='ocrx_word' id='word_1_244' title='bbox 604 1965 706 1996; x_wconf 85' lang='lat' dir='ltr'>nepos</span> <span class='ocrx_word' id='word_1_245' title='bbox 730 1955 817 1995; x_wconf 75' lang='lat' dir='ltr'>regis</span> <span class='ocrx_word' id='word_1_246' title='bbox 841 1955 942 1985; x_wconf 87' lang='lat' dir='ltr'>Deio-</span> 
     </span>
     <span class='ocr_line' id='line_1_44' title="bbox 213 2000 942 2041; baseline -0.003 -9"><span class='ocrx_word' id='word_1_247' title='bbox 213 2001 294 2039; x_wconf 82' lang='lat' dir='ltr'>tari,</span> <span class='ocrx_word' id='word_1_248' title='bbox 311 2001 368 2041; x_wconf 89' lang='lat' dir='ltr'>qui</span> <span class='ocrx_word' id='word_1_249' title='bbox 391 2010 490 2030; x_wconf 80' lang='lat' dir='ltr'>avum</span> <span class='ocrx_word' id='word_1_250' title='bbox 513 2000 604 2040; x_wconf 86' lang='lat' dir='ltr'>apud</span> <span class='ocrx_word' id='word_1_251' title='bbox 626 2000 792 2030; x_wconf 69' lang='lat' dir='ltr'>Caesarem</span> <span class='ocrx_word' id='word_1_252' title='bbox 807 2009 942 2030; x_wconf 83' lang='lat' dir='ltr'>accusa-</span> 
     </span>
     <span class='ocr_line' id='line_1_45' title="bbox 216 2041 943 2084; baseline -0.003 -9"><span class='ocrx_word' id='word_1_253' title='bbox 216 2046 267 2075; x_wconf 85' lang='lat' dir='ltr'>vit</span> <span class='ocrx_word' id='word_1_254' title='bbox 282 2045 323 2075; x_wconf 90' lang='lat' dir='ltr'>de</span> <span class='ocrx_word' id='word_1_255' title='bbox 339 2044 479 2075; x_wconf 80' lang='lat' dir='ltr'>insidiis.</span> <span class='ocrx_word' id='word_1_256' title='bbox 514 2041 604 2084; x_wconf 80' lang='lat' dir='ltr'>Ejus</span> <span class='ocrx_word' id='word_1_257' title='bbox 612 2047 712 2083; x_wconf 78' lang='lat' dir='ltr'>pater</span> <span class='ocrx_word' id='word_1_258' title='bbox 726 2052 849 2083; x_wconf 81' lang='lat' dir='ltr'>quoque</span> <span class='ocrx_word' id='word_1_259' title='bbox 863 2043 943 2073; x_wconf 82' lang='lat' dir='ltr'>Cas-</span> 
     </span>
     <span class='ocr_line' id='line_1_46' title="bbox 215 2088 943 2129; baseline -0.005 -9"><span class='ocrx_word' id='word_1_260' title='bbox 215 2094 271 2121; x_wconf 83' lang='lat' dir='ltr'>tor</span> <span class='ocrx_word' id='word_1_261' title='bbox 281 2088 370 2129; x_wconf 73' lang='lat' dir='ltr'>ficit,</span> <span class='ocrx_word' id='word_1_262' title='bbox 387 2089 443 2129; x_wconf 80' lang='lat' dir='ltr'>qui</span> <span class='ocrx_word' id='word_1_263' title='bbox 465 2088 692 2126; x_wconf 77' lang='lat' dir='ltr'>chronologica</span> <span class='ocrx_word' id='word_1_264' title='bbox 713 2088 852 2126; x_wconf 76' lang='lat' dir='ltr'>scripsit,</span> <span class='ocrx_word' id='word_1_265' title='bbox 868 2088 943 2117; x_wconf 82' lang='lat' dir='ltr'>lau-</span> 
     </span>
     <span class='ocr_line' id='line_1_47' title="bbox 215 2130 941 2170; baseline -0.003 -7"><span class='ocrx_word' id='word_1_266' title='bbox 215 2134 314 2163; x_wconf 74' lang='lat' dir='ltr'>datus</span> <span class='ocrx_word' id='word_1_267' title='bbox 322 2132 474 2170; x_wconf 76' lang='lat' dir='ltr'>Eusebio,</span> <span class='ocrx_word' id='word_1_268' title='bbox 486 2131 610 2170; x_wconf 78' lang='lat' dir='ltr'>Sm&#39;dae,</span> <span class='ocrx_word' id='word_1_269' title='bbox 623 2135 653 2162; x_wconf 80' lang='lat' dir='ltr'>et</span> <span class='ocrx_word' id='word_1_270' title='bbox 668 2133 753 2162; x_wconf 75' lang='lat' dir='ltr'>aliis.</span> <span class='ocrx_word' id='word_1_271' title='bbox 769 2140 800 2160; x_wconf 83' lang='lat' dir='ltr'>v.</span> <span class='ocrx_word' id='word_1_272' title='bbox 813 2130 941 2169; x_wconf 75' lang='lat' dir='ltr'>Scalig.</span> 
     </span>
     <span class='ocr_line' id='line_1_48' title="bbox 215 2176 507 2216; baseline -0.007 -8"><span class='ocrx_word' id='word_1_273' title='bbox 215 2177 262 2208; x_wconf 78' lang='lat' dir='ltr'>ad</span> <span class='ocrx_word' id='word_1_274' title='bbox 275 2176 395 2207; x_wconf 82' lang='lat' dir='ltr'>Euseb.</span> <span class='ocrx_word' id='word_1_275' title='bbox 404 2186 441 2216; x_wconf 78' lang='lat' dir='ltr'>p.</span> <span class='ocrx_word' id='word_1_276' title='bbox 458 2179 507 2207; x_wconf 91' lang='lat'>18.</span> 
     </span>
    </p>

    <p class='ocr_par' dir='ltr' id='par_1_11' title="bbox 214 2216 944 2383">
     <span class='ocr_line' id='line_1_49' title="bbox 260 2216 942 2258; baseline -0.006 -7"><span class='ocrx_word' id='word_1_277' title='bbox 260 2220 310 2251; x_wconf 90' lang='lat' dir='ltr'>M.</span> <span class='ocrx_word' id='word_1_278' title='bbox 340 2219 527 2258; x_wconf 80' lang='lat' dir='ltr'>Castricius,</span> <span class='ocrx_word' id='word_1_279' title='bbox 549 2218 644 2249; x_wconf 84' lang='lat' dir='ltr'>Verr.</span> <span class='ocrx_word' id='word_1_280' title='bbox 667 2218 715 2249; x_wconf 88' lang='lat' dir='ltr'>iii.</span> <span class='ocrx_word' id='word_1_281' title='bbox 740 2220 792 2250; x_wconf 82' lang='lat'>80.</span> <span class='ocrx_word' id='word_1_282' title='bbox 832 2216 942 2257; x_wconf 84' lang='lat' dir='ltr'>Eques</span> 
     </span>
     <span class='ocr_line' id='line_1_50' title="bbox 214 2261 943 2297; baseline -0.004 -3"><span class='ocrx_word' id='word_1_283' title='bbox 214 2264 313 2295; x_wconf 85' lang='lat' dir='ltr'>Rom.</span> <span class='ocrx_word' id='word_1_284' title='bbox 331 2263 438 2294; x_wconf 79' lang='lat' dir='ltr'>Flacc.</span> <span class='ocrx_word' id='word_1_285' title='bbox 455 2265 508 2294; x_wconf 67' lang='lat'>93.</span> <span class='ocrx_word' id='word_1_286' title='bbox 540 2262 611 2293; x_wconf 82' lang='lat' dir='ltr'>Att.</span> <span class='ocrx_word' id='word_1_287' title='bbox 628 2262 662 2293; x_wconf 91' lang='lat' dir='ltr'>ii.</span> <span class='ocrx_word' id='word_1_288' title='bbox 679 2266 710 2297; x_wconf 85' lang='lat'>7.</span> <span class='ocrx_word' id='word_1_289' title='bbox 737 2261 870 2292; x_wconf 84' lang='lat' dir='ltr'>videtur</span> <span class='ocrx_word' id='word_1_290' title='bbox 885 2271 943 2291; x_wconf 87' lang='lat' dir='ltr'>ne-</span> 
     </span>
     <span class='ocr_line' id='line_1_51' title="bbox 216 2305 944 2347; baseline -0.004 -9"><span class='ocrx_word' id='word_1_291' title='bbox 216 2309 365 2347; x_wconf 83' lang='lat' dir='ltr'>gotiator</span> <span class='ocrx_word' id='word_1_292' title='bbox 387 2308 423 2337; x_wconf 90' lang='lat' dir='ltr'>in</span> <span class='ocrx_word' id='word_1_293' title='bbox 446 2306 525 2337; x_wconf 87' lang='lat' dir='ltr'>Asia</span> <span class='ocrx_word' id='word_1_294' title='bbox 539 2305 654 2336; x_wconf 84' lang='lat' dir='ltr'>fuisse.</span> <span class='ocrx_word' id='word_1_295' title='bbox 679 2306 736 2337; x_wconf 76' lang='lat' dir='ltr'>xii.</span> <span class='ocrx_word' id='word_1_296' title='bbox 752 2308 806 2337; x_wconf 67' lang='grc' dir='ltr'>ΞΒ.</span> <span class='ocrx_word' id='word_1_297' title='bbox 837 2305 944 2335; x_wconf 75' lang='lat' dir='ltr'>credi-</span> 
     </span>
     <span class='ocr_line' id='line_1_52' title="bbox 216 2350 469 2383; baseline -0.008 -1"><span class='ocrx_word' id='word_1_298' title='bbox 216 2359 273 2383; x_wconf 86' lang='lat' dir='ltr'>tor</span> <span class='ocrx_word' id='word_1_299' title='bbox 288 2350 469 2381; x_wconf 72' lang='lat' dir='ltr'>Ciceronis.</span> 
     </span>
    </p>

    <p class='ocr_par' dir='ltr' id='par_1_12' title="bbox 215 2392 944 2650">
     <span class='ocr_line' id='line_1_53' title="bbox 261 2392 944 2432; baseline -0.003 -6"><span class='ocrx_word' id='word_1_300' title='bbox 261 2395 305 2426; x_wconf 88' lang='lat' dir='ltr'>L.</span> <span class='ocrx_word' id='word_1_301' title='bbox 334 2394 517 2425; x_wconf 74' lang='lat' dir='ltr'>Castrz&#39;m&#39;ns</span> <span class='ocrx_word' id='word_1_302' title='bbox 540 2393 668 2432; x_wconf 82' lang='lat' dir='ltr'>Paetus,</span> <span class='ocrx_word' id='word_1_303' title='bbox 696 2392 738 2423; x_wconf 88' lang='lat' dir='ltr'>ad</span> <span class='ocrx_word' id='word_1_304' title='bbox 767 2392 846 2423; x_wconf 81' lang='lat' dir='ltr'>Div.</span> <span class='ocrx_word' id='word_1_305' title='bbox 876 2392 944 2424; x_wconf 83' lang='lat' dir='ltr'>viii.</span> 
     </span>
     <span class='ocr_line' id='line_1_54' title="bbox 260 2477 943 2517; baseline -0.004 -4"><span class='ocrx_word' id='word_1_306' title='bbox 260 2482 303 2517; x_wconf 87' lang='lat' dir='ltr'>L.</span> <span class='ocrx_word' id='word_1_307' title='bbox 318 2482 505 2513; x_wconf 76' lang='lat' dir='ltr'>Castronius</span> <span class='ocrx_word' id='word_1_308' title='bbox 518 2480 645 2517; x_wconf 80' lang='lat' dir='ltr'>Poetus‚</span> <span class='ocrx_word' id='word_1_309' title='bbox 659 2479 700 2510; x_wconf 86' lang='lat' dir='ltr'>ad</span> <span class='ocrx_word' id='word_1_310' title='bbox 715 2480 793 2511; x_wconf 85' lang='lat' dir='ltr'>Div.</span> <span class='ocrx_word' id='word_1_311' title='bbox 809 2479 878 2510; x_wconf 84' lang='lat' dir='ltr'>xiii.</span> <span class='ocrx_word' id='word_1_312' title='bbox 895 2477 943 2511; x_wconf 83' lang='lat'>13.</span> 
     </span>
     <span class='ocr_line' id='line_1_55' title="bbox 217 2523 943 2567; baseline -0.003 -11"><span class='ocrx_word' id='word_1_313' title='bbox 217 2527 372 2567; x_wconf 82' lang='lat' dir='ltr'>princeps</span> <span class='ocrx_word' id='word_1_314' title='bbox 412 2524 587 2564; x_wconf 83' lang='lat' dir='ltr'>municipii</span> <span class='ocrx_word' id='word_1_315' title='bbox 625 2523 797 2554; x_wconf 82' lang='lat' dir='ltr'>Lucensis.</span> <span class='ocrx_word' id='word_1_316' title='bbox 850 2523 943 2554; x_wconf 78' lang='lat' dir='ltr'>Idem</span> 
     </span>
     <span class='ocr_line' id='line_1_56' title="bbox 215 2569 944 2608; baseline -0.004 -8"><span class='ocrx_word' id='word_1_317' title='bbox 215 2580 291 2600; x_wconf 82' lang='lat' dir='ltr'>cum</span> <span class='ocrx_word' id='word_1_318' title='bbox 309 2569 509 2608; x_wconf 71' lang='lat' dir='ltr'>proececlmzte</span> <span class='ocrx_word' id='word_1_319' title='bbox 529 2569 670 2606; x_wconf 71' lang='lat' dir='ltr'>videtur,</span> <span class='ocrx_word' id='word_1_320' title='bbox 687 2569 836 2608; x_wconf 80' lang='lat' dir='ltr'>alterque</span> <span class='ocrx_word' id='word_1_321' title='bbox 859 2569 944 2598; x_wconf 81' lang='lat' dir='ltr'>locus</span> 
     </span>
     <span class='ocr_line' id='line_1_57' title="bbox 215 2612 615 2650; baseline -0.013 -4"><span class='ocrx_word' id='word_1_322' title='bbox 215 2623 258 2646; x_wconf 75' lang='lat' dir='ltr'>ex</span> <span class='ocrx_word' id='word_1_323' title='bbox 272 2615 375 2643; x_wconf 77' lang='lat' dir='ltr'>altero</span> <span class='ocrx_word' id='word_1_324' title='bbox 391 2612 615 2650; x_wconf 71' lang='lat' dir='ltr'>corrigendus.</span> 
     </span>
    </p>

    <p class='ocr_par' dir='ltr' id='par_1_13' title="bbox 216 2654 945 2740">
     <span class='ocr_line' id='line_1_58' title="bbox 262 2654 945 2695; baseline -0.003 -8"><span class='ocrx_word' id='word_1_325' title='bbox 262 2657 300 2687; x_wconf 90' lang='lat' dir='ltr'>T.</span> <span class='ocrx_word' id='word_1_326' title='bbox 323 2656 486 2693; x_wconf 80' lang='lat' dir='ltr'>Catienus,</span> <span class='ocrx_word' id='word_1_327' title='bbox 503 2656 568 2695; x_wconf 79' lang='lat' dir='ltr'>Qu.</span> <span class='ocrx_word' id='word_1_328' title='bbox 582 2655 633 2686; x_wconf 84' lang='lat' dir='ltr'>Fr.</span> <span class='ocrx_word' id='word_1_329' title='bbox 650 2654 672 2686; x_wconf 86' lang='lat' dir='ltr'>i.</span> <span class='ocrx_word' id='word_1_330' title='bbox 691 2656 721 2686; x_wconf 73' lang='lat'>2.</span> <span class='ocrx_word' id='word_1_331' title='bbox 734 2656 766 2687; x_wconf 72' lang='lat'>2.</span> <span class='ocrx_word' id='word_1_332' title='bbox 791 2655 945 2694; x_wconf 85' lang='lat' dir='ltr'>queritur</span> 
     </span>
     <span class='ocr_line' id='line_1_59' title="bbox 216 2700 504 2740; baseline -0.01 -9"><span class='ocrx_word' id='word_1_333' title='bbox 216 2700 257 2731; x_wconf 88' lang='lat' dir='ltr'>de</span> <span class='ocrx_word' id='word_1_334' title='bbox 273 2700 314 2740; x_wconf 83' lang='lat' dir='ltr'>Q.</span> <span class='ocrx_word' id='word_1_335' title='bbox 333 2700 504 2730; x_wconf 86' lang='lat' dir='ltr'>Cicerone.</span> 
     </span>
    </p>

    <p class='ocr_par' dir='ltr' id='par_1_14' title="bbox 215 2740 945 2908">
     <span class='ocr_line' id='line_1_60' title="bbox 261 2740 944 2780; baseline -0.004 -6"><span class='ocrx_word' id='word_1_336' title='bbox 261 2744 304 2774; x_wconf 90' lang='lat' dir='ltr'>L.</span> <span class='ocrx_word' id='word_1_337' title='bbox 325 2742 479 2779; x_wconf 77' lang='lat' dir='ltr'>Catilina,</span> <span class='ocrx_word' id='word_1_338' title='bbox 493 2753 509 2772; x_wconf 86' lang='lat' dir='ltr'>e</span> <span class='ocrx_word' id='word_1_339' title='bbox 528 2742 662 2780; x_wconf 77' lang='lat' dir='ltr'>Sergiis.</span> <span class='ocrx_word' id='word_1_340' title='bbox 677 2740 775 2772; x_wconf 84' lang='lat' dir='ltr'>Catil.</span> <span class='ocrx_word' id='word_1_341' title='bbox 788 2742 822 2772; x_wconf 89' lang='lat' dir='ltr'>ii.</span> <span class='ocrx_word' id='word_1_342' title='bbox 839 2745 866 2772; x_wconf 89' lang='lat' dir='ltr'>l.</span> <span class='ocrx_word' id='word_1_343' title='bbox 878 2741 944 2772; x_wconf 75' lang='lat' dir='ltr'>vid.</span> 
     </span>
     <span class='ocr_line' id='line_1_61' title="bbox 215 2784 945 2827; baseline -0.005 -8"><span class='ocrx_word' id='word_1_344' title='bbox 215 2787 415 2827; x_wconf 79' lang='lat' dir='ltr'>Argument.</span> <span class='ocrx_word' id='word_1_345' title='bbox 434 2785 608 2816; x_wconf 73' lang='lat' dir='ltr'>Catilinar.</span> <span class='ocrx_word' id='word_1_346' title='bbox 626 2784 750 2816; x_wconf 74' lang='lat' dir='ltr'>Coe1.4.</span> <span class='ocrx_word' id='word_1_347' title='bbox 768 2790 845 2825; x_wconf 87' lang='lat' dir='ltr'>post</span> <span class='ocrx_word' id='word_1_348' title='bbox 861 2795 945 2826; x_wconf 83' lang='lat' dir='ltr'>prae-</span> 
     </span>
     <span class='ocr_line' id='line_1_62' title="bbox 215 2828 945 2868; baseline -0.005 -6"><span class='ocrx_word' id='word_1_349' title='bbox 215 2836 331 2863; x_wconf 87' lang='lat' dir='ltr'>turam</span> <span class='ocrx_word' id='word_1_350' title='bbox 346 2830 468 2861; x_wconf 84' lang='lat' dir='ltr'>Africae</span> <span class='ocrx_word' id='word_1_351' title='bbox 484 2839 619 2859; x_wconf 89' lang='lat' dir='ltr'>causam</span> <span class='ocrx_word' id='word_1_352' title='bbox 635 2829 674 2858; x_wconf 87' lang='lat' dir='ltr'>de</span> <span class='ocrx_word' id='word_1_353' title='bbox 687 2829 882 2868; x_wconf 82' lang='lat' dir='ltr'>repetundis</span> <span class='ocrx_word' id='word_1_354' title='bbox 895 2828 945 2859; x_wconf 91' lang='lat' dir='ltr'>di-</span> 
     </span>
     <span class='ocr_line' id='line_1_63' title="bbox 216 2872 945 2908; baseline -0.007 0"><span class='ocrx_word' id='word_1_355' title='bbox 216 2874 275 2908; x_wconf 72' lang='lat' dir='ltr'>cit.</span> <span class='ocrx_word' id='word_1_356' title='bbox 287 2874 359 2906; x_wconf 83' lang='lat' dir='ltr'>Att.</span> <span class='ocrx_word' id='word_1_357' title='bbox 372 2875 392 2908; x_wconf 87' lang='grc' dir='ltr'>ἰ.</span> <span class='ocrx_word' id='word_1_358' title='bbox 403 2876 435 2906; x_wconf 72' lang='lat'>⁶2.</span> <span class='ocrx_word' id='word_1_359' title='bbox 453 2882 531 2907; x_wconf 84' lang='lat' dir='ltr'>eum</span> <span class='ocrx_word' id='word_1_360' title='bbox 541 2872 718 2907; x_wconf 73' lang='lat' dir='ltr'>defendere</span> <span class='ocrx_word' id='word_1_361' title='bbox 728 2877 806 2907; x_wconf 69' lang='lat' dir='ltr'>ante</span> <span class='ocrx_word' id='word_1_362' title='bbox 817 2872 945 2907; x_wconf 79' lang='lat' dir='ltr'>Consu-</span> 
     </span>
    </p>
   </div>
   <div class='ocr_carea' id='block_1_3' title="bbox 738 72 1194 103">
    <p class='ocr_par' dir='ltr' id='par_1_15' title="bbox 738 72 1194 103">
     <span class='ocr_line' id='line_1_64' title="bbox 738 72 1194 103; baseline 0 -1"><span class='ocrx_word' id='word_1_363' title='bbox 738 72 886 102; x_wconf 73' lang='lat' dir='ltr'>INDEX</span> <span class='ocrx_word' id='word_1_364' title='bbox 915 73 944 101; x_wconf 87' lang='lat' dir='ltr'>H</span> <span class='ocrx_word' id='word_1_365' title='bbox 951 73 1094 102; x_wconf 75' lang='lat' dir='ltr'>ISTORI</span> <span class='ocrx_word' id='word_1_366' title='bbox 1101 74 1194 103; x_wconf 81' lang='lat' dir='ltr'>CUS.</span> 
     </span>
    </p>
   </div>
   <div class='ocr_carea' id='block_1_4' title="bbox 976 164 1716 2913">
    <p class='ocr_par' dir='ltr' id='par_1_16' title="bbox 976 164 1708 467">
     <span class='ocr_line' id='line_1_65' title="bbox 976 164 1703 205; baseline 0.008 -11"><span class='ocrx_word' id='word_1_367' title='bbox 976 164 1083 195; x_wconf 82' lang='lat' dir='ltr'>latum</span> <span class='ocrx_word' id='word_1_368' title='bbox 1096 164 1266 204; x_wconf 84' lang='lat' dir='ltr'>injudicio</span> <span class='ocrx_word' id='word_1_369' title='bbox 1275 165 1404 205; x_wconf 81' lang='lat' dir='ltr'>cogitat</span> <span class='ocrx_word' id='word_1_370' title='bbox 1416 165 1542 197; x_wconf 82' lang='lat' dir='ltr'>Cicero.</span> <span class='ocrx_word' id='word_1_371' title='bbox 1556 167 1578 198; x_wconf 89' lang='lat' dir='ltr'>i.</span> <span class='ocrx_word' id='word_1_372' title='bbox 1590 168 1640 199; x_wconf 84' lang='grc'>16.</span> <span class='ocrx_word' id='word_1_373' title='bbox 1651 167 1703 200; x_wconf 71' lang='lat' dir='ltr'>bis</span> 
     </span>
     <span class='ocr_line' id='line_1_66' title="bbox 979 208 1704 252; baseline 0.006 -13"><span class='ocrx_word' id='word_1_374' title='bbox 979 208 1162 239; x_wconf 84' lang='lat' dir='ltr'>absolvitur</span> <span class='ocrx_word' id='word_1_375' title='bbox 1177 208 1217 239; x_wconf 78' lang='lat' dir='ltr'>tle</span> <span class='ocrx_word' id='word_1_376' title='bbox 1232 209 1364 240; x_wconf 79' lang='lat' dir='ltr'>incestu</span> <span class='ocrx_word' id='word_1_377' title='bbox 1380 213 1415 239; x_wconf 85' lang='lat' dir='ltr'>et</span> <span class='ocrx_word' id='word_1_378' title='bbox 1434 209 1474 239; x_wconf 82' lang='lat' dir='ltr'>de</span> <span class='ocrx_word' id='word_1_379' title='bbox 1497 211 1704 252; x_wconf 55' lang='lat' dir='ltr'>repetundi&amp;</span> 
     </span>
     <span class='ocr_line' id='line_1_67' title="bbox 978 252 1702 294; baseline 0.006 -12"><span class='ocrx_word' id='word_1_380' title='bbox 978 252 1085 282; x_wconf 88' lang='lat' dir='ltr'>Flacc.</span> <span class='ocrx_word' id='word_1_381' title='bbox 1120 255 1172 283; x_wconf 87' lang='lat'>38.</span> <span class='ocrx_word' id='word_1_382' title='bbox 1212 252 1283 290; x_wconf 76' lang='lat' dir='ltr'>ejus</span> <span class='ocrx_word' id='word_1_383' title='bbox 1317 253 1507 294; x_wconf 82' lang='lat' dir='ltr'>sepulcrum</span> <span class='ocrx_word' id='word_1_384' title='bbox 1542 254 1702 286; x_wconf 78' lang='lat' dir='ltr'>damnato</span> 
     </span>
     <span class='ocr_line' id='line_1_68' title="bbox 981 296 1705 339; baseline 0.006 -14"><span class='ocrx_word' id='word_1_385' title='bbox 981 296 1018 326; x_wconf 94' lang='lat' dir='ltr'>C.</span> <span class='ocrx_word' id='word_1_386' title='bbox 1045 296 1192 326; x_wconf 80' lang='lat' dir='ltr'>Antonio</span> <span class='ocrx_word' id='word_1_387' title='bbox 1216 296 1349 327; x_wconf 81' lang='lat' dir='ltr'>floribus</span> <span class='ocrx_word' id='word_1_388' title='bbox 1373 305 1513 327; x_wconf 83' lang='lat' dir='ltr'>ornatur</span> <span class='ocrx_word' id='word_1_389' title='bbox 1539 302 1574 328; x_wconf 81' lang='lat' dir='ltr'>et</span> <span class='ocrx_word' id='word_1_390' title='bbox 1596 298 1705 339; x_wconf 75' lang='lat' dir='ltr'>epulis</span> 
     </span>
     <span class='ocr_line' id='line_1_69' title="bbox 979 339 1708 373; baseline 0.007 -5"><span class='ocrx_word' id='word_1_391' title='bbox 979 339 1176 370; x_wconf 79' lang='lat' dir='ltr'>celebratur.</span> <span class='ocrx_word' id='word_1_392' title='bbox 1202 339 1282 370; x_wconf 81' lang='lat' dir='ltr'>Coel.</span> <span class='ocrx_word' id='word_1_393' title='bbox 1309 344 1338 371; x_wconf 86' lang='lat'>5.</span> <span class='ocrx_word' id='word_1_394' title='bbox 1367 341 1502 371; x_wconf 82' lang='lat' dir='ltr'>virtutis</span> <span class='ocrx_word' id='word_1_395' title='bbox 1525 341 1708 373; x_wconf 77' lang='lat' dir='ltr'>simulacra</span> 
     </span>
     <span class='ocr_line' id='line_1_70' title="bbox 980 382 1703 425; baseline 0.007 -13"><span class='ocrx_word' id='word_1_396' title='bbox 980 382 1014 412; x_wconf 88' lang='lat' dir='ltr'>in</span> <span class='ocrx_word' id='word_1_397' title='bbox 1031 392 1069 412; x_wconf 80' lang='lat' dir='ltr'>eo</span> <span class='ocrx_word' id='word_1_398' title='bbox 1086 388 1183 413; x_wconf 85' lang='lat' dir='ltr'>erant</span> <span class='ocrx_word' id='word_1_399' title='bbox 1199 383 1317 414; x_wconf 83' lang='lat' dir='ltr'>multa.</span> <span class='ocrx_word' id='word_1_400' title='bbox 1364 384 1417 415; x_wconf 78' lang='lat' dir='ltr'>De</span> <span class='ocrx_word' id='word_1_401' title='bbox 1432 382 1502 425; x_wconf 77' lang='lat' dir='ltr'>ejus</span> <span class='ocrx_word' id='word_1_402' title='bbox 1515 393 1643 424; x_wconf 81' lang='lat' dir='ltr'>proavo</span> <span class='ocrx_word' id='word_1_403' title='bbox 1655 391 1703 417; x_wconf 80' lang='lat' dir='ltr'>est</span> 
     </span>
     <span class='ocr_line' id='line_1_71' title="bbox 977 426 1668 467; baseline 0.006 -11"><span class='ocrx_word' id='word_1_404' title='bbox 977 427 1115 465; x_wconf 74' lang='lat' dir='ltr'>insignis</span> <span class='ocrx_word' id='word_1_405' title='bbox 1131 428 1217 457; x_wconf 76' lang='lat' dir='ltr'>loeus</span> <span class='ocrx_word' id='word_1_406' title='bbox 1233 437 1285 467; x_wconf 76' lang='lat' dir='ltr'>ap.</span> <span class='ocrx_word' id='word_1_407' title='bbox 1303 426 1397 458; x_wconf 80' lang='lat' dir='ltr'>Ptin.</span> <span class='ocrx_word' id='word_1_408' title='bbox 1414 429 1460 459; x_wconf 90' lang='lat' dir='ltr'>H.</span> <span class='ocrx_word' id='word_1_409' title='bbox 1477 429 1525 459; x_wconf 80' lang='lat' dir='ltr'>N.</span> <span class='ocrx_word' id='word_1_410' title='bbox 1542 429 1597 459; x_wconf 87' lang='lat' dir='ltr'>vii.</span> <span class='ocrx_word' id='word_1_411' title='bbox 1614 431 1668 460; x_wconf 74' lang='lat'>28.</span> 
     </span>
    </p>

    <p class='ocr_par' dir='ltr' id='par_1_17' title="bbox 979 469 1704 543">
     <span class='ocr_line' id='line_1_72' title="bbox 1029 469 1704 512; baseline 0.006 -13"><span class='ocrx_word' id='word_1_412' title='bbox 1029 469 1176 508; x_wconf 58' lang='lat' dir='ltr'>Catium,</span> <span class='ocrx_word' id='word_1_413' title='bbox 1204 470 1246 500; x_wconf 87' lang='lat' dir='ltr'>ad</span> <span class='ocrx_word' id='word_1_414' title='bbox 1275 471 1352 502; x_wconf 86' lang='lat' dir='ltr'>Div.</span> <span class='ocrx_word' id='word_1_415' title='bbox 1382 482 1413 501; x_wconf 77' lang='lat' dir='ltr'>v.</span> <span class='ocrx_word' id='word_1_416' title='bbox 1450 475 1499 503; x_wconf 90' lang='lat'>10.</span> <span class='ocrx_word' id='word_1_417' title='bbox 1530 473 1640 512; x_wconf 77' lang='lat' dir='ltr'>pirata</span> <span class='ocrx_word' id='word_1_418' title='bbox 1669 472 1704 503; x_wconf 87' lang='lat' dir='ltr'>in</span> 
     </span>
     <span class='ocr_line' id='line_1_73' title="bbox 979 511 1163 543; baseline 0.005 -1"><span class='ocrx_word' id='word_1_419' title='bbox 979 511 1163 543; x_wconf 74' lang='lat' dir='ltr'>Dalmatia.</span> 
     </span>
    </p>

    <p class='ocr_par' dir='ltr' id='par_1_18' title="bbox 978 556 1706 765">
     <span class='ocr_line' id='line_1_74' title="bbox 1027 556 1704 599; baseline 0.004 -13"><span class='ocrx_word' id='word_1_420' title='bbox 1027 556 1148 594; x_wconf 79' lang='lat' dir='ltr'>Catiz&#39;cs,</span> <span class='ocrx_word' id='word_1_421' title='bbox 1158 557 1308 595; x_wconf 52' lang='lat' dir='ltr'>‚lanchem</span> <span class='ocrx_word' id='word_1_422' title='bbox 1318 558 1359 588; x_wconf 85' lang='lat' dir='ltr'>ad</span> <span class='ocrx_word' id='word_1_423' title='bbox 1368 557 1444 589; x_wconf 86' lang='lat' dir='ltr'>Div.</span> <span class='ocrx_word' id='word_1_424' title='bbox 1453 569 1504 589; x_wconf 76' lang='lat' dir='ltr'>xV.</span> <span class='ocrx_word' id='word_1_425' title='bbox 1517 559 1567 590; x_wconf 87' lang='grc'>16.</span> <span class='ocrx_word' id='word_1_426' title='bbox 1576 558 1704 599; x_wconf 80' lang='lat' dir='ltr'>Epicu-</span> 
     </span>
     <span class='ocr_line' id='line_1_75' title="bbox 979 598 1705 643; baseline 0.006 -14"><span class='ocrx_word' id='word_1_427' title='bbox 979 609 1053 630; x_wconf 80' lang='lat' dir='ltr'>reus</span> <span class='ocrx_word' id='word_1_428' title='bbox 1073 598 1231 631; x_wconf 55' lang='lat' dir='ltr'>Ciceronis</span> <span class='ocrx_word' id='word_1_429' title='bbox 1244 602 1450 641; x_wconf 74' lang='lat' dir='ltr'>temporibus,</span> <span class='ocrx_word' id='word_1_430' title='bbox 1462 613 1482 633; x_wconf 87' lang='lat' dir='ltr'>a</span> <span class='ocrx_word' id='word_1_431' title='bbox 1499 612 1559 641; x_wconf 84' lang='lat' dir='ltr'>quo</span> <span class='ocrx_word' id='word_1_432' title='bbox 1572 609 1705 643; x_wconf 75' lang='lat' dir='ltr'>spectra</span> 
     </span>
     <span class='ocr_line' id='line_1_76' title="bbox 980 643 1704 686; baseline 0.006 -13"><span class='ocrx_word' id='word_1_433' title='bbox 980 643 1130 673; x_wconf 82' lang='lat' dir='ltr'>Catiana.</span> <span class='ocrx_word' id='word_1_434' title='bbox 1169 644 1263 674; x_wconf 71' lang='lat' dir='ltr'>,Nam</span> <span class='ocrx_word' id='word_1_435' title='bbox 1282 643 1446 684; x_wconf 71' lang='grc' dir='ltr'><strong><em>φαντασίας</em></strong></span> <span class='ocrx_word' id='word_1_436' title='bbox 1461 646 1704 686; x_wconf 78' lang='lat' dir='ltr'>Epicureorum</span> 
     </span>
     <span class='ocr_line' id='line_1_77' title="bbox 978 684 1706 731; baseline 0.007 -15"><span class='ocrx_word' id='word_1_437' title='bbox 978 692 1013 717; x_wconf 85' lang='lat' dir='ltr'>et</span> <span class='ocrx_word' id='word_1_438' title='bbox 1043 684 1149 717; x_wconf 70' lang='grc' dir='ltr'>εἴδωλα</span> <span class='ocrx_word' id='word_1_439' title='bbox 1180 687 1302 718; x_wconf 81' lang='lat' dir='ltr'>Latine</span> <span class='ocrx_word' id='word_1_440' title='bbox 1331 689 1462 719; x_wconf 57' lang='lat' dir='ltr'>eliz-emt</span> <span class='ocrx_word' id='word_1_441' title='bbox 1487 696 1630 731; x_wconf 77' lang='lat' dir='ltr'>spectra.</span> <span class='ocrx_word' id='word_1_442' title='bbox 1663 690 1706 721; x_wconf 80' lang='lat' dir='ltr'>ad</span> 
     </span>
     <span class='ocr_line' id='line_1_78' title="bbox 978 731 1196 765; baseline 0 -4"><span class='ocrx_word' id='word_1_443' title='bbox 978 731 1054 761; x_wconf 87' lang='lat' dir='ltr'>Div.</span> <span class='ocrx_word' id='word_1_444' title='bbox 1073 741 1124 760; x_wconf 86' lang='lat' dir='ltr'>xv.</span> <span class='ocrx_word' id='word_1_445' title='bbox 1147 734 1196 765; x_wconf 84' lang='lat'>19.</span> 
     </span>
    </p>

    <p class='ocr_par' dir='ltr' id='par_1_19' title="bbox 979 774 1707 892">
     <span class='ocr_line' id='line_1_79' title="bbox 1028 774 1707 816; baseline 0.001 -10"><span class='ocrx_word' id='word_1_446' title='bbox 1028 774 1061 806; x_wconf 81' lang='lat' dir='ltr'>C.</span> <span class='ocrx_word' id='word_1_447' title='bbox 1087 774 1208 813; x_wconf 77' lang='lat' dir='ltr'>Gztz&#39;us,</span> <span class='ocrx_word' id='word_1_448' title='bbox 1235 775 1462 813; x_wconf 78' lang='lat' dir='ltr'>Vestinus‚.ad</span> <span class='ocrx_word' id='word_1_449' title='bbox 1487 776 1564 807; x_wconf 85' lang='lat' dir='ltr'>Div.</span> <span class='ocrx_word' id='word_1_450' title='bbox 1594 787 1625 816; x_wconf 69' lang='lat'>³5-</span> <span class='ocrx_word' id='word_1_451' title='bbox 1652 777 1707 809; x_wconf 64' lang='lat'>23.</span> 
     </span>
     <span class='ocr_line' id='line_1_80' title="bbox 979 817 1707 851; baseline 0.004 -3"><span class='ocrx_word' id='word_1_452' title='bbox 979 817 1148 848; x_wconf 85' lang='lat' dir='ltr'>Tribunus</span> <span class='ocrx_word' id='word_1_453' title='bbox 1172 819 1320 849; x_wconf 84' lang='lat' dir='ltr'>militum</span> <span class='ocrx_word' id='word_1_454' title='bbox 1343 819 1378 848; x_wconf 85' lang='lat' dir='ltr'>in</span> <span class='ocrx_word' id='word_1_455' title='bbox 1401 820 1551 849; x_wconf 85' lang='lat' dir='ltr'>exercitu</span> <span class='ocrx_word' id='word_1_456' title='bbox 1574 819 1622 851; x_wconf 88' lang='lat' dir='ltr'>M.</span> <span class='ocrx_word' id='word_1_457' title='bbox 1639 820 1707 851; x_wconf 85' lang='lat' dir='ltr'>An.-</span> 
     </span>
     <span class='ocr_line' id='line_1_81' title="bbox 980 862 1078 892; baseline 0 -1"><span class='ocrx_word' id='word_1_458' title='bbox 980 862 1078 892; x_wconf 73' lang='lat' dir='ltr'>tonii.</span> 
     </span>
    </p>

    <p class='ocr_par' dir='ltr' id='par_1_20' title="bbox 979 905 1706 1067">
     <span class='ocr_line' id='line_1_82' title="bbox 1029 905 1706 946; baseline 0.001 -10"><span class='ocrx_word' id='word_1_459' title='bbox 1029 905 1172 944; x_wconf 82' lang='lat' dir='ltr'>Catones,</span> <span class='ocrx_word' id='word_1_460' title='bbox 1188 905 1228 935; x_wconf 62' lang='grc' dir='ltr'>αἰ]</span> <span class='ocrx_word' id='word_1_461' title='bbox 1253 906 1410 937; x_wconf 74' lang='grc' dir='ltr'>Οαίοηαηι</span> <span class='ocrx_word' id='word_1_462' title='bbox 1431 911 1529 946; x_wconf 71' lang='lat' dir='ltr'>gente</span> <span class='ocrx_word' id='word_1_463' title='bbox 1544 910 1590 937; x_wconf 82' lang='lat' dir='ltr'>est</span> <span class='ocrx_word' id='word_1_464' title='bbox 1604 907 1706 946; x_wconf 71' lang='lat' dir='ltr'>insig—</span> 
     </span>
     <span class='ocr_line' id='line_1_83' title="bbox 979 949 1705 989; baseline 0.003 -10"><span class='ocrx_word' id='word_1_465' title='bbox 979 950 1029 979; x_wconf 78' lang='lat' dir='ltr'>nis</span> <span class='ocrx_word' id='word_1_466' title='bbox 1055 951 1140 979; x_wconf 77' lang='lat' dir='ltr'>loeus</span> <span class='ocrx_word' id='word_1_467' title='bbox 1164 959 1218 989; x_wconf 79' lang='lat' dir='ltr'>ap.</span> <span class='ocrx_word' id='word_1_468' title='bbox 1243 949 1397 980; x_wconf 82' lang='lat' dir='ltr'>Plinium</span> <span class='ocrx_word' id='word_1_469' title='bbox 1420 950 1467 981; x_wconf 89' lang='lat' dir='ltr'>H.</span> <span class='ocrx_word' id='word_1_470' title='bbox 1494 950 1542 981; x_wconf 86' lang='grc' dir='ltr'>Ν.</span> <span class='ocrx_word' id='word_1_471' title='bbox 1567 951 1623 981; x_wconf 78' lang='lat' dir='ltr'>vii.</span> <span class='ocrx_word' id='word_1_472' title='bbox 1654 952 1705 981; x_wconf 85' lang='grc'>14.</span> 
     </span>
     <span class='ocr_line' id='line_1_84' title="bbox 981 993 1706 1035; baseline 0.001 -13"><span class='ocrx_word' id='word_1_473' title='bbox 981 994 1035 1023; x_wconf 83' lang='lat' dir='ltr'>ubi</span> <span class='ocrx_word' id='word_1_474' title='bbox 1059 997 1197 1023; x_wconf 78' lang='lat' dir='ltr'>stemma</span> <span class='ocrx_word' id='word_1_475' title='bbox 1228 993 1387 1024; x_wconf 75' lang='lat' dir='ltr'>Catonum</span> <span class='ocrx_word' id='word_1_476' title='bbox 1411 996 1582 1035; x_wconf 73' lang='lat' dir='ltr'>proposuit</span> <span class='ocrx_word' id='word_1_477' title='bbox 1610 994 1706 1026; x_wconf 83' lang='lat' dir='ltr'>Har-</span> 
     </span>
     <span class='ocr_line' id='line_1_85' title="bbox 983 1037 1114 1067; baseline 0.008 -1"><span class='ocrx_word' id='word_1_478' title='bbox 983 1037 1114 1067; x_wconf 71' lang='lat' dir='ltr'>dminus.</span> 
     </span>
    </p>

    <p class='ocr_par' dir='ltr' id='par_1_21' title="bbox 983 1079 1709 1427">
     <span class='ocr_line' id='line_1_86' title="bbox 1032 1079 1708 1116; baseline 0.001 -6"><span class='ocrx_word' id='word_1_479' title='bbox 1032 1079 1064 1110; x_wconf 88' lang='lat' dir='ltr'>C.</span> <span class='ocrx_word' id='word_1_480' title='bbox 1101 1079 1189 1116; x_wconf 77' lang='lat' dir='ltr'>Cato,</span> <span class='ocrx_word' id='word_1_481' title='bbox 1211 1079 1305 1110; x_wconf 89' lang='lat' dir='ltr'>Verr.</span> <span class='ocrx_word' id='word_1_482' title='bbox 1336 1080 1379 1110; x_wconf 80' lang='lat' dir='ltr'>iv.</span> <span class='ocrx_word' id='word_1_483' title='bbox 1409 1084 1459 1112; x_wconf 90' lang='lat'>10.</span> <span class='ocrx_word' id='word_1_484' title='bbox 1494 1081 1542 1112; x_wconf 84' lang='lat' dir='ltr'>M.</span> <span class='ocrx_word' id='word_1_485' title='bbox 1569 1081 1708 1112; x_wconf 76' lang='lat' dir='ltr'>Catonis</span> 
     </span>
     <span class='ocr_line' id='line_1_87' title="bbox 985 1122 1707 1165; baseline 0.003 -12"><span class='ocrx_word' id='word_1_486' title='bbox 985 1123 1134 1154; x_wconf 83' lang='lat' dir='ltr'>Censorii</span> <span class='ocrx_word' id='word_1_487' title='bbox 1156 1129 1191 1153; x_wconf 78' lang='lat' dir='ltr'>et</span> <span class='ocrx_word' id='word_1_488' title='bbox 1204 1122 1243 1153; x_wconf 88' lang='lat' dir='ltr'>L.</span> <span class='ocrx_word' id='word_1_489' title='bbox 1262 1123 1356 1153; x_wconf 83' lang='lat' dir='ltr'>Pauli</span> <span class='ocrx_word' id='word_1_490' title='bbox 1376 1134 1492 1165; x_wconf 78' lang='lat' dir='ltr'>nepos,</span> <span class='ocrx_word' id='word_1_491' title='bbox 1508 1125 1596 1156; x_wconf 83' lang='lat' dir='ltr'>filius</span> <span class='ocrx_word' id='word_1_492' title='bbox 1616 1135 1707 1156; x_wconf 84' lang='lat' dir='ltr'>soro-</span> 
     </span>
     <span class='ocr_line' id='line_1_88' title="bbox 983 1167 1708 1209; baseline 0 -11"><span class='ocrx_word' id='word_1_493' title='bbox 983 1169 1027 1198; x_wconf 90' lang='lat' dir='ltr'>ris</span> <span class='ocrx_word' id='word_1_494' title='bbox 1052 1167 1087 1197; x_wconf 88' lang='lat' dir='ltr'>P.</span> <span class='ocrx_word' id='word_1_495' title='bbox 1103 1167 1264 1204; x_wconf 75' lang='lat' dir='ltr'>Africani,</span> <span class='ocrx_word' id='word_1_496' title='bbox 1281 1177 1321 1197; x_wconf 79' lang='lat' dir='ltr'>ex</span> <span class='ocrx_word' id='word_1_497' title='bbox 1343 1167 1543 1199; x_wconf 74' lang='lat' dir='ltr'>Macedonia</span> <span class='ocrx_word' id='word_1_498' title='bbox 1557 1169 1598 1200; x_wconf 85' lang='lat' dir='ltr'>de</span> <span class='ocrx_word' id='word_1_499' title='bbox 1614 1179 1708 1209; x_wconf 79' lang='lat' dir='ltr'>repe-</span> 
     </span>
     <span class='ocr_line' id='line_1_89' title="bbox 983 1211 1708 1243; baseline 0.001 -1"><span class='ocrx_word' id='word_1_500' title='bbox 983 1211 1099 1242; x_wconf 82' lang='lat' dir='ltr'>tundis</span> <span class='ocrx_word' id='word_1_501' title='bbox 1128 1211 1305 1242; x_wconf 76' lang='lat' dir='ltr'>damnatus</span> <span class='ocrx_word' id='word_1_502' title='bbox 1341 1216 1403 1242; x_wconf 88' lang='lat' dir='ltr'>est.</span> <span class='ocrx_word' id='word_1_503' title='bbox 1434 1212 1528 1243; x_wconf 82' lang='lat' dir='ltr'>Balb.</span> <span class='ocrx_word' id='word_1_504' title='bbox 1564 1216 1612 1243; x_wconf 82' lang='lat'>11.</span> <span class='ocrx_word' id='word_1_505' title='bbox 1651 1212 1708 1243; x_wconf 87' lang='lat' dir='ltr'>da—</span> 
     </span>
     <span class='ocr_line' id='line_1_90' title="bbox 984 1254 1707 1293; baseline 0.003 -8"><span class='ocrx_word' id='word_1_506' title='bbox 984 1256 1134 1292; x_wconf 76' lang='lat' dir='ltr'>umatus,</span> <span class='ocrx_word' id='word_1_507' title='bbox 1146 1255 1222 1284; x_wconf 86' lang='lat' dir='ltr'>exul</span> <span class='ocrx_word' id='word_1_508' title='bbox 1233 1254 1422 1285; x_wconf 62' lang='lat' dir='ltr'>Tarracone</span> <span class='ocrx_word' id='word_1_509' title='bbox 1440 1256 1532 1286; x_wconf 81' lang='lat' dir='ltr'>vixit.</span> <span class='ocrx_word' id='word_1_510' title='bbox 1544 1255 1641 1287; x_wconf 79' lang='lat' dir='ltr'>Brut.</span> <span class='ocrx_word' id='word_1_511' title='bbox 1653 1258 1707 1293; x_wconf 65' lang='lat'>23.</span> 
     </span>
     <span class='ocr_line' id='line_1_91' title="bbox 984 1298 1707 1339; baseline 0.003 -11"><span class='ocrx_word' id='word_1_512' title='bbox 984 1298 1159 1329; x_wconf 87' lang='lat' dir='ltr'>mediocris</span> <span class='ocrx_word' id='word_1_513' title='bbox 1182 1303 1305 1329; x_wconf 83' lang='lat' dir='ltr'>orator.</span> <span class='ocrx_word' id='word_1_514' title='bbox 1327 1299 1422 1329; x_wconf 83' lang='lat' dir='ltr'>Brut.</span> <span class='ocrx_word' id='word_1_515' title='bbox 1441 1302 1493 1330; x_wconf 74' lang='lat'>34.</span> <span class='ocrx_word' id='word_1_516' title='bbox 1526 1299 1617 1339; x_wconf 85' lang='lat' dir='ltr'>Lege</span> <span class='ocrx_word' id='word_1_517' title='bbox 1634 1299 1707 1330; x_wconf 81' lang='lat' dir='ltr'>Ma-</span> 
     </span>
     <span class='ocr_line' id='line_1_92' title="bbox 983 1342 1709 1384; baseline 0.004 -12"><span class='ocrx_word' id='word_1_518' title='bbox 983 1342 1079 1373; x_wconf 89' lang='lat' dir='ltr'>milia</span> <span class='ocrx_word' id='word_1_519' title='bbox 1090 1347 1166 1384; x_wconf 86' lang='lat' dir='ltr'>post</span> <span class='ocrx_word' id='word_1_520' title='bbox 1181 1342 1393 1372; x_wconf 82' lang='lat' dir='ltr'>consulatum</span> <span class='ocrx_word' id='word_1_521' title='bbox 1412 1343 1520 1383; x_wconf 77' lang='lat' dir='ltr'>(quem</span> <span class='ocrx_word' id='word_1_522' title='bbox 1533 1345 1633 1382; x_wconf 77' lang='lat' dir='ltr'>gessit</span> <span class='ocrx_word' id='word_1_523' title='bbox 1647 1354 1709 1375; x_wconf 82' lang='lat' dir='ltr'>an-</span> 
     </span>
     <span class='ocr_line' id='line_1_93' title="bbox 984 1384 1551 1427; baseline 0 -10"><span class='ocrx_word' id='word_1_524' title='bbox 984 1396 1024 1417; x_wconf 79' lang='lat' dir='ltr'>no</span> <span class='ocrx_word' id='word_1_525' title='bbox 1047 1386 1087 1417; x_wconf 83' lang='lat' dir='ltr'>U.</span> <span class='ocrx_word' id='word_1_526' title='bbox 1106 1384 1278 1423; x_wconf 83' lang='lat' dir='ltr'>Dcxxx1x.)</span> <span class='ocrx_word' id='word_1_527' title='bbox 1297 1396 1473 1427; x_wconf 84' lang='lat' dir='ltr'>oppressus</span> <span class='ocrx_word' id='word_1_528' title='bbox 1488 1392 1551 1418; x_wconf 85' lang='lat' dir='ltr'>est.</span> 
     </span>
    </p>

    <p class='ocr_par' dir='ltr' id='par_1_22' title="bbox 984 1429 1713 1864">
     <span class='ocr_line' id='line_1_94' title="bbox 1034 1429 1710 1471; baseline 0.001 -11"><span class='ocrx_word' id='word_1_529' title='bbox 1034 1429 1066 1461; x_wconf 88' lang='lat' dir='ltr'>C.</span> <span class='ocrx_word' id='word_1_530' title='bbox 1088 1430 1178 1468; x_wconf 83' lang='lat' dir='ltr'>Cato,</span> <span class='ocrx_word' id='word_1_531' title='bbox 1196 1430 1238 1460; x_wconf 87' lang='lat' dir='ltr'>ad</span> <span class='ocrx_word' id='word_1_532' title='bbox 1253 1429 1328 1460; x_wconf 85' lang='lat' dir='ltr'>Div.</span> <span class='ocrx_word' id='word_1_533' title='bbox 1346 1430 1367 1459; x_wconf 90' lang='lat' dir='ltr'>i.</span> <span class='ocrx_word' id='word_1_534' title='bbox 1385 1432 1416 1461; x_wconf 76' lang='lat'>2.</span> <span class='ocrx_word' id='word_1_535' title='bbox 1446 1429 1623 1462; x_wconf 73' lang='lat' dir='ltr'>Tribunus</span> <span class='ocrx_word' id='word_1_536' title='bbox 1638 1429 1710 1471; x_wconf 86' lang='lat' dir='ltr'>ple-</span> 
     </span>
     <span class='ocr_line' id='line_1_95' title="bbox 984 1473 1710 1515; baseline 0.001 -11"><span class='ocrx_word' id='word_1_537' title='bbox 984 1473 1034 1504; x_wconf 84' lang='lat' dir='ltr'>bis</span> <span class='ocrx_word' id='word_1_538' title='bbox 1052 1474 1249 1504; x_wconf 76' lang='lat' dir='ltr'>Marcellino</span> <span class='ocrx_word' id='word_1_539' title='bbox 1265 1480 1299 1504; x_wconf 89' lang='lat' dir='ltr'>et</span> <span class='ocrx_word' id='word_1_540' title='bbox 1315 1473 1468 1513; x_wconf 86' lang='lat' dir='ltr'>Philippo</span> <span class='ocrx_word' id='word_1_541' title='bbox 1492 1474 1583 1505; x_wconf 85' lang='lat' dir='ltr'>Coss.</span> <span class='ocrx_word' id='word_1_542' title='bbox 1598 1475 1637 1505; x_wconf 79' lang='lat' dir='ltr'>it.</span> <span class='ocrx_word' id='word_1_543' title='bbox 1655 1485 1710 1515; x_wconf 83' lang='lat' dir='ltr'>ep.</span> 
     </span>
     <span class='ocr_line' id='line_1_96' title="bbox 984 1517 1711 1558; baseline 0 -10"><span class='ocrx_word' id='word_1_544' title='bbox 984 1520 1016 1548; x_wconf 83' lang='lat'>4.</span> <span class='ocrx_word' id='word_1_545' title='bbox 1044 1521 1076 1548; x_wconf 88' lang='lat'>5.</span> <span class='ocrx_word' id='word_1_546' title='bbox 1107 1518 1215 1557; x_wconf 81' lang='lat' dir='ltr'>legem</span> <span class='ocrx_word' id='word_1_547' title='bbox 1237 1517 1304 1547; x_wconf 77' lang='lat' dir='ltr'>fert</span> <span class='ocrx_word' id='word_1_548' title='bbox 1329 1517 1367 1547; x_wconf 90' lang='lat' dir='ltr'>de</span> <span class='ocrx_word' id='word_1_549' title='bbox 1394 1518 1534 1558; x_wconf 82' lang='lat' dir='ltr'>imperio</span> <span class='ocrx_word' id='word_1_550' title='bbox 1563 1518 1711 1549; x_wconf 80' lang='lat' dir='ltr'>Lentulo</span> 
     </span>
     <span class='ocr_line' id='line_1_97' title="bbox 985 1560 1707 1602; baseline 0.003 -11"><span class='ocrx_word' id='word_1_551' title='bbox 985 1561 1158 1601; x_wconf 79' lang='lat' dir='ltr'>Spintheri</span> <span class='ocrx_word' id='word_1_552' title='bbox 1180 1562 1214 1591; x_wconf 90' lang='lat' dir='ltr'>in</span> <span class='ocrx_word' id='word_1_553' title='bbox 1239 1560 1357 1591; x_wconf 81' lang='lat' dir='ltr'>Cilicia</span> <span class='ocrx_word' id='word_1_554' title='bbox 1379 1561 1579 1602; x_wconf 88' lang='lat' dir='ltr'>abrogando.</span> <span class='ocrx_word' id='word_1_555' title='bbox 1609 1561 1652 1592; x_wconf 89' lang='lat' dir='ltr'>ad</span> <span class='ocrx_word' id='word_1_556' title='bbox 1666 1561 1707 1602; x_wconf 92' lang='lat' dir='ltr'>Q.</span> 
     </span>
     <span class='ocr_line' id='line_1_98' title="bbox 985 1605 1710 1637; baseline 0 -2"><span class='ocrx_word' id='word_1_557' title='bbox 985 1605 1038 1636; x_wconf 87' lang='lat' dir='ltr'>Fr.</span> <span class='ocrx_word' id='word_1_558' title='bbox 1052 1606 1074 1636; x_wconf 86' lang='lat' dir='ltr'>i.</span> <span class='ocrx_word' id='word_1_559' title='bbox 1091 1607 1122 1637; x_wconf 74' lang='lat'>2.</span> <span class='ocrx_word' id='word_1_560' title='bbox 1140 1609 1170 1636; x_wconf 87' lang='lat'>5.</span> <span class='ocrx_word' id='word_1_561' title='bbox 1204 1605 1385 1635; x_wconf 86' lang='lat' dir='ltr'>Gabinium</span> <span class='ocrx_word' id='word_1_562' title='bbox 1409 1605 1448 1635; x_wconf 89' lang='lat' dir='ltr'>de</span> <span class='ocrx_word' id='word_1_563' title='bbox 1465 1605 1594 1636; x_wconf 76' lang='lat' dir='ltr'>ambitu</span> <span class='ocrx_word' id='word_1_564' title='bbox 1611 1615 1710 1636; x_wconf 83' lang='lat' dir='ltr'>accu-</span> 
     </span>
     <span class='ocr_line' id='line_1_99' title="bbox 984 1649 1711 1689; baseline 0.001 -10"><span class='ocrx_word' id='word_1_565' title='bbox 984 1658 1057 1679; x_wconf 87' lang='lat' dir='ltr'>sare</span> <span class='ocrx_word' id='word_1_566' title='bbox 1083 1649 1203 1686; x_wconf 79' lang='lat' dir='ltr'>voluit,</span> <span class='ocrx_word' id='word_1_567' title='bbox 1220 1649 1254 1679; x_wconf 88' lang='lat' dir='ltr'>in</span> <span class='ocrx_word' id='word_1_568' title='bbox 1279 1659 1344 1687; x_wconf 89' lang='lat' dir='ltr'>quo</span> <span class='ocrx_word' id='word_1_569' title='bbox 1371 1658 1472 1689; x_wconf 89' lang='lat' dir='ltr'>prope</span> <span class='ocrx_word' id='word_1_570' title='bbox 1495 1649 1626 1680; x_wconf 76' lang='lat' dir='ltr'>occisus</span> <span class='ocrx_word' id='word_1_571' title='bbox 1646 1654 1711 1680; x_wconf 81' lang='lat' dir='ltr'>est.</span> 
     </span>
     <span class='ocr_line' id='line_1_100' title="bbox 985 1692 1713 1732; baseline 0.001 -9"><span class='ocrx_word' id='word_1_572' title='bbox 985 1692 1028 1723; x_wconf 84' lang='lat' dir='ltr'>ad</span> <span class='ocrx_word' id='word_1_573' title='bbox 1042 1692 1112 1723; x_wconf 80' lang='lat' dir='ltr'>Att.</span> <span class='ocrx_word' id='word_1_574' title='bbox 1130 1693 1171 1722; x_wconf 86' lang='lat' dir='ltr'>iv.</span> <span class='ocrx_word' id='word_1_575' title='bbox 1188 1695 1237 1723; x_wconf 86' lang='lat'>15.</span> <span class='ocrx_word' id='word_1_576' title='bbox 1253 1697 1288 1722; x_wconf 88' lang='lat' dir='ltr'>et</span> <span class='ocrx_word' id='word_1_577' title='bbox 1308 1693 1358 1723; x_wconf 90' lang='grc'>16.</span> <span class='ocrx_word' id='word_1_578' title='bbox 1381 1692 1471 1732; x_wconf 80' lang='lat' dir='ltr'>Lege</span> <span class='ocrx_word' id='word_1_579' title='bbox 1486 1692 1592 1724; x_wconf 67' lang='lat' dir='ltr'>sunia</span> <span class='ocrx_word' id='word_1_580' title='bbox 1605 1697 1641 1724; x_wconf 81' lang='lat' dir='ltr'>et</span> <span class='ocrx_word' id='word_1_581' title='bbox 1654 1692 1713 1724; x_wconf 85' lang='lat' dir='ltr'>Li-</span> 
     </span>
     <span class='ocr_line' id='line_1_101' title="bbox 984 1735 1710 1775; baseline 0.003 -9"><span class='ocrx_word' id='word_1_582' title='bbox 984 1737 1074 1767; x_wconf 84' lang='lat' dir='ltr'>cinia</span> <span class='ocrx_word' id='word_1_583' title='bbox 1109 1736 1301 1766; x_wconf 60' lang='lat' dir='ltr'>absolvitur.</span> <span class='ocrx_word' id='word_1_584' title='bbox 1347 1735 1442 1767; x_wconf 86' lang='lat' dir='ltr'>Fufia</span> <span class='ocrx_word' id='word_1_585' title='bbox 1477 1737 1582 1767; x_wconf 86' lang='lat' dir='ltr'>etiam</span> <span class='ocrx_word' id='word_1_586' title='bbox 1619 1746 1710 1775; x_wconf 79' lang='lat' dir='ltr'>reus,</span> 
     </span>
     <span class='ocr_line' id='line_1_102' title="bbox 984 1778 1710 1820; baseline 0.001 -10"><span class='ocrx_word' id='word_1_587' title='bbox 984 1790 1063 1810; x_wconf 89' lang='lat' dir='ltr'>eum</span> <span class='ocrx_word' id='word_1_588' title='bbox 1094 1779 1222 1810; x_wconf 87' lang='lat' dir='ltr'>Milone</span> <span class='ocrx_word' id='word_1_589' title='bbox 1252 1785 1287 1809; x_wconf 82' lang='lat' dir='ltr'>et</span> <span class='ocrx_word' id='word_1_590' title='bbox 1314 1778 1475 1811; x_wconf 88' lang='lat' dir='ltr'>Cicerone</span> <span class='ocrx_word' id='word_1_591' title='bbox 1501 1781 1537 1810; x_wconf 89' lang='lat' dir='ltr'>in</span> <span class='ocrx_word' id='word_1_592' title='bbox 1563 1781 1710 1820; x_wconf 69' lang='lat' dir='ltr'>gratiam</span> 
     </span>
     <span class='ocr_line' id='line_1_103' title="bbox 984 1824 1563 1864; baseline 0 -10"><span class='ocrx_word' id='word_1_593' title='bbox 984 1824 1085 1862; x_wconf 78' lang='lat' dir='ltr'>redit,</span> <span class='ocrx_word' id='word_1_594' title='bbox 1102 1824 1260 1864; x_wconf 82' lang='lat' dir='ltr'>Pompeio</span> <span class='ocrx_word' id='word_1_595' title='bbox 1276 1824 1399 1854; x_wconf 85' lang='lat' dir='ltr'>iterum</span> <span class='ocrx_word' id='word_1_596' title='bbox 1415 1824 1563 1855; x_wconf 82' lang='lat' dir='ltr'>consule.</span> 
     </span>
    </p>

    <p class='ocr_par' dir='ltr' id='par_1_23' title="bbox 978 1867 1713 2040">
     <span class='ocr_line' id='line_1_104' title="bbox 1031 1867 1710 1908; baseline 0.001 -10"><span class='ocrx_word' id='word_1_597' title='bbox 1031 1867 1074 1898; x_wconf 90' lang='lat' dir='ltr'>L.</span> <span class='ocrx_word' id='word_1_598' title='bbox 1095 1868 1183 1905; x_wconf 82' lang='lat' dir='ltr'>Cato,</span> <span class='ocrx_word' id='word_1_599' title='bbox 1199 1877 1258 1907; x_wconf 90' lang='lat' dir='ltr'>pro</span> <span class='ocrx_word' id='word_1_600' title='bbox 1280 1867 1393 1898; x_wconf 85' lang='lat' dir='ltr'>Rabir.</span> <span class='ocrx_word' id='word_1_601' title='bbox 1409 1871 1440 1902; x_wconf 87' lang='lat'>7.</span> <span class='ocrx_word' id='word_1_602' title='bbox 1463 1878 1523 1908; x_wconf 89' lang='lat' dir='ltr'>pro</span> <span class='ocrx_word' id='word_1_603' title='bbox 1543 1868 1641 1898; x_wconf 86' lang='lat' dir='ltr'>Font.</span> <span class='ocrx_word' id='word_1_604' title='bbox 1658 1871 1710 1900; x_wconf 89' lang='lat'>15.</span> 
     </span>
     <span class='ocr_line' id='line_1_105' title="bbox 990 1910 1712 1952; baseline 0 -10"><span class='ocrx_word' id='word_1_605' title='bbox 990 1910 1106 1942; x_wconf 74' lang='lat' dir='ltr'>Consul</span> <span class='ocrx_word' id='word_1_606' title='bbox 1115 1910 1191 1952; x_wconf 76' lang='lat' dir='ltr'>fuit</span> <span class='ocrx_word' id='word_1_607' title='bbox 1207 1920 1282 1941; x_wconf 77' lang='lat' dir='ltr'>eum</span> <span class='ocrx_word' id='word_1_608' title='bbox 1303 1910 1360 1942; x_wconf 84' lang='lat' dir='ltr'>Cn.</span> <span class='ocrx_word' id='word_1_609' title='bbox 1377 1911 1534 1951; x_wconf 77' lang='lat' dir='ltr'>Pompeio</span> <span class='ocrx_word' id='word_1_610' title='bbox 1546 1911 1712 1943; x_wconf 77' lang='lat' dir='ltr'>Strabone</span> 
     </span>
     <span class='ocr_line' id='line_1_106' title="bbox 985 1955 1713 1996; baseline 0.001 -10"><span class='ocrx_word' id='word_1_611' title='bbox 985 1963 1124 1986; x_wconf 75' lang='lat' dir='ltr'>DCLXW.</span> <span class='ocrx_word' id='word_1_612' title='bbox 1147 1961 1290 1994; x_wconf 74' lang='lat' dir='ltr'>tempore</span> <span class='ocrx_word' id='word_1_613' title='bbox 1314 1955 1388 1985; x_wconf 84' lang='lat' dir='ltr'>belli</span> <span class='ocrx_word' id='word_1_614' title='bbox 1411 1957 1559 1988; x_wconf 45' lang='lat' dir='ltr'>sociali&amp;-</span> <span class='ocrx_word' id='word_1_615' title='bbox 1592 1956 1629 1985; x_wconf 82' lang='lat' dir='ltr'>in.</span> <span class='ocrx_word' id='word_1_616' title='bbox 1649 1966 1713 1996; x_wconf 73' lang='lat' dir='ltr'>que</span> 
     </span>
     <span class='ocr_line' id='line_1_107' title="bbox 978 1996 1711 2040; baseline 0.001 -11"><span class='ocrx_word' id='word_1_617' title='bbox 978 2000 1093 2038; x_wconf 67' lang='lat' dir='ltr'>periit.</span> <span class='ocrx_word' id='word_1_618' title='bbox 1115 1999 1155 2029; x_wconf 83' lang='lat' dir='ltr'>de</span> <span class='ocrx_word' id='word_1_619' title='bbox 1168 2009 1229 2039; x_wconf 82' lang='lat' dir='ltr'>quo</span> <span class='ocrx_word' id='word_1_620' title='bbox 1249 1999 1313 2029; x_wconf 74' lang='lat' dir='ltr'>oid.</span> <span class='ocrx_word' id='word_1_621' title='bbox 1329 1996 1414 2039; x_wconf 77' lang='lat' dir='ltr'>App.</span> <span class='ocrx_word' id='word_1_622' title='bbox 1431 2000 1477 2031; x_wconf 91' lang='lat' dir='ltr'>B.</span> <span class='ocrx_word' id='word_1_623' title='bbox 1498 1998 1530 2030; x_wconf 83' lang='lat' dir='ltr'>C.</span> <span class='ocrx_word' id='word_1_624' title='bbox 1547 2000 1570 2030; x_wconf 87' lang='lat' dir='ltr'>l.</span> <span class='ocrx_word' id='word_1_625' title='bbox 1586 1999 1609 2030; x_wconf 87' lang='lat' dir='ltr'>i.</span> <span class='ocrx_word' id='word_1_626' title='bbox 1624 2008 1711 2040; x_wconf 77' lang='lat' dir='ltr'>pag.</span> 
     </span>
    </p>

    <p class='ocr_par' dir='ltr' id='par_1_24' title="bbox 986 2085 1716 2913">
     <span class='ocr_line' id='line_1_108' title="bbox 1028 2085 1713 2127; baseline 0.001 -10"><span class='ocrx_word' id='word_1_627' title='bbox 1028 2086 1078 2117; x_wconf 86' lang='lat' dir='ltr'>M.</span> <span class='ocrx_word' id='word_1_628' title='bbox 1108 2085 1198 2124; x_wconf 74' lang='lat' dir='ltr'>Cato,</span> <span class='ocrx_word' id='word_1_629' title='bbox 1215 2087 1254 2124; x_wconf 85' lang='lat' dir='ltr'>is,</span> <span class='ocrx_word' id='word_1_630' title='bbox 1270 2087 1327 2126; x_wconf 73' lang='lat' dir='ltr'>qai</span> <span class='ocrx_word' id='word_1_631' title='bbox 1347 2087 1474 2127; x_wconf 78' lang='lat' dir='ltr'>sapiens</span> <span class='ocrx_word' id='word_1_632' title='bbox 1494 2090 1526 2116; x_wconf 81' lang='lat' dir='ltr'>et</span> <span class='ocrx_word' id='word_1_633' title='bbox 1546 2085 1713 2118; x_wconf 71' lang='lat' dir='ltr'>Censorius</span> 
     </span>
     <span class='ocr_line' id='line_1_109' title="bbox 986 2129 1711 2161; baseline 0.001 -1"><span class='ocrx_word' id='word_1_634' title='bbox 986 2130 1089 2161; x_wconf 81' lang='lat' dir='ltr'>dictus</span> <span class='ocrx_word' id='word_1_635' title='bbox 1104 2134 1160 2161; x_wconf 85' lang='lat' dir='ltr'>est.</span> <span class='ocrx_word' id='word_1_636' title='bbox 1184 2130 1297 2160; x_wconf 85' lang='lat' dir='ltr'>Plane.</span> <span class='ocrx_word' id='word_1_637' title='bbox 1315 2133 1345 2161; x_wconf 88' lang='lat'>8.</span> <span class='ocrx_word' id='word_1_638' title='bbox 1359 2129 1582 2160; x_wconf 85' lang='lat' dir='ltr'>Tusculanus.</span> <span class='ocrx_word' id='word_1_639' title='bbox 1620 2129 1711 2161; x_wconf 92' lang='lat' dir='ltr'>Mur.</span> 
     </span>
     <span class='ocr_line' id='line_1_110' title="bbox 988 2173 1714 2212; baseline -0.001 -7"><span class='ocrx_word' id='word_1_640' title='bbox 988 2176 1018 2205; x_wconf 85' lang='lat'>8.</span> <span class='ocrx_word' id='word_1_641' title='bbox 1048 2174 1149 2204; x_wconf 85' lang='lat' dir='ltr'>homo</span> <span class='ocrx_word' id='word_1_642' title='bbox 1175 2183 1294 2212; x_wconf 81' lang='lat' dir='ltr'>novus,</span> <span class='ocrx_word' id='word_1_643' title='bbox 1320 2178 1354 2203; x_wconf 87' lang='lat' dir='ltr'>et</span> <span class='ocrx_word' id='word_1_644' title='bbox 1379 2173 1499 2203; x_wconf 86' lang='lat' dir='ltr'>deinde</span> <span class='ocrx_word' id='word_1_645' title='bbox 1526 2173 1653 2204; x_wconf 86' lang='lat' dir='ltr'>Consul</span> <span class='ocrx_word' id='word_1_646' title='bbox 1678 2178 1714 2204; x_wconf 88' lang='lat' dir='ltr'>et</span> 
     </span>
     <span class='ocr_line' id='line_1_111' title="bbox 989 2216 1715 2248; baseline 0.001 -1"><span class='ocrx_word' id='word_1_647' title='bbox 989 2218 1126 2248; x_wconf 83' lang='lat' dir='ltr'>Censor.</span> <span class='ocrx_word' id='word_1_648' title='bbox 1151 2217 1236 2248; x_wconf 85' lang='lat' dir='ltr'>Cato</span> <span class='ocrx_word' id='word_1_649' title='bbox 1250 2220 1282 2248; x_wconf 82' lang='lat'>4.</span> <span class='ocrx_word' id='word_1_650' title='bbox 1306 2217 1443 2247; x_wconf 80' lang='lat' dir='ltr'>Praetor.</span> <span class='ocrx_word' id='word_1_651' title='bbox 1458 2216 1538 2247; x_wconf 88' lang='lat' dir='ltr'>ibid.</span> <span class='ocrx_word' id='word_1_652' title='bbox 1558 2220 1608 2247; x_wconf 84' lang='grc'>10.</span> <span class='ocrx_word' id='word_1_653' title='bbox 1639 2216 1715 2248; x_wconf 89' lang='lat' dir='ltr'>Tri-</span> 
     </span>
     <span class='ocr_line' id='line_1_112' title="bbox 988 2260 1710 2292; baseline 0 -1"><span class='ocrx_word' id='word_1_654' title='bbox 988 2261 1097 2292; x_wconf 88' lang='lat' dir='ltr'>bunus</span> <span class='ocrx_word' id='word_1_655' title='bbox 1121 2261 1192 2291; x_wconf 86' lang='lat' dir='ltr'>mil.</span> <span class='ocrx_word' id='word_1_656' title='bbox 1208 2262 1243 2291; x_wconf 91' lang='lat' dir='ltr'>in</span> <span class='ocrx_word' id='word_1_657' title='bbox 1264 2260 1351 2291; x_wconf 88' lang='lat' dir='ltr'>bello</span> <span class='ocrx_word' id='word_1_658' title='bbox 1374 2270 1452 2290; x_wconf 90' lang='lat' dir='ltr'>cum</span> <span class='ocrx_word' id='word_1_659' title='bbox 1474 2260 1642 2292; x_wconf 85' lang='lat' dir='ltr'>Antiocho</span> <span class='ocrx_word' id='word_1_660' title='bbox 1660 2261 1710 2291; x_wconf 86' lang='lat' dir='ltr'>M.</span> 
     </span>
     <span class='ocr_line' id='line_1_113' title="bbox 988 2303 1712 2345; baseline -0.001 -10"><span class='ocrx_word' id='word_1_661' title='bbox 988 2305 1086 2336; x_wconf 80' lang='lat' dir='ltr'>affuit</span> <span class='ocrx_word' id='word_1_662' title='bbox 1111 2304 1228 2345; x_wconf 88' lang='lat' dir='ltr'>proelio</span> <span class='ocrx_word' id='word_1_663' title='bbox 1254 2304 1295 2334; x_wconf 83' lang='lat' dir='ltr'>ad</span> <span class='ocrx_word' id='word_1_664' title='bbox 1324 2303 1598 2345; x_wconf 56' lang='lat' dir='ltr'>Thermopylasr</span> <span class='ocrx_word' id='word_1_665' title='bbox 1625 2304 1712 2334; x_wconf 77' lang='lat' dir='ltr'>idem</span> 
     </span>
     <span class='ocr_line' id='line_1_114' title="bbox 988 2347 1713 2388; baseline -0.003 -8"><span class='ocrx_word' id='word_1_666' title='bbox 988 2350 1129 2380; x_wconf 75' lang='lat' dir='ltr'>traclzmt</span> <span class='ocrx_word' id='word_1_667' title='bbox 1146 2347 1364 2386; x_wconf 74' lang='lat' dir='ltr'>Plutarchus,</span> <span class='ocrx_word' id='word_1_668' title='bbox 1380 2348 1563 2388; x_wconf 76' lang='lat' dir='ltr'>Appianas,</span> <span class='ocrx_word' id='word_1_669' title='bbox 1581 2347 1713 2379; x_wconf 73' lang='lat' dir='ltr'>Fronti-</span> 
     </span>
     <span class='ocr_line' id='line_1_115' title="bbox 988 2391 1711 2430; baseline -0.001 -7"><span class='ocrx_word' id='word_1_670' title='bbox 988 2403 1062 2430; x_wconf 72' lang='lat' dir='ltr'>nus,</span> <span class='ocrx_word' id='word_1_671' title='bbox 1078 2393 1233 2423; x_wconf 76' lang='lat' dir='ltr'>Aurelius</span> <span class='ocrx_word' id='word_1_672' title='bbox 1250 2392 1371 2422; x_wconf 80' lang='lat' dir='ltr'>Victor.</span> <span class='ocrx_word' id='word_1_673' title='bbox 1393 2401 1423 2421; x_wconf 76' lang='lat' dir='ltr'>v.</span> <span class='ocrx_word' id='word_1_674' title='bbox 1441 2391 1556 2430; x_wconf 79' lang='lat' dir='ltr'>Sigon.</span> <span class='ocrx_word' id='word_1_675' title='bbox 1571 2395 1602 2421; x_wconf 85' lang='lat' dir='ltr'>et</span> <span class='ocrx_word' id='word_1_676' title='bbox 1617 2391 1711 2423; x_wconf 85' lang='lat' dir='ltr'>Dra-</span> 
     </span>
     <span class='ocr_line' id='line_1_116' title="bbox 988 2435 1713 2470; baseline -0.001 -3"><span class='ocrx_word' id='word_1_677' title='bbox 988 2436 1078 2467; x_wconf 77' lang='lat' dir='ltr'>kenb.</span> <span class='ocrx_word' id='word_1_678' title='bbox 1094 2436 1140 2467; x_wconf 74' lang='lat' dir='ltr'>ad</span> <span class='ocrx_word' id='word_1_679' title='bbox 1154 2436 1229 2466; x_wconf 83' lang='lat' dir='ltr'>Liv.</span> <span class='ocrx_word' id='word_1_680' title='bbox 1247 2436 1356 2466; x_wconf 65' lang='lat' dir='ltr'>xxxvi.</span> <span class='ocrx_word' id='word_1_681' title='bbox 1376 2438 1425 2470; x_wconf 77' lang='grc'>17.</span> <span class='ocrx_word' id='word_1_682' title='bbox 1461 2435 1579 2466; x_wconf 82' lang='lat' dir='ltr'>Livius</span> <span class='ocrx_word' id='word_1_683' title='bbox 1599 2439 1713 2466; x_wconf 78' lang='lat' dir='ltr'>autem</span> 
     </span>
     <span class='ocr_line' id='line_1_117' title="bbox 987 2478 1713 2519; baseline -0.001 -9"><span class='ocrx_word' id='word_1_684' title='bbox 987 2481 1135 2519; x_wconf 75' lang='lat' dir='ltr'>legatum</span> <span class='ocrx_word' id='word_1_685' title='bbox 1149 2478 1254 2519; x_wconf 74' lang='lat' dir='ltr'>facit,</span> <span class='ocrx_word' id='word_1_686' title='bbox 1283 2481 1304 2509; x_wconf 88' lang='lat' dir='ltr'>l.</span> <span class='ocrx_word' id='word_1_687' title='bbox 1330 2489 1358 2508; x_wconf 83' lang='lat' dir='ltr'>c.</span> <span class='ocrx_word' id='word_1_688' title='bbox 1384 2479 1439 2509; x_wconf 72' lang='lat' dir='ltr'>uhi</span> <span class='ocrx_word' id='word_1_689' title='bbox 1467 2488 1498 2508; x_wconf 84' lang='grc' dir='ltr'>υ.</span> <span class='ocrx_word' id='word_1_690' title='bbox 1524 2479 1713 2510; x_wconf 78' lang='lat' dir='ltr'>Dukerum.</span> 
     </span>
     <span class='ocr_line' id='line_1_118' title="bbox 988 2517 1713 2562; baseline -0.003 -8"><span class='ocrx_word' id='word_1_691' title='bbox 988 2523 1078 2554; x_wconf 90' lang='lat' dir='ltr'>Mur.</span> <span class='ocrx_word' id='word_1_692' title='bbox 1113 2527 1163 2554; x_wconf 83' lang='lat'>14.</span> <span class='ocrx_word' id='word_1_693' title='bbox 1201 2533 1278 2552; x_wconf 79' lang='lat' dir='ltr'>cuin</span> <span class='ocrx_word' id='word_1_694' title='bbox 1304 2522 1457 2562; x_wconf 82' lang='lat' dir='ltr'>Scipione</span> <span class='ocrx_word' id='word_1_695' title='bbox 1481 2517 1650 2562; x_wconf 63' lang='lat' dir='ltr'>profectus</span> <span class='ocrx_word' id='word_1_696' title='bbox 1677 2523 1713 2552; x_wconf 87' lang='lat' dir='ltr'>in</span> 
     </span>
     <span class='ocr_line' id='line_1_119' title="bbox 986 2565 1715 2597; baseline -0.001 0"><span class='ocrx_word' id='word_1_697' title='bbox 986 2567 1113 2597; x_wconf 85' lang='lat' dir='ltr'>bellum</span> <span class='ocrx_word' id='word_1_698' title='bbox 1141 2571 1260 2596; x_wconf 82' lang='lat' dir='ltr'>contra</span> <span class='ocrx_word' id='word_1_699' title='bbox 1282 2565 1501 2596; x_wconf 86' lang='lat' dir='ltr'>Antiochum.</span> <span class='ocrx_word' id='word_1_700' title='bbox 1546 2565 1715 2597; x_wconf 62' lang='lat' dir='ltr'>Memor-icc</span> 
     </span>
     <span class='ocr_line' id='line_1_120' title="bbox 989 2609 1712 2650; baseline -0.001 -9"><span class='ocrx_word' id='word_1_701' title='bbox 989 2612 1086 2650; x_wconf 80' lang='lat' dir='ltr'>lapsu</span> <span class='ocrx_word' id='word_1_702' title='bbox 1110 2610 1300 2650; x_wconf 84' lang='lat' dir='ltr'>Scipionem</span> <span class='ocrx_word' id='word_1_703' title='bbox 1324 2619 1389 2650; x_wconf 77' lang='lat' dir='ltr'>pro</span> <span class='ocrx_word' id='word_1_704' title='bbox 1418 2609 1597 2639; x_wconf 83' lang='lat' dir='ltr'>Glabrione</span> <span class='ocrx_word' id='word_1_705' title='bbox 1620 2611 1712 2649; x_wconf 66' lang='lat' dir='ltr'>poni,</span> 
     </span>
     <span class='ocr_line' id='line_1_121' title="bbox 991 2652 1716 2694; baseline 0.001 -11"><span class='ocrx_word' id='word_1_706' title='bbox 991 2655 1067 2694; x_wconf 67' lang='lat' dir='ltr'>(nisi</span> <span class='ocrx_word' id='word_1_707' title='bbox 1093 2654 1302 2684; x_wconf 81' lang='lat' dir='ltr'>librariorum</span> <span class='ocrx_word' id='word_1_708' title='bbox 1324 2658 1496 2693; x_wconf 73' lang='lat' dir='ltr'>peccatum</span> <span class='ocrx_word' id='word_1_709' title='bbox 1519 2652 1578 2692; x_wconf 80' lang='lat' dir='ltr'>est)</span> <span class='ocrx_word' id='word_1_710' title='bbox 1605 2657 1716 2684; x_wconf 64' lang='lat' dir='ltr'>vnonet</span> 
     </span>
     <span class='ocr_line' id='line_1_122' title="bbox 990 2696 1714 2736; baseline -0.004 -7"><span class='ocrx_word' id='word_1_711' title='bbox 990 2698 1222 2736; x_wconf 60' lang='lat' dir='ltr'>li’i’sselingias</span> <span class='ocrx_word' id='word_1_712' title='bbox 1253 2697 1291 2728; x_wconf 90' lang='lat' dir='ltr'>V.</span> <span class='ocrx_word' id='word_1_713' title='bbox 1324 2696 1388 2727; x_wconf 76' lang='lat' dir='ltr'>Cel.</span> <span class='ocrx_word' id='word_1_714' title='bbox 1419 2696 1491 2727; x_wconf 76' lang='lat' dir='ltr'>obs.</span> <span class='ocrx_word' id='word_1_715' title='bbox 1524 2697 1558 2726; x_wconf 90' lang='lat' dir='ltr'>ii.</span> <span class='ocrx_word' id='word_1_716' title='bbox 1585 2697 1638 2728; x_wconf 72' lang='lat'>26.</span> <span class='ocrx_word' id='word_1_717' title='bbox 1677 2697 1714 2727; x_wconf 89' lang='lat' dir='ltr'>in</span> 
     </span>
     <span class='ocr_line' id='line_1_123' title="bbox 991 2739 1714 2780; baseline -0.003 -8"><span class='ocrx_word' id='word_1_718' title='bbox 991 2741 1103 2772; x_wconf 86' lang='lat' dir='ltr'>Caecil.</span> <span class='ocrx_word' id='word_1_719' title='bbox 1134 2743 1186 2772; x_wconf 75' lang='lat'>520.</span> <span class='ocrx_word' id='word_1_720' title='bbox 1226 2739 1352 2771; x_wconf 77' lang='lat' dir='ltr'>Consul</span> <span class='ocrx_word' id='word_1_721' title='bbox 1382 2741 1417 2770; x_wconf 91' lang='lat' dir='ltr'>in</span> <span class='ocrx_word' id='word_1_722' title='bbox 1449 2739 1612 2780; x_wconf 85' lang='lat' dir='ltr'>Hispania</span> <span class='ocrx_word' id='word_1_723' title='bbox 1636 2739 1714 2770; x_wconf 85' lang='lat' dir='ltr'>fuit.</span> 
     </span>
     <span class='ocr_line' id='line_1_124' title="bbox 989 2783 1714 2816; baseline -0.004 0"><span class='ocrx_word' id='word_1_724' title='bbox 989 2785 1092 2816; x_wconf 85' lang='lat' dir='ltr'>Acad.</span> <span class='ocrx_word' id='word_1_725' title='bbox 1110 2786 1152 2815; x_wconf 82' lang='lat' dir='ltr'>iv.</span> <span class='ocrx_word' id='word_1_726' title='bbox 1167 2786 1198 2816; x_wconf 72' lang='lat'>2.</span> <span class='ocrx_word' id='word_1_727' title='bbox 1227 2784 1359 2815; x_wconf 80' lang='lat' dir='ltr'>Graecas</span> <span class='ocrx_word' id='word_1_728' title='bbox 1383 2784 1511 2814; x_wconf 74' lang='lat' dir='ltr'>litteras</span> <span class='ocrx_word' id='word_1_729' title='bbox 1528 2793 1630 2814; x_wconf 81' lang='lat' dir='ltr'>senex</span> <span class='ocrx_word' id='word_1_730' title='bbox 1646 2783 1714 2814; x_wconf 86' lang='lat' dir='ltr'>dis-</span> 
     </span>
     <span class='ocr_line' id='line_1_125' title="bbox 990 2827 1712 2862; baseline -0.003 -3"><span class='ocrx_word' id='word_1_731' title='bbox 990 2829 1047 2860; x_wconf 91' lang='lat' dir='ltr'>cit.</span> <span class='ocrx_word' id='word_1_732' title='bbox 1072 2829 1129 2859; x_wconf 90' lang='lat' dir='ltr'>Or.</span> <span class='ocrx_word' id='word_1_733' title='bbox 1145 2829 1168 2859; x_wconf 86' lang='lat' dir='ltr'>i.</span> <span class='ocrx_word' id='word_1_734' title='bbox 1186 2831 1238 2862; x_wconf 73' lang='lat'>37.</span> <span class='ocrx_word' id='word_1_735' title='bbox 1262 2828 1309 2858; x_wconf 88' lang='lat' dir='ltr'>iii.</span> <span class='ocrx_word' id='word_1_736' title='bbox 1327 2829 1380 2859; x_wconf 87' lang='lat'>33.</span> <span class='ocrx_word' id='word_1_737' title='bbox 1407 2827 1530 2858; x_wconf 84' lang='lat' dir='ltr'>Orator</span> <span class='ocrx_word' id='word_1_738' title='bbox 1545 2835 1579 2858; x_wconf 87' lang='lat' dir='ltr'>et</span> <span class='ocrx_word' id='word_1_739' title='bbox 1593 2827 1712 2859; x_wconf 78' lang='lat' dir='ltr'>JCtus.</span> 
     </span>
     <span class='ocr_line' id='line_1_126' title="bbox 989 2870 1715 2913; baseline 0.001 -9"><span class='ocrx_word' id='word_1_740' title='bbox 989 2872 1084 2907; x_wconf 74' lang='lat' dir='ltr'>Orat.</span> <span class='ocrx_word' id='word_1_741' title='bbox 1100 2872 1138 2904; x_wconf 84' lang='lat' dir='ltr'>ii.</span> <span class='ocrx_word' id='word_1_742' title='bbox 1152 2874 1204 2904; x_wconf 79' lang='lat'>33.</span> <span class='ocrx_word' id='word_1_743' title='bbox 1230 2871 1307 2907; x_wconf 78' lang='lat' dir='ltr'>libri</span> <span class='ocrx_word' id='word_1_744' title='bbox 1328 2872 1401 2913; x_wconf 77' lang='lat' dir='ltr'>ejus</span> <span class='ocrx_word' id='word_1_745' title='bbox 1423 2871 1463 2905; x_wconf 85' lang='lat' dir='ltr'>de</span> <span class='ocrx_word' id='word_1_746' title='bbox 1479 2872 1558 2913; x_wconf 76' lang='lat' dir='ltr'>J&#39;ure</span> <span class='ocrx_word' id='word_1_747' title='bbox 1574 2870 1715 2905; x_wconf 71' lang='lat' dir='ltr'>laudan-</span> 
     </span>
    </p>
   </div>
  </div>
 </body>
</html>
