1804 3178
653 118 799 147 {NDRx
821 117 1098 148 msTomcUS.

133 211 208 239 εἱσι·
219 205 407 239 Academiae
423 207 543 238 tertie.
565 205 666 238 Tusc.
683 208 725 238 iv.
742 211 773 239 3.
810 208 854 238 A·

133 251 322 282 cademicus
364 252 556 292 Cyrenaeus.
602 250 704 281 Acad.
743 251 764 282 i.
807 254 855 282 12.

133 299 272 335 quartus
295 295 335 325 ab
350 293 510 331 Arcesila,
526 295 560 324 in
583 294 737 325 Arcesilae
755 296 856 324 ratio-

133 347 177 368 ne
203 344 331 369 mant-t.
365 337 468 369 Acad.
491 347 521 368 v.
547 340 599 368 30.
639 338 855 368 Dialecticus.

133 381 233 412 discit
249 392 268 412 a
284 382 434 422 Diogene
450 381 573 412 Stoico.
597 381 668 412 Pin.
685 382 731 412 iii.
748 384 796 412 1²2.
822 383 855 412 in

133 424 328 456 Dialecticis
351 425 553 456 exercitatus
575 430 609 454 et
633 435 766 455 summa
788 425 856 455 clo·

133 469 283 508 quentia.
305 468 408 499 Acad.
432 469 474 499 iv.
497 470 550 499 49.
573 468 662 508 quod
685 478 855 500 summum

133 512 258 543 bonum
282 512 451 543 statuerit.
478 511 627 543 ibid.45.
661 512 855 553 Calliphon-

132 555 177 585 tis
202 556 407 586 sententiam
434 555 474 585 de
498 564 630 586 summo
654 557 740 587 bono
762 556 856 586 valde

133 597 295 630 defendit.
328 599 409 629 ibid.
430 601 483 630 31.
516 600 587 638 ejus
615 599 655 630 de
682 601 758 630 visis
781 610 855 630 sen-

131 643 253 673 tentia.
276 642 320 674 ib.
335 647 366 676 9.
395 642 572 684 Quomodo
588 643 766 684 Antipatro
782 645 856 674 Sto-

134 685 186 716 ico
200 686 422 727 responderit,
439 687 496 726 qui
519 687 582 717 sibi
606 687 742 717 concedi
767 686 856 717 vole—

132 729 191 760 bat
205 729 268 760 hoc
283 734 479 770 perceptum
494 740 565 761 esse
579 742 586 760 τ
613 731 713 761 Nihil
730 732 857 770 percipi

126 781 228 813 posse.
251 773 322 804 Att.
340 774 410 804 xiii.
426 776 478 805 91.
513 773 654 816 ceuton„
676 774 798 814 pugilis
822 781 855 804 et

133 817 360 848 retentionem
384 818 508 858 aurigae
531 816 674 848 similem
693 817 773 848 facit
790 818 856 848 ivo-

132 860 190 902 χξῖ.
212 860 257 892 Ν.
274 861 317 891 D.
332 861 355 892 i.
371 862 402 892 2.
428 861 561 892 disserit
582 865 700 891 contra
715 871 783 899 eos,
799 862 854 901 qui

133 904 254 936 omnia
264 903 408 936 hominis
423 914 523 935 causa
545 909 626 935 nata
640 914 710 934 esse
728 905 856 935 dicunt.

137 946 251 979 Divin.
275 948 309 979 ii.
325 951 357 979 3.
388 948 522 988 quaerit,
541 957 727 988 quarumne
745 959 855 979 rerum

134 990 296 1022 divinatio
321 992 379 1030 sit,
403 1001 576 1030 eal-mnne,
603 1001 677 1031 quoe
705 993 855 1022 sensibus

134 1034 379 1075 percipiuntur.
402 1035 447 1066 ib.
463 1036 487 1066 i.
505 1038 554 1066 13.
578 1035 690 1075 fingit,
706 1036 740 1066 in
757 1036 856 1066 Chio-

134 1087 210 1108 rum
231 1077 420 1119 lapidicinis
441 1089 521 1110 saxo
541 1079 664 1110 diffisso
690 1080 855 1110 exstitisse

133 1126 237 1162 caput
251 1121 394 1154 Panisci.
416 1123 460 1154 ib.
477 1123 511 1153 ii.
527 1125 580 1153 41.
614 1123 855 1154 Praenestinam

132 1164 306 1197 fortunam
320 1166 406 1197 risit.
422 1166 466 1198 ib.
482 1167 504 1196 i.
518 1169 570 1198 30.
594 1167 855 1198 concertationis

133 1208 247 1240 ntudio
274 1209 373 1241 modo
399 1211 447 1240 ait
470 1210 546 1247 hoc,
571 1210 669 1241 modo
695 1210 788 1242 illud.
811 1210 855 1241 N.

133 1252 179 1284 D.
195 1252 230 1284 ii.
245 1253 299 1285 65.
321 1253 467 1285 libenter
481 1254 516 1284 in
532 1254 660 1284 Stoicos
679 1254 855 1284 inveheba—

133 1302 203 1327 tur.
220 1297 334 1328 Div.i.
350 1301 381 1329 4.
411 1297 520 1328 multa
542 1302 640 1328 acute
664 1303 699 1328 et
725 1298 855 1338 copiose

133 1345 253 1372 contra
277 1341 405 1372 Stoicos
431 1341 625 1382 disputavit.
652 1341 722 1371 Att.
746 1342 800 1372 vii.
823 1343 854 1372 9..

135 1383 216 1424 Ejus
242 1383 371 1416 dictum
394 1394 574 1425 spurcum:
606 1384 698 1416 Bene
723 1385 856 1416 eveniat

134 1428 196 1458 &c.
217 1427 328 1459 Groece
340 1440 350 1458 .·
374 1427 458 1470 σῦχῃ
470 1429 580 1470 ἀγαθῇ
593 1426 807 1468 παιδοποιὶἷμεν
821 1429 855 1459 in

133 1480 169 1502 re
183 1471 344 1503 Venerea.
365 1471 466 1502 Tusc.
482 1482 513 1503 v.
529 1474 582 1502 41.
603 1471 661 1502 Or.
682 1472 715 1502 ii.
732 1475 784 1506 37.
809 1471 856 1502 le-

133 1519 232 1555 gatus
246 1515 389 1547 Romam
406 1516 537 1546 missus.

177 1558 222 1590 L.
242 1558 468 1599 Carpinatius,
484 1558 578 1590 verr.
604 1559 638 1589 ii.
663 1562 716 1593 70.
747 1559 856 1601 publi-

133 1605 238 1634 canus
253 1603 288 1633 in
304 1602 419 1634 Sicilia
435 1612 496 1643 pro
512 1603 683 1642 magistro.

177 1645 218 1678 T.
238 1646 409 1728 Cam-inas,
424 1646 467 1677 ad
482 1646 553 1677 Att.
570 1647 638 1677 xiii.
657 1649 709 1678 33.
736 1646 857 1687 (gentis

150 1747 153 1749 >
178 1733 220 1765 L.
241 1733 403 1770 Carteius,
420 1734 462 1764 ad
484 1733 562 1765 Div.
579 1734 634 1764 xii.
657 1736 705 1764 11.
729 1733 856 1772 aliquid

133 1777 282 1808 muneris
298 1777 333 1808 in
355 1778 504 1808 exercitu
521 1777 625 1808 Cassii
648 1778 682 1807 in
699 1777 792 1819 Syria
805 1782 857 1807 te-

132 1821 246 1852 nuisse
259 1821 404 1852 videtur.

181 1865 330 1904 Carvilii,
350 1865 450 1896 Petit.
473 1865 574 1896 Cons.
591 1867 621 1896 3.
645 1864 743 1895 amici
766 1864 858 1895 Cati-

130 1907 221 1940 linoe.
390 1923 392 1925 ·

178 1952 236 1993 Sp.
256 1951 431 1990 Carvilius,
447 1952 488 1982 de
509 1952 567 1983 Or.
592 1953 626 1982 ii.
642 1953 695 1983 61.
710 1951 858 1992 familia

138 1995 283 2027 Car-vilia
291 1996 433 2038 plebeia,
447 1997 503 2027 sed
514 1997 668 2036 equestris
683 2001 806 2026 tamen.

180 2039 294 2078 Casca,
319 2049 492 2079 cognomen
520 2040 747 2078 Serviliorum,
774 2038 856 2070 Phil.

131 2082 173 2114 ii.¹
193 2086 243 2115 11.
269 2083 335 2114 fuit
358 2083 448 2114 inter
471 2093 680 2124 percussores
707 2083 857 2114 Caesaris.

130 2126 204 2158 Att.
226 2127 296 2158 xiii.
315 2130 369 2158 44.
407 2127 530 2158 librum
552 2127 696 2168 scripsit.
720 2127 785 2157 xvi.
806 2130 856 2158 15.

132 2171 204 2210 ejus
217 2171 422 2202 tribunatus.
445 2180 475 2200 ι’.
493 2170 662 2201 Servilius.

182 2213 366 2253 Cascellius,
382 2213 477 2246 Balb.
494 2216 545 2246 20.
574 2215 753 2254 praediator
775 2218 856 2245 aeta-

131 2262 168 2287 te
206 2259 342 2298 auguris
373 2258 415 2300 Ω.
445 2257 611 2289 Scaevolae.
649 2258 713 2288 vid.
745 2257 856 2289 Valer.

133 2300 230 2332 Max.
244 2302 288 2332 vi.
303 2303 335 2336 2.
356 2303 403 2333 12.
429 2306 461 2332 et
482 2302 551 2332 viii.
572 2303 619 2332 19.
641 2305 667 2332 l.
715 2301 788 2332 Hoc
800 2311 855 2332 no-

133 2353 208 2375 men
222 2345 394 2376 vindicant
407 2350 523 2376 contra
538 2355 599 2383 eos,
611 2346 668 2386 qui
683 2343 855 2376 Caesellius

133 2389 200 2428 legi
214 2390 340 2426 volunt,
354 2393 393 2419 ‘ut
409 2389 554 2430 Pighius
568 2389 657 2419 Ann.
673 2389 720 2419 ad
732 2398 765 2420 a.
781 2388 856 2420 633.

131 2430 229 2474 cujus
246 2433 424 2474 (minionem
446 2433 578 2464 videtur
593 2433 736 2473 probare
765 2432 856 2463 Groe-

132 2477 207 2506 vius
229 2477 276 2507 ad
305 2476 368 2508 Cic.
392 2475 494 2508 Balb.
521 2478 574 2508 20.
613 2476 786 2507 Harduiu.
812 2476 858 2506 ad

135 2519 231 2551 plin.
245 2520 313 2552 viii.
336 2520 390 2552 61.
412 2521 468 2551 nbi
485 2523 666 2561 proeceptor
687 2516 758 2560 ejus
782 2519 857 2550 Vol-

132 2564 240 2595 catius
261 2564 432 2597 traditurt
458 2563 600 2604 Rupert.
625 2564 672 2594 ad
697 2563 856 2604 Pompo‘n.

134 2606 313 2638 Euchirid.
337 2607 385 2638 iii.
414 2610 464 2638 ll.
493 2608 549 2639 ubi
571 2608 610 2638 de
632 2607 672 2638 A.
696 2606 857 2637 Cascellio

133 2650 221 2682 ,1ᾱο
233 2652 320 2690 agit,
329 2649 424 2691 eujus
437 2656 469 2682 et
484 2651 647 2682 Horatius
663 2651 857 2681 mentionem

122 2693 219 2733 secie.
270 2695 418 2726 Ceterum
443 2695 519 2725 huic
528 2693 677 2735 familia>
696 2694 857 2724 heredita-

135 2739 223 2768 rium
245 2738 476 2779 quodammodo
497 2738 691 2780 Jurispmd.
710 2737 858 2768 studium

120 2780 209 2820 suit.

179 2824 230 2855 M.
250 2825 435 2863 Cascellius,
456 2825 497 2865 Ω.
513 2825 565 2856 Fr.
583 2826 603 2856 i.
617 2827 647 2857 2.
659 2827 690 2856 2.
707 2825 857 2863 negotia-

133 2872 189 2898 tor
202 2869 239 2898 in
256 2869 426 2907 provincia
441 2868 506 2909 Qu.
523 2868 704 2899 Ciceronis.

183 2910 377 2949 Cassander,
403 2911 482 2943 Div.
509 2912 542 2944 ii.
561 2915 614 2944 42.
639 2920 791 2943 summus
815 2910 858 2943 A-

1561 114 1615 161 79

897 208 1063 246 strologus
1078 213 1228 249 tempure
1246 211 1395 242 Panaetii.

899 252 1144 324 fircassandra,
1171 255 1228 284 Or.
1260 255 1293 284 ii.
1323 256 1374 285 66.
1403 259 1460 284 etc.
1494 257 1613 289 Priami

937 305 978 326 ia.

945 339 978 369 C.
1007 340 1168 370 (itssinius
1192 339 1321 377 Schola,
1340 340 1411 370 Mil.
1433 345 1479 376 17.
1508 342 1614 373 luter-

898 391 1026 419 amnas,
1043 382 1214 413 familiaris
1233 383 1266 415 13.
1286 384 1403 414 (lodii.

946 426 1074 456 (ossius
1090 425 1219 463 Barba,
1236 436 1265 456 v.
1284 427 1410 457 Barba.

946 471 979 500 C.
1000 470 1126 500 Cassius
1146 470 1325 507 Longinus,
1345 471 1440 501 nom.
1457 474 1507 501 50.
1532 473 1618 501 con-

898 522 960 543 sor.
986 510 1100 553 Hujus
1126 514 1158 543 C.
1181 514 1278 543 (ossii
1303 514 1447 550 Jstngriui
1474 516 1617 545 (knsnra.

897 557 1010 587 incidie
1022 558 1054 586 in
1067 566 1195 587 animm
1213 565 1330 587 nxmx.
1359 559 1449 587 Nam
1463 560 1616 597 proeccdtt

898 601 1016 630 mentio
1042 600 1186 631 Censoris
1208 602 1251 642 Q.
1278 601 1415 637 Marcii,
1432 603 1487 640 qni
1511 602 1617 632 decem

897 645 994 674 annis
1009 648 1098 681 ante,
1111 652 1278 675 utxxxix.
1298 644 1501 684 (comm-suit.
1524 646 1618 676 Aliae

903 686 1028 717 Cassius
1041 687 1229 728 censor-suit
1246 697 1278 718 a.
1296 696 1448 718 Dcxxvu.

946 731 978 761 C.
1011 730 1148 768 Cassius,
1176 731 1287 761 Plane.
1315 734 1367 762 21.
1397 732 1430 762 in
1456 733 1615 771 petitione

899 774 1088 804 tribunatus
1107 774 1271 815 repulsam
1288 775 1378 805 tulit.
1415 775 1530 805 Coum!
1544 787 1618 806 cum

903 816 961 848 Cn.
978 818 1123 849 Domitio
1137 818 1356 849 Ahenobarbo.
1382 819 1418 848 Α.
1434 818 1472 848 U.
1491 827 1617 850 ncu‘n.

945 862 978 892 C.
1008 862 1147 898 (ossius,
1175 862 1296 899 Pin-us,
1321 863 1377 902 qui
1408 862 1524 893 comm
1538 862 1617 903 suit

897 914 970 935 cum
987 904 1036 935 M.
1054 905 1203 936 Terentio
1221 905 1368 935 Varrone
1383 906 1537 944 Lucullo,
1554 916 1618 936 non

900 948 940 978 J..
965 949 1079 986 Gellio,
1094 953 1129 978 ut
1145 949 1322 979 Manutius
1337 949 1382 979 ad
1401 949 1457 979 Or.
1468 960 1529 989 pro
1547 949 1616 980 Ra-

899 992 956 1022 bir.
975 992 1077 1023 Pertl.
1098 1002 1168 1031 cap.
1185 995 1215 1026 7.
1236 993 1350 1023 tradit.
1384 1003 1460 1022 nam
1494 994 1617 1024 Gellius

897 1046 983 1065 anno
1004 1040 1075 1076 post
1100 1037 1210 1066 com-ul
1222 1035 1309 1075 ficit.
1356 1036 1394 1066 L.
1421 1036 1538 1067 Manil.
1563 1039 1616 1067 93.

898 1079 979 1116 Legi
998 1078 1144 1109 Maniliae
1160 1080 1260 1109 favet.
1284 1079 1419 1110 Clucnt.
1435 1083 1487 1114 49.
1524 1080 1618 1110 verr.

898 1123 919 1153 i.
947 1125 999 1154 ⁶23.
1027 1123 1060 1153 in
1091 1123 1185 1153 Verr.
1212 1123 1258 1153 iii.
1284 1126 1337 1154 41.
1371 1123 1487 1154 consul
1514 1124 1551 1154 A.
1575 1124 1616 1154 U.

897 1174 1040 1197 Detxxx.
1065 1167 1172 1206 primo
1196 1176 1283 1196 anno
1313 1172 1468 1207 praeturae
1495 1167 1616 1198 Siculae

897 1209 1019 1240 Verris.
1067 1210 1160 1240 Forte
1178 1211 1229 1239 hic
1243 1214 1288 1240 est
1304 1214 1404 1250 paler
1419 1212 1520 1240 trium
1541 1211 1617 1242 Cas-

895 1255 1018 1284 siorum
1034 1253 1071 1284 C.
1088 1254 1126 1284 L.
1143 1258 1174 1284 et
1188 1254 1232 1294 ῼ.
1247 1255 1305 1293 qui
1325 1254 1440 1284 diserte
1459 1263 1523 1284 non
1546 1259 1616 1285 cra-

897 1297 1000 1328 ditur.

946 1340 978 1371 C.
994 1339 1251 1381 Chssius,fi·ater
1261 1341 1305 1382 Q.
1320 1341 1430 1379 Cclssii,
1442 1341 1513 1372 Att.
1525 1352 1554 1372 ν.
1564 1344 1616 1373 21.

897 1385 943 1414 ad
956 1394 1051 1424 quem
1065 1389 1142 1415 suut
1157 1386 1294 1424 epis-toloe
1312 1385 1468 1415 Ciceronis
1484 1385 1525 1416 ad
1540 1386 1616 1416 Div.

899 1429 920 1457 l.
936 1429 992 1458 xii.
1013 1433 1044 1459 et
1060 1430 1161 1469 ipsius
1180 1429 1254 1458 ιίιια.Β
1268 1429 1343 1458 ibid.
1362 1432 1410 1460 11.
1434 1431 1482 1459 1⁶2.
1505 1431 1543 1466 is,
1560 1432 1618 1468 qui

903 1472 1059 1502 (lm-arem
1086 1471 1259 1512 incetsecit.
1283 1472 1325 1502 ad
1351 1473 1427 1502 Div.
1451 1473 1494 1503 vi.
1517 1473 1547 1503 6.
1564 1473 1617 1503 -le-

899 1521 996 1554 gatus
1013 1516 1162 1546 Caesaris.
1189 1516 1244 1546 vii.
1260 1518 1312 1547 33.
1339 1515 1503 1546 declamat
1529 1516 1617 1556 apud

899 1559 1106 1590 Ciceronem.
1124 1559 1191 1593 yiii.
1212 1562 1259 1590 10.
1283 1564 1428 1598 quaestor
1442 1559 1490 1590 M.
1507 1559 1616 1590 Crassi

897 1607 1011 1633 contra
1029 1603 1173 1633 Parthos
1181 1604 1367 1643 pugnantis
1384 1603 1500 1634 Crasso
1515 1603 1618 1633 inter-

899 1647 987 1677 fecto
1016 1646 1171 1686 reliquias
1201 1647 1366 1676 exercitus
1388 1646 1535 1685 collegit.
1566 1657 1620 1677 xv.

903 1693 952 1722 14.
974 1690 1185 1729 Proquaestor
1205 1689 1254 1720 M.
1276 1690 1395 1720 Crassi.
1417 1700 1469 1720 xv.
1490 1691 1538 1720 16.
1574 1691 1617 1720 E-

898 1735 1052 1774 picureus
1082 1734 1131 1765 fit.
1178 1733 1273 1765 Nam
1307 1734 1414 1764 (icero
1439 1734 1619 1774 Epicureos

899 1779 1043 1819 appellat
1063 1774 1134 1818 ejus
1154 1787 1248 1808 novos
1261 1778 1388 1808 amicos.
1406 1787 1457 1807 xv.
1477 1781 1525 1811 19.
1559 1779 1614 1808 Ci-

899 1831 1067 1859 ceronem,
1090 1821 1293 1861 Epicureum
1320 1820 1455 1851 Catium
1482 1827 1619 1861 propter

899 1865 1027 1896 malum
1042 1864 1174 1895 dicendi
1197 1874 1302 1904 genus
1325 1864 1502 1902 ridentem,
1520 1864 1619 1895 ulcis-

899 1909 988 1939 citur
1014 1909 1080 1939 acri
1103 1907 1254 1947 epistola.
1285 1907 1355 1938 Att.
1382 1908 1436 1938 vii.
1461 1910 1513 1938 21.
1540 1906 1617 1939 trib.

899 1952 945 1993 pl.
962 1953 1060 1983 initio
1082 1951 1160 1982 belli
1184 1951 1288 1981 civilis
1305 1951 1482 1981 Caesariani
1507 1952 1616 1991 Capu-

900 2006 953 2026 am
970 1997 1063 2026 venit
1079 1996 1120 2025 ad
1137 1994 1310 2032 Consules,
1326 1995 1382 2034 qui
1405 2004 1445 2025 ex
1469 1995 1550 2025 urbe
1566 1995 1618 2024 fu-

899 2044 1031 2079 gerant,
1047 2044 1085 2070 ut
1110 2039 1252 2070 Romam
1279 2038 1437 2075 redirent,
1458 2044 1493 2068 et
1517 2048 1619 2079 pecn-

900 2084 990 2114 niam
1007 2083 1047 2113 de
1061 2083 1221 2113 sanctiori
1236 2082 1352 2112 aerario
1368 2081 1548 2113 auferrent.

944 2127 986 2158 L.
1017 2127 1156 2164 Cassius,
1187 2125 1300 2156 Planc.
1330 2126 1382 2156 24.
1413 2125 1618 2164 adolescens,

898 2171 1104 2211 subscriptor
1133 2169 1336 2206 Laterensis,
1366 2174 1483 2199 contra
1519 2169 1619 2200 Plan-

899 2215 1002 2252 cium,
1018 2212 1190 2244 familiaris
1207 2212 1386 2243 Ciceronis.
1412 2211 1497 2242 Phil.
1514 2213 1548 2243 ii.
1570 2216 1618 2244 13.

899 2258 930 2289 ei
943 2257 1113 2298 provincia
1128 2256 1228 2287 datur
1247 2259 1322 2296 post
1338 2255 1463 2286 coedem
1480 2255 1620 2287 Caesaris

899 2306 934 2333 et
958 2301 1160 2341 Quaestores.
1207 2297 1325 2330 Frater
1355 2298 1388 2329 C.
1420 2300 1532 2336 Cassii,
1563 2301 1620 2340 qui

903 2345 1063 2377 Coesurem
1077 2342 1248 2383 inteofecit.
1273 2341 1357 2373 Phil.
1374 2343 1420 2373 iii.
1436 2347 1467 2377 9.
1502 2343 1542 2373 Ei
1557 2343 1619 2373 tri-

898 2389 988 2420 buno
1013 2387 1058 2429 pl.
1078 2392 1222 2418 mortem
1244 2386 1426 2417 denunciat
1452 2385 1499 2417 M.
1514 2386 1621 2417 Anto-

899 2433 988 2471 nius,
1004 2433 1031 2462 si
1049 2432 1082 2462 in
1099 2431 1260 2461 Senatum
1276 2430 1432 2460 venisset.

944 2476 987 2508 L.
1004 2475 1132 2507 Cassius
1149 2474 1299 2511 It'avilla,
1317 2473 1411 2503 verr.
1429 2473 1513 2504 i.55.
1532 2472 1619 2503 Cen-

898 2529 965 2557 sor,
985 2523 1086 2560 paler
1111 2515 1194 2557 ejus,
1211 2519 1267 2557 qui
1288 2519 1393 2555 legem
1409 2517 1620 2548 calmum-iam

899 2564 999 2594 tulit.-
1033 2563 1143 2592 consul
1167 2561 1208 2592 A.
1242 2559 1282 2592 U.
1307 2568 1443 2590 Dcxxw.
1469 2570 1544 2590 cum
1578 2561 1619 2591 L.

903 2606 1019 2639 Cinna.

944 2649 985 2681 L.
1018 2649 1156 2684 (ossius,
1179 2646 1221 2677 ad
1251 2646 1331 2677 Her.
1358 2647 1400 2677 iv.
1425 2649 1478 2677 35.
1505 2651 1622 2676 auctor

900 2692 981 2733 legis
996 2691 1192 2722 Tabellariae
1214 2695 1250 2721 et
1271 2690 1497 2720 severissinms
1514 2690 1547 2719 in
1564 2690 1621 2728 ju-

899 2737 993 2766 diciis
1016 2734 1221 2772 exercendis,
1237 2735 1268 2764 S.
1286 2734 1381 2764 Rosc.
1398 2737 1450 2763 30.
1475 2733 1560 2763 unde
1582 2733 1623 2762 ab

899 2777 1070 2820 eojudices
1089 2778 1235 2810 Cassiani
1249 2777 1327 2807 dicta·
1349 2780 1438 2807 sunt.
1463 2775 1555 2805 Brut.
1568 2777 1620 2806 ⁶25.

899 2826 952 2857 27.
977 2822 1084 2862 legem
1110 2820 1318 2852 tabellariam
1343 2819 1423 2850 tulit
1448 2819 1573 2859 Lepido
1588 2824 1623 2848 et

901 2866 1062 2897 Mancino
1089 2865 1180 2895 Coss.
1202 2864 1291 2894 Sext.
1308 2868 1359 2895 413.
1385 2863 1492 2902 legem
1520 2862 1624 2892 tabel-
1651 2858 1661 2868 ’

902 2909 1018 2941 lariani
1041 2908 1115 2941 fert.
1138 2909 1178 2940 de
1201 2908 1282 2947 Leg.
1308 2908 1352 2937 iii.
1380 2908 1427 2938 16.
1449 2905 1556 2945 legem
1573 2912 1622 2935 ta-
