1800 3131
153 121 236 158 312

156 216 209 247 do.
234 216 312 257 Agr.
337 218 371 248 ii.
397 221 448 250 32.
470 220 695 258 gravetatem
688 232 818 263 imperii
846 234 884 254 ac

158 269 283 291 nomen
299 263 454 292 sustinet.
478 265 498 284 ³*
523 266 726 304 constantia,
742 268 885 316 aequabi-

155 303 255 334 litas
248 314 282 334 in
300 306 450 336 vivendo.
473 306 567 338 Offic.
580 308 601 338 i.
618 310 670 340 21.
686 309 775 340 ¹¹*Or
795 311 816 340 i.
837 314 885 341 13.

151 349 306 386 gravitas
331 351 491 380 sermonis
520 353 700 392 opponitur
715 355 885 384 tenuitati.

155 393 212 421 Or.
248 395 300 422 31.
338 403 415 423 cum
449 398 560 425 orator
590 398 766 435 gravitatis
804 397 885 427 locis

156 436 276 465 utitur.

205 479 368 509 Graviter
403 480 445 511 ad
483 481 559 511 Div.
592 493 623 512 x.
652 486 700 517 17.
735 485 887 522 graviter

158 530 192 550 se
206 521 340 560 habere,
357 534 416 563 pro
434 532 604 564 aegrotaime

205 566 369 605 Gragalis,
385 568 518 605 sodalis,
534 569 679 607 aequalis.
704 568 787 598 Or.
779 569 813 598 1i.
831 571 883 600 62.

152 612 305 649 gregales
321 621 411 648 eum,
429 621 505 641 cum
524 612 557 641 in
574 621 729 651 campum
749 621 814 641 non
832 623 885 642 ve-

156 653 259 684 nisset
273 655 496 693 requirebant.
514 655 554 684 ad
569 655 645 684 Div.
663 655 716 684 vii.
733 658 786 685 33.
807 666 884 695 gre-

151 698 293 735 galibus,
319 698 450 736 quibus,
477 702 510 727 te
534 697 727 737 plaudente,
753 699 884 738 vigeba-

153 750 242 777 mus,
260 741 400 778 amissis,
418 742 477 770 fiae.

205 785 386 814 Gremium.
413 784 476 813 Pis.
494 787 524 814 5.
549 783 620 814 haec
643 789 722 815 sunt
748 786 783 816 in
806 797 883 826 gve-

157 829 220 858 mio
234 828 362 867 sepulta
380 827 573 857 consulatus
590 829 651 858 tui.

203 872 302 908 Grex,
328 871 362 900 in
390 876 599 906 contemtum
628 872 761 903 dicitur.
786 873 883 904 Rosc.

156 913 231 944 Am.
250 916 302 944 32.
327 923 388 953 ego
401 915 435 944 iu
449 924 552 953 grege
563 925 774 946 annumerer.

201 958 334 988 Gumia.
361 958 439 987 Fin.·
450 959 484 988 ii.
503 962 532 989 8.
550 968 567 987 e
584 958 727 996 Lucilio,
746 970 806 989 vox
824 970 884 990 an-

148 1001 255 1039 tiqua,
272 1011 345 1040 quae
363 1001 554 1031 helluonem
578 1006 613 1032 et
644 1003 732 1042 gulae
756 1005 883 1034 manci-

149 1045 242 1083 pium
259 1045 439 1084 significat.

200 1088 337 1127 Gurges.
369 1089 461 1119 Verr.
478 1089 524 1119 iii.
545 1092 576 1122 9.
610 1099 729 1129 vorago
746 1094 780 1120 et
798 1101 881 1129 gur-

147 1141 206 1170 ges
228 1132 396 1162 vitiorum.
422 1132 522 1162 Dom.
539 1135 592 1166 47.
617 1133 672 1163 ille
686 1143 813 1173 gurges
840 1136 883 1164 si-

150 1175 222 1205 mul
238 1181 352 1206 tecum
364 1175 531 1206 helluatus
543 1181 594 1207 est
603 1178 803 1216 sanguinem
820 1180 881 1208 rei—

147 1219 303 1258 publicae.

198 1263 428 1301 Gen-gustum.
454 1264 518 1293 Pis.
546 1264 577 1294 6.
603 1264 738 1294 Festus:

146 1305 363 1337 habitationis
379 1314 541 1345 angustae.

197 1351 352 1387 Gustare,
374 1351 544 1390 percipere
573 1352 652 1388 vim,
678 1353 880 1382 suavitatem

148 1393 289 1433 alicujus
313 1395 370 1424 rei.
394 1394 494 1424 Arch.
512 1398 542 1428 7.
567 1395 593 1424 si
611 1395 673 1434 ipsi
698 1405 798 1425 sensu
823 1406 881 1425 no-

146 1441 215 1468 stro
228 1442 366 1476 gustare
381 1447 446 1467 non
464 1447 650 1478 possumus.

207 1482 498 1521 Gymnasiarehus.
537 1481 631 1512 Verr.
664 1482 706 1512 iv.
737 1484 790 1513 42.
829 1487 880 1513 est

144 1526 323 1564 praei'ectus
350 1529 384 1555 et
414 1531 549 1555 curator
581 1526 744 1565 gymnasii
771 1526 879 1566 publi-

144 1569 185 1598 ci.
203 1569 242 1598 de
260 1579 324 1607 quo
341 1578 460 1607 genere
473 1568 648 1599 hominum
661 1575 782 1610 praeter
798 1569 878 1600 alios

143 1622 173 1643 v.
186 1622 248 1643 van
263 1612 373 1643 Dalen
390 1612 478 1642 Diss.
491 1613 555 1642 viii.

195 1657 367 1696 Gypsatus.
392 1655 434 1684 ad
451 1656 527 1686 Div.
546 1656 599 1685 vii.
616 1656 646 1686 6.
671 1656 789 1695 quibus
806 1656 878 1686 Me-

145 1700 208 1730 dea
231 1700 466 1740 gypsatissimis
505 1700 658 1729 manibus
704 1701 877 1739 persuasit.

144 1744 228 1784 Quae
245 1744 314 1773 sint
332 1748 479 1782 gypsatce
503 1753 634 1779 manus,
654 1753 776 1781 magna
798 1754 877 1774 con-

143 1787 307 1818 troversia
322 1792 383 1816 est.
411 1786 526 1816 varias
551 1787 732 1816 sententias
760 1787 824 1817 vid.
843 1789 877 1818 in

144 1831 291 1861 editione
322 1830 428 1861 Graev.
460 1833 494 1859 et
534 1829 614 1859 Lex.
646 1830 739 1861 Fabr.
767 1830 876 1861 Nicol.

143 1873 264 1904 Loens.
302 1872 469 1913 Epipbyll.
509 1873 542 1903 ii.
582 1876 630 1904 10.
669 1873 708 1903 de
745 1873 877 1904 histrio-

147 1918 224 1947 nica
258 1917 380 1949 Medea
422 1918 679 1956 interpretatur,
718 1927 804 1956 quae,
836 1918 876 1948 de

144 1971 237 1992 more
269 1965 426 2001 gypsatos
459 1970 578 1990 manus
615 1960 793 1999 habuerit3
826 1972 876 1992 req

144 2004 275 2044 fertque
315 2004 357 2034 ad
398 2004 535 2034 verbum
567 2005 744 2043 persuasit,
776 2015 874 2044 quem

143 2049 297 2087 sequitur
319 2047 495 2077 Gonsalins
521 2047 561 2077 ad
579 2048 711 2078 Petron.
732 2050 802 2082 127.
819 2049 876 2088 qui

143 2091 210 2125 huc
235 2091 341 2122 trahit
371 2091 449 2121 illa:
475 2091 586 2130 digitis
616 2091 876 2130 adgubernanti-

143 2136 205 2166 bus
237 2145 377 2172 vocem3
422 2135 633 2174 improbante
667 2134 874 2174 Bummnno,

144 2179 201 2218 qui
218 2179 261 2209 ad
288 2178 443 2208 Medeam
471 2178 584 2207 referri
616 2182 726 2218 putat,
743 2183 776 2208 et
803 2179 875 2209 Me-

143 2223 253 2260 deam,
271 2232 301 2261 g.
320 2232 363 2251 m.
388 2222 511 2262 opponi
528 2222 689 2252 matronis
705 2222 874 2262 opulentis

142 2266 373 2306 optimatibus.

194 2309 315 2348 Gyras,
334 2309 399 2339 Off.
415 2309 436 2339 i.
462 2309 515 2339 26.
550 2308 701 2339 homines
719 2310 874 2341 secundis

145 2353 242 2383 rebus
255 2353 433 2382 effrenatos
444 2357 476 2381 et
490 2353 550 2382 sibi
566 2353 771 2392 praefitentes
787 2358 873 2383 tam-

143 2406 242 2435 quam
254 2396 287 2425 in
296 2396 567 2435 gy7-11n1.1·ati01iis
582 2400 615 2425 et
624 2396 783 2426 doctrinae
796 2397 872 2428 duci

145 2446 308 2478 oportere.
332 2440 388 2469 Or.
407 2440 453 2469 iii.
480 2443 527 2473 19.
552 2440 728 2469 Oratorem
754 2441 788 2470 in
805 2442 873 2470 exi-

143 2492 247 2521 guum
277 2493 402 2521 gyrum
438 2483 661 2522 compellitis:
700 2483 734 2513 h.
763 2494 792 2513 e.
831 2485 873 2515 ad

143 2527 214 2565 ejus
238 2532 344 2555 artem
368 2536 477 2566 pauca
501 2526 643 2557 refertis.
690 2527 804 2558 Ducta
822 2532 873 2558 est

142 2570 340 2608 metaphora
356 2571 396 2600 ab
419 2570 526 2608 equis,
543 2571 600 2609 qui
616 2580 635 2600 a
654 2569 871 2602 domitoribus

141 2612 177 2642 in
198 2623 322 2651 gyrum
346 2621 495 2651 aguntur
516 2614 643 2652 crebro,
661 2618 701 2647 ut
717 2624 870 2645 mansue·

140 2656 243 2686 tiores
258 2661 293 2686 et
307 2657 470 2688 faciliores
488 2657 582 2687 fian-t.

484 2744 528 2779 H.

775 1275 880 1304 genus

184 2827 340 2860 Habente.
372 2828 452 2859 Lael.
480 2834 528 2862 13.
564 2831 747 2862 laxissimas
774 2834 869 2865 habe-

137 2881 199 2903 mas
222 2873 300 2902 dare
326 2874 495 2910 amicitiae,
523 2885 604 2913 quas
631 2875 684 2907 vel
710 2876 868 2916 adducas,

136 2926 216 2947 cum
233 2917 327 2956 velis,
343 2916 395 2948 vel
411 2918 573 2949 remittas.

654 133 801 162 INDEX
830 135 965 164 LATIN
972 135 1087 164 1TA'1'1
1093 136 1126 164 S·

977 224 1116 261 Habere,
1127 223 1287 254 habitare.
1310 222 1352 252 ad
1367 222 1441 253 Div.
1457 222 1513 253 vii.
1530 222 1561 253 6.
1576 231 1652 262 quae

930 267 1127 298 Corinthum
1150 277 1258 297 arcem
1284 266 1386 296 altam
1410 267 1566 297 habebant
1582 276 1654 296 ma-

927 315 1045 341 tronae.
1081 312 1176 342 Rosc.
1193 311 1267 341 Am.
1283 311 1336 341 46.
1372 310 1428 348 qui
1451 310 1486 339 in
1512 310 1653 347 Brutiis,

929 358 987 384 aut
1017 356 1051 384 in
1082 355 1262 385 Salentinis
1291 355 1417 384 habent.
1448 363 1650 392 quamquam

928 397 982 427 hic
999 399 1100 428 etiam
1118 398 1260 436 intelligi
1283 402 1394 437 potest
1415 396 1539 436 praedia
1553 397 1652 426 rusti-

929 450 977 470 ca.
1010 442 1154 472 *scabere
1176 442 1335 472 dicuntur
1356 440 1486 476 divites,
1502 439 1597 470 liberi
1611 439 1652 470 ab

928 493 992 513 aere
1015 485 1133 514 alieno.
1167 485 1206 514 ad
1229 486 1297 516 Att.
1316 485 1380 514 viii.
1401 487 1459 514 10.·
1479 483 1595 513 habere
1617 483 1653 513 in

928 528 1049 557 nuniis.
1079 527 1172 558 Verr.
1198 529 1244 559 iii.
1271 529 1322 559 86.
1346 528 1439 558 habet
1466 528 1500 558 in
1527 526 1652 564 numis,

927 570 962 598 in
986 571 1120 601 urbanis
1143 572 1284 611 praediis.
1315 571 1379 601 vid.
1397 572 1503 601 Graev.
1520 569 1562 600 ad
1575 570 1654 600 Div.

926 613 981 642 vii.
999 615 1050 647 29.
1074 620 1108 644 et
1130 615 1326 654 simpliciter
1349 616 1411 645 Off.
1430 615 1464 644 ii.
1480 616 1532 645 20.
1556 613 1652 644 illum

926 656 1063 686 fortasse
1080 657 1227 695 adjuvat,
1244 659 1300 697 qui
1317 659 1421 688 habet.
1449 662 1568 687 eontra
1583 667 1652 688 non

927 700 1043 730 habere
1058 701 1229 738 dicuntur,
1247 702 1363 740 quibus
1380 710 1446 731 non
1463 704 1515 731 est
1536 706 1654 740 parata

926 745 1069 782 pecunia
1091 754 1136 774 sc.
1152 745 1186 774 in
1202 754 1287 774 arca.
1318 744 1524 785 *suscipere,
1541 754 1654 783 agere.

925 786 1001 816 Div.
1016 788 1037 817 i.
1054 790 1107 818 43.
1132 788 1255 818 omitto
1275 792 1419 824 nostros,
1435 789 1490 827 qui
1515 788 1601 818 nibil
1615 789 1650 818 in

924 830 1011 860 bello
1026 832 1096 860 sine
1114 833 1198 861 extis
1215 834 1333 871 agunt,
1351 830 1434 860 nihil
1453 831 1525 862 sine
1541 831 1652 871 auspi-

925 874 983 903 ciis
1000 874 1088 904 domi
1105 876 1233 904 habent.
1264 875 1358 904 Verr.
1370 875 1403 904 ii.
1418 876 1469 908 29.
1482 874 1650 913 judicium

924 918 1103 951 bubeium&
1129 918 1168 947 de
1194 919 1350 958 petitore,
1367 923 1402 948 et
1424 927 1463 947 eo
1483 917 1571 948 unde
1594 928 1653 958 pe-

923 961 1018 991 titur.
1049 961 1178 991 *Attia
1202 963 1243 992 vi.
1272 965 1298 991 1.
1325 962 1422 992 liabeo
1446 961 1588 991 «Iunium
1616 962 1651 992 in

924 1010 1030 1034 metu.
1063 1005 1262 1035 *adhibere
1292 1006 1384 1035 Verr.
1410 1006 1431 1034 i.
1460 1006 1491 1036 6.
1522 1005 1589 1034 vim
1615 1005 1651 1035 in

924 1048 1122 1086 inquirendo
1144 1050 1268 1079 habere.
1316 1049 1441 1087 Magna
1463 1052 1514 1080 est
1534 1048 1653 1078 consu-

923 1091 972 1120 sio
988 1092 1022 1120 in
1039 1091 1129 1121 libris
1146 1101 1208 1121 scr.
1223 1097 1257 1121 et
1279 1092 1354 1122 edd.
1371 1093 1406 1122 in
1425 1092 1575 1122 formulis
1591 1094 1652 1122 Ιια-

924 1135 976 1164 heo
993 1135 1079 1174 quod
1095 1141 1129 1164 et
1155 1135 1245 1174 quid,
1262 1135 1366 1165 altera
1389 1145 1541 1175 expressa
1565 1141 1616 1166 est
1632 1146 1653 1166 e

923 1178 1038 1208 Graeco
1054 1178 1118 1218 ἰ’χω
1133 1177 1189 1215 ἔτι,
1207 1178 1312 1208 altera
1328 1190 1367 1208 ex
1382 1179 1446 1218 ’ἅχω
1463 1178 1502 1209 τί.
1537 1180 1651 1219 Quan-

923 1221 964 1251 do
982 1232 1098 1252 sensus
1114 1228 1177 1260 est,
1195 1222 1279 1252 nihil
1295 1223 1390 1252 haheo
1403 1224 1557 1260 scribere,
1573 1228 1653 1254 tum

924 1271 975 1295 est
992 1266 1172 1296 dicendum
1190 1273 1224 1295 et
1242 1265 1452 1296 scribendum
1471 1276 1537 1296 non
1554 1266 1654 1297 habeo

924 1309 1010 1347 quod
1027 1310 1187 1340 scribam:
1210 1309 1341 1348 quando
1358 1314 1470 1339 autem
1487 1313 1538 1340 est
1553 1309 1652 1340 dubi-

922 1354 1040 1390 tantis,
1058 1364 1117 1393 pro
1134 1353 1244 1383 nescio
1268 1353 1347 1391 quid
1369 1353 1509 1383 scribam
1526 1358 1585 1384 aut
1601 1353 1652 1383 di-

923 1406 1010 1433 cam,
1040 1401 1114 1426 tum
1146 1397 1325 1426 dicendum
1357 1402 1421 1433 est,
1453 1406 1519 1426 non
1553 1397 1654 1427 habeo·

922 1440 1001 1478 quid
1026 1441 1085 1470 διε.
1131 1440 1322 1470 Secundum
1349 1440 1420 1470 haec
1444 1440 1518 1470 libri
1544 1441 1650 1471 corri-

922 1483 1032 1521 gendi.
1069 1483 1223 1523 *Qninn
1250 1486 1302 1514 25.
1338 1483 1487 1514 studium
1516 1487 1551 1513 et
1577 1484 1650 1514 offi-

921 1527 1011 1556 cium
1036 1537 1114 1566 erga
1139 1527 1282 1565 aliquem
1311 1528 1435 1557 habere.
1473 1527 1597 1558 *νει-ι’.
1625 1527 1648 1558 i.

921 1571 973 1601 23.
997 1572 1104 1607 habes,
1129 1571 1293 1609 quomodo
1316 1571 1461 1601 emeris?
1488 1571 1522 1600 h.
1539 1581 1568 1601 e.
1592 1570 1651 1600 de-

921 1619 1106 1644 monstrare
1132 1615 1250 1654 potes?
1285 1614 1303 1632 ²*
1318 1614 1400 1644 Phil.
1426 1614 1460 1644 ii.
1477 1616 1528 1645 3⁶2.
1553 1615 1650 1644 habe-

921 1658 974 1687 bat
998 1657 1059 1688 hoc
1081 1659 1219 1687 omnino
1244 1658 1373 1688 Caesar:
1399 1657 1432 1687 h.
1451 1667 1480 1687 e.
1504 1667 1576 1687 mos
1592 1657 1648 1688 hie

919 1700 967 1730 illi
983 1708 1065 1731 erat.
1096 1701 1207 1731 *Phit
1226 1702 1259 1731 ii.
1277 1703 1328 1732 538.
1353 1711 1403 1730 res
1419 1711 1494 1730 suas
1510 1701 1571 1730 sibi
1588 1703 1653 1731 Im-

921 1745 992 1774 bere
1001 1745 1114 1783 jussit.
1154 1745 1214 1774 Est
1230 1744 1376 1774 formula
1391 1744 1542 1774 divortii.⁴
1557 1744 1576 1763 *Ψ
1589 1754 1651 1784 pro

920 1787 1063 1818 credere.
1096 1788 1176 1818 Coel.
1200 1799 1230 1818 v.
1257 1788 1299 1817 ad
1325 1787 1418 1818 Verr.
1442 1798 1472 1817 v.
1490 1790 1542 1818 25.
1574 1787 1651 1819 *ad

918 1831 990 1861 Att.
1007 1832 1076 1862 xiii.
1091 1836 1123 1866 9.
1147 1842 1224 1862 cum
1249 1832 1399 1862 haberem
1422 1831 1647 1870 Dolabellam,

920 1875 940 1904 i.
957 1885 985 1904 e.
1004 1885 1080 1904 cum
1098 1875 1188 1915 apud
1205 1885 1257 1904 me
1274 1879 1373 1906 esset.

962 1918 1106 1949 Habilis.
1136 1919 1229 1950 Orat.
1250 1919 1270 1948 i.
1290 1921 1340 1949 54.
1364 1917 1616 1950 calceihabiles.

963 1961 1137 1993 Habitare.
1172 1963 1260 1993 Mur.
1276 1967 1306 1997 9.
1331 1963 1479 1992 habitare
1501 1963 1537 1992 in
1562 1961 1647 1993 foro.

918 2005 975 2035 Or.
989 2006 1010 2035 i.
1023 2007 1076 2037 62.
1093 2006 1241 2036 hahitare
1256 2006 1290 2035 in
1307 2005 1482 2035 subselliis.
1505 2006 1646 2036 Utrum-

919 2059 982 2087 que
1013 2049 1053 2079 de
1084 2050 1137 2087 iis,
1161 2051 1216 2089 qui
1249 2049 1364 2079 crebro
1390 2058 1505 2079 causas
1529 2052 1646 2088 agunt.

917 2092 962 2123 At
992 2093 1048 2122 Or.
1073 2093 1106 2124 ii.
1132 2096 1183 2124 38.
1215 2094 1270 2132 qui
1302 2094 1494 2124 habitarunt
1522 2093 1557 2122 in
1581 2091 1645 2122 hac

917 2145 987 2166 una
1002 2140 1073 2166 arte
1096 2137 1286 2172 tractanda,
1302 2142 1394 2173 sunt,
1412 2136 1469 2175 qui
1491 2136 1518 2165 ei
1543 2145 1578 2165 se
1593 2141 1646 2166 to-

916 2183 967 2209 tos
999 2180 1207 2211 dediderant.
1238 2180 1316 2210 ibid.
1346 2181 1398 2213 72.
1433 2180 1580 2210 habitare
1610 2179 1646 2210 in

917 2233 965 2260 re,
981 2223 1103 2253 dicitur
1124 2225 1226 2254 etiam
1251 2228 1374 2260 orator,
1390 2232 1467 2252 cum
1491 2222 1564 2253 loeo
1585 2222 1647 2252 ali-

917 2268 971 2296 cui
996 2267 1197 2298 immoratur
1219 2266 1363 2306 augendi
1387 2275 1498 2296 causa..
1530 2265 1642 2296 Plane.

916 2311 969 2344 27.
1009 2312 1156 2350 habitare
1185 2312 1218 2341 in
1248 2309 1352 2340 oculis
1382 2309 1516 2349 populi:
1551 2309 1586 2340 h.
1613 2319 1644 2340 e.

915 2363 1047 2394 semper
1062 2355 1096 2385 in
1114 2355 1207 2391 urbe,
1223 2355 1258 2384 in
1274 2354 1358 2391 foro,
1375 2353 1411 2382 in
1428 2352 1646 2385 coneionihm

915 2407 999 2435 esse,
1017 2398 1245 2428 assiduitatem
1264 2397 1381 2427 Cicero
1396 2399 1501 2427 vocat.

959 2441 1111 2472 Habitus.
1144 2442 1200 2472 Or.
1218 2441 1264 2471 iii.
1286 2443 1336 2472 52.
1370 2440 1498 2470 habitus
1520 2439 1643 2470 oratio-

915 2485 980 2521 nis,
1003 2485 1127 2516 dicitur
1152 2485 1192 2515 de
1214 2484 1338 2524 triplici
1365 2483 1422 2515 illo
1445 2492 1567 2522 genere
1592 2482 1643 2513 di-

915 2528 1024 2559 cendi.
1063 2529 1163 2559 Arch.
1186 2532 1216 2563 7.
1241 2532 1369 2559 naturae
1397 2527 1499 2567 ipsius
1526 2527 1642 2557 habitu

914 2578 1022 2611 prope'
1043 2572 1174 2602 divino':
1209 2572 1232 2602 i.
1254 2581 1282 2601 e.
1311 2569 1433 2603 indole.
1468 2570 1563 2600 Brut.
1586 2573 1644 2604 91.

913 2616 1043 2645 habitus
1066 2616 1223 2655 corporis,
1240 2619 1289 2645 est
1313 2613 1438 2654 speeies
1462 2617 1496 2642 et
1519 2613 1640 2652 figura.

913 2659 943 2688 ‘v.
958 2658 1073 2689 Burm.
1091 2659 1132 2689 ad
1155 2660 1293 2689 Sueton.
1318 2658 1401 2688 Caes.
1420 2659 1473 2687 44.
1506 2657 1639 2687 Div.'ii.

916 2704 965 2733 13.
989 2703 1102 2733 habitu
1114 2706 1279 2734 'extorum
1303 2707 1338 2731 et
1354 2699 1462 2731 colore
1479 2699 1641 2731 declarari

910 2744 1038 2776 futura.

954 2789 1161 2827 Hactenus,·
1153 2798 1187 2818 m
1210 2791 1360 2825 tantum,
1376 2792 1527 2819 eatenus.
1557 2786 1641 2818 Nat.

910 2833 953 2864 D.
971 2833 992 2862 i.
1014 2836 1062 2864 10.
1086 2842 1175 2862 nunc
1193 2833 1348 2863 hactenus
1363 2821 1508 2861 adm'iror
1522 2839 1638 2860 eorum

910 2876 1116 2907 tarditatem.
1148 2875 1224 2906 Div.
1242 2876 1263 2907 i.
1281 2878 1326 2907 8.
1336 2872 1394 2925 qui
1408 2876 1563 2906 haetenus
1578 2872 1639 2904 ali-

911 2920 993 2960 quid
1006 2920 1089 2961 egit,
1105 2923 1145 2951 ut
1161 2919 1221 2950 διο.
