1804 3178
594 110 740 140 mnnx
770 111 903 139 LATIN
910 111 1063 142 rmus.

63 194 107 227 de
121 204 215 227 nervo
232 196 401 229 Ciceronis
416 197 567 237 fugitivo.
589 198 705 229 eodem
722 208 793 228 mo-

63 239 108 269 do
123 238 246 271 dicitur
262 241 295 272 in
318 241 557 272 constitutione
580 241 714 272 Adriani
739 252 792 281 ap.

65 281 197 314 Reines.
213 283 316 315 inser.
334 295 365 325 p.
382 287 455 316 505.
474 284 553 314 item
569 294 627 324 pro
644 285 790 315 invenire

61 331 115 356 est
142 326 177 357 in
202 327 282 357 boc:
314 327 386 358 Att.
412 338 443 357 x.
473 330 521 358 14.
557 327 789 358 difficultatem

61 371 296 411 pecuniarum,
312 380 379 410 qua
389 372 460 401 erui
484 381 647 411 nusquam
671 378 790 412 posset.

62 412 149 442 coiis.
171 414 239 444 xiii.
263 418 315 446 30.
345 419 430 444 extr.
460 414 614 454 'eripere
638 415 789 445 volunta-

59 460 144 486 tem.
178 456 249 488 Att.
276 457 333 487 xii.
361 457 413 488 36.
445 456 562 488 fanum
594 459 665 488 sieri
698 458 787 488 volo:

58 506 169 538 neque
191 498 254 530 hoc
278 500 358 530 mihi
382 501 453 530 erui
476 507 603 540 potest:
637 501 688 532 ich
706 502 788 532 lasse

61 541 127 572 mir
143 542 199 573 das
215 542 309 574 nicht
326 544 498 574 ausredcn.

100 584 299 626 Erumpere.
331 587 372 616 ad
399 587 475 617 niv.
499 588 565 618 viii.
594 590 640 618 14.
664 589 710 618 sic
738 589 786 620 illi

56 636 187 659 amores
209 636 244 660 et
267 630 427 661 invidiosa
448 631 645 661 obtrectatio
662 632 702 662 ad
719 633 786 663 bel-

55 669 126 702 lum
149 681 185 702 se
207 675 361 714 erumpit.
392 679 427 704 et
450 674 521 705 Liv.
539 676 645 705 xxxvi.
664 679 694 709 7.
728 677 783 706 ubi

54 723 85 744 v.
108 713 251 746 Gronov.
275 717 371 757 plura
393 718 546 758 exempla
571 728 598 748 v.
622 728 674 758 ap.
700 719 784 749 Dra-

19 779 23 783 ·
56 757 159 789 kenb.
174 759 217 790 ad
231 760 289 790 Sil.
306 761 360 791 vii.
376 764 448 792 355.
474 761 542 791 Att.
559 762 622 792 xvi.
640 765 670 792 3.
690 772 732 792 ne
750 763 783 793 in

54 810 111 832 me
128 808 302 844 erumpant
325 804 554 835 stomachum:
581 805 602 835 i.
626 814 654 834 e.
678 806 784 836 effun-

39 843 139 877 dant
155 846 250 878 iram.
275 847 317 888 Ω.
334 847 384 879 Fr.
401 850 422 879 ἰ.
437 849 469 878 2.
487 851 514 878 1.
537 857 705 879 sermones
721 849 782 879 iui-

49 897 195 927 quorum
225 891 260 921 in
290 900 388 922 suum
418 891 628 930 potissimum
659 901 781 923 nomen

51 942 239 972 erumpere:
275 933 308 964 h.
337 944 368 964 e.
397 933 565 964 invadere.
610 935 697 965 Mur.
729 939 781 967 38.

51 976 167 1006 omnia
182 977 216 1007 in
232 976 292 1007 hos
308 976 377 1007 dies
393 982 589 1018 erumpunt.-
620 979 641 1008 i.
665 988 695 1008 e.
719 979 780 1009 hoc

51 1019 264 1058 potissimum
301 1025 450 1060 tempore
485 1022 643 1052 eveniunt
681 1022 779 1052 mala.

51 1060 151 1135 gatii.
170 1063 191 1093 i.
209 1066 242 1095 3.
264 1069 444 1105 erumpunt
466 1065 590 1103 omnia,
606 1065 626 1095 i.
642 1075 671 1095 e.
688 1072 781 1107 pate-

76 1109 150 1136 unt.

92 1148 287 1189 Esccndm,
308 1150 519 1189 adscendere,
543 1151 776 1182 conscendere.

44 1188 147 1224 Tusc.
174 1203 204 1225 v.
226 1197 257 1228 9.
288 1194 352 1225 Off.
375 1195 421 1224 iii.
449 1196 501 1225 ΞΟ.
533 1200 567 1225 et
589 1195 661 1225 aliis
685 1195 778 1233 locis,

46 1236 168 1274 quibus
194 1237 357 1268 Gruterus
384 1245 419 1268 et
445 1238 500 1268 alii
526 1248 544 1268 e
571 1238 664 1269 MSS.
690 1238 777 1270 hanc

44 1288 161 1311 vocem
199 1282 432 1318 restituerunt,
470 1281 542 1312 aliis
586 1282 776 1312 auctoribus

44 1322 120 1358 alii:
147 1324 268 1364 ubique
283 1325 374 1355 enim
390 1325 458 1354 fere
476 1334 492 1355 a
513 1324 652 1355 librariis
668 1325 702 1355 in
718 1326 774 1356 ad-

42 1366 202 1399 scendere
217 1372 276 1398 aut
291 1368 511 1398 conscendere
527 1373 696 1399 mutatum
713 1373 773 1400 cst.

41 1418 72 1439 v.
88 1409 231 1442 Gronov.
247 1411 289 1442 ad
304 1410 375 1442 Liv.
391 1412 425 1442 ii.
441 1414 493 1443 28.
509 1412 576 1442 viii.
596 1414 645 1447 17.
662 1413 706 1442 xi.
718 1414 773 1447 29.

41 1452 108 1483 xlv.
130 1457 157 1484 1.
181 1455 242 1484 διο.

84 1496 293 1528 Εεεεᾱαήιιε.
323 1497 366 1528 ad
396 1498 472 1529 Div.
501 1498 556 1528 vii.
583 1499 614 1530 6.
643 1502 683 1529 tu
713 1500 770 1538 qui

41 1539 114 1570 aliis
134 1550 248 1572 cavere
264 1541 423 1579 didicisti,
440 1551 518 1572 cave
535 1551 578 1571 ne
593 1542 634 1572 ab
648 1543 771 1573 essedu-

38 1584 98 1614 riis
112 1583 289 1625 decipiare.
313 1594 419 1624 genus
436 1584 584 1615 militum
601 1585 772 1616 Britanni-

39 1636 168 1665 corum,
192 1628 249 1667 qui
274 1638 315 1658 ex
340 1628 452 1659 essedis
474 1629 678 1669 pugnabant.
703 1629 766 1661 vid.

38 1669 126 1701 Caes.
149 1671 187 1702 B.
204 1670 244 1702 G.
259 1671 301 1702 iv.
316 1673 369 1702 24.

81 1713 257 1753 Essedum,
287 1724 394 1754 genus
425 1713 556 1753 belgici,
586 1714 767 1745 britannici

35 1757 182 1788 vehiculi
215 1758 292 1800 (vid.
323 1757 521 1796 es'sedarius)
555 1768 620 1798 quo
649 1758 768 1789 deinde

37 1801 90 1831 usi
109 1802 211 1832 etiam
228 1805 308 1832 sunt
321 1801 475 1832 Romani.
502 1801 571 1831 Att.
589 1802 631 1832 vi.
651 1805 678 1832 l.
704 1801 768 1832 Ve-

36 1843 110 1875 dius
137 1845 218 1876 mihi
246 1845 339 1876 venit
366 1845 510 1882 obviam,
535 1855 612 1876 cum
639 1845 766 1875 duobus

35 1888 161 1918 essedis.
194 1888 278 1918 Phil.
295 1889 328 1918 ii.
345 1890 397 1920 24.
425 1887 609 1918 vehebatur
632 1889 665 1919 in
689 1899 767 1919 esse-

34 1931 74 1960 do
90 1931 245 1962 tribunus
266 1931 382 1973 plebis.
405 1941 435 1962 v.
451 1931 571 1962 Scheff.
592 1931 632 1962 de
650 1941 684 1962 re
699 1932 764 1963 Ve-

35 1973 102 2005 hie.
119 1975 152 2005 ii.
165 1977 218 2006 23.

76 2017 127 2048 Ee
142 2022 301 2058 sequente
318 2027 395 2058 quc,
406 2027 466 2058 pro
480 2021 604 2049 et—et.
627 2017 669 2048 ad
684 2017 765 2049 Div.

35 2062 80 2092 xi.
103 2064 151 2093 13.
176 2071 206 2092 v.
223 2067 293 2092 not.

77 2104 268 2144 Etlwlogus.
298 2104 393 2135 Orat.
422 2105 455 2135 ii.
489 2107 541 2139 59.
579 2104 761 2135 mimorum

32 2149 248 2189 ethologorum
272 2152 335 2185 est,
351 2148 378 2178 si
401 2148 506 2178 nimia
528 2151 579 2178 est
602 2148 666 2177 ista
689 2148 764 2178 imi-

30 2192 130 2223 tatio.
167 2192 257 2224 Nam
275 2192 368 2222 mimi
385 2201 484 2231 quam
500 2191 602 2231 possit
618 2191 689 2222 fieri
707 2200 762 2221 ac-

31 2236 241 2267 curatissime
261 2235 445 2278 exprimere
461 2239 496 2265 et
512 2234 639 2265 imitari
654 2243 760 2266 mores

30 2278 174 2310 aliorum
205 2279 314 2310 solent
341 2279 426 2309 risus
451 2276 620 2308 excitandi
646 2287 757 2308 causa.

32 2321 202 2353 Dicuntur
223 2328 258 2353 et
281 2321 455 2361 aretalogi,
472 2321 592 2361 biologi
615 2321 674 2351 διο.
693 2321 758 2352 vid.

29 2365 169 2398 Salmas.
191 2366 233 2396 ad
254 2366 386 2406 Vopisc.
411 2364 579 2396 Aurelian.
602 2366 655 2395 4⁶2.
680 2369 708 2395 t.
723 2365 758 2395 ii.

27 2418 61 2449 p.
75 2411 149 2441 530.
166 2410 222 2440 ubi
239 2409 281 2440 ad
295 2409 492 2440 Suetonium
505 2418 538 2438 se
552 2407 651 2438 dehis
663 2411 758 2438 actu-

27 2461 104 2483 rum
134 2453 299 2493 promisit,
326 2452 414 2492 quod
443 2452 592 2482 nondum
619 2451 756 2482 dixisset

26 2494 147 2535 aliquis
163 2497 204 2527 de
220 2497 259 2531 iis
276 2496 469 2536 quidquam.

71 2539 191 2571 Etiam
207 2541 241 2570 in
265 2539 469 2570 correctione
490 2538 601 2569 Plane.
624 2537 676 2569 ⁶26.
709 2541 754 2568 et-

26 2583 95 2613 iam
108 2583 312 2617 mehercule.

72 2626 238 2658 Evadere.
261 2627 337 2658 Div.
355 2627 389 2657 ii.
401 2628 453 2660 71.
476 2624 592 2655 eadem
605 2623 677 2654 aliis
694 2623 753 2654 ali-

26 2672 80 2699 ter
91 2670 246 2708 evadunt,
270 2670 310 2700 de
327 2670 474 2700 somniis.
491 2668 567 2700 ibid.
585 2668 752 2698 somnium

26 2722 144 2743 verum
158 2715 271 2744 evasit.

68 2755 287 2796 Evanescere,
313 2756 353 2787 de
378 2757 456 2787 vino
481 2759 533 2785 est
560 2756 625 2785 vim
653 2763 747 2784 suam

24 2799 172 2839 perdere.
200 2799 277 2830 Div.
301 2800 335 2830 ii.
360 2803 412 2834 57.
440 2799 556 2829 vinum
580 2799 746 2829 evanescit.

22 2842 153 2875 ⁸Tusc.
169 2853 198 2874 v.
210 2846 263 2874 30.
285 2843 453 2874 sententia
468 2852 582 2873 eorum
598 2842 748 2872 evanuit:

21 2885 58 2918 h.
68 2895 98 2919 e.
110 2886 241 2918 nullum
257 2886 400 2929 amplius
422 2891 622 2918 sectatorem
638 2885 748 2916 habet.

1490 112 1573 149 29³

881 198 1040 230 Evellere.
1067 201 1166 232 Dom.
1189 206 1234 235 13.
1260 204 1417 236 radicitus
1428 209 1559 238 evellere

837 251 951 272 omnes
975 245 1120 274 actiones
1144 250 1238 277 tuas:
1273 248 1305 278 h.
1329 259 1357 278 c.
1380 249 1487 280 irritas
1510 252 1557 281 sa—

837 295 922 315 cere.

880 328 1033 359 Evenire.
1064 339 1140 360 cum
1158 332 1208 360 in:
1235 333 1274 362 ad
1292 333 1363 363 Div.
1383 336 1414 365 ii.
1436 338 1483 366 10.
1514 345 1554 365 ne

835 370 923 401 idem
947 374 1069 403 eveniat
1095 374 1127 403 in
1153 384 1241 404 meas
1265 376 1383 406 lin-ras.
1414 377 1484 408 An.
1500 379 1554 409 vii.

835 415 866 444 2².
893 415 975 446 bene
991 417 1128 453 avc-niae,
1143 417 1221 447 dicit
1237 419 1436 449 Carneades:
1460 431 1554 460 spur-

835 467 883 488 ce.
923 459 983 489 Est
999 460 1086 490 euim
1104 460 1246 491 formula
1263 472 1326 500 qua
1343 464 1552 502 praefabatur,

831 505 1005 541 tamquam
1035 502 1111 533 boni
1143 504 1261 534 ominis
1291 514 1400 541 musti,
1428 508 1551 537 coitum

832 543 1005 575 habiturus
1021 556 1097 576 cum
1115 546 1248 577 femina.
1275 547 1343 578 ΙΙιν.
1362 549 1380 577 ἰ.
1398 552 1444 579 lo.
1468 550 1550 580 solt-t

832 597 894 617 usu
910 590 1043 619 evenire.
1059 590 1114 619 ubi
1132 600 1160 620 v.
1174 590 1328 622 Oudend.

875 631 1035 668 Eventus,
1061 633 1101 663 dc
1132 643 1178 671 re,
1203 643 1276 672 quae
1306 639 1356 664 est
1387 635 1419 664 in
1447 634 1550 665 sacto:

830 683 906 704 cum
938 675 976 705 fit
1002 676 1046 712 id,
1073 676 1160 715 quod
1190 677 1260 706 fieri
1299 684 1438 717 poterat.
1470 678 1552 708 Καὶ).

830 717 925 747 Perd.
951 722 983 749 5.
1013 729 1078 749 non
1094 719 1201 750 solnm
1218 726 1359 759 eventus,
1378 721 1434 751 sed
1450 722 1549 752 etiam

832 760 988 791 conditio.

872 804 1120 842 Eeerricutum,
1134 807 1261 846 proprie
1281 811 1331 836 est
1348 807 1550 838 instrumen-

827 852 900 877 tum
917 849 1100 886 everrendi,
1119 853 1156 879 ut
1171 854 1252 887 rete,
1266 861 1329 888 quo
1343 851 1446 889 pisces
1459 861 1549 881 cver-

826 896 959 928 runtur,
976 901 1005 921 v.
1022 902 1050 922 c.
1074 892 1163 932 apud
1189 893 1281 923 Varr.
1308 893 1345 923 R.
1369 893 1406 923 R.
1432 895 1476 924 iii.
1501 898 1547 928 17.

825 936 855 966 7.
888 934 1004 965 deinde
1021 936 1160 975 tropice,
1177 936 1221 973 id,
1238 946 1302 975 quo
1319 936 1396 975 quid
1413 938 1546 976 penitun

823 976 964 1008 tollitur.
999 978 1077 1009 Nat.
1106 979 1147 1009 D.
1172 980 1217 1009 iii.
1246 983 1299 1010 30.
1332 982 1546 1011 everriculum

825 1020 1026 1052 malitiarum
1051 1022 1389 1061 omnium,judicium
1414 1023 1453 1053 de
1470 1023 1545 1054 dolo

824 1064 921 1093 malo.
952 1063 1042 1095 Verr.
1062 1066 1103 1095 iv.
1120 1067 1172 1096 ΞΗ.
1202 1065 1289 1105 quod
1313 1076 1458 1104 unquam
1483 1067 1545 1097 liu-

815 1106 964 1145 jusmodi
990 1110 1205 1139 everriculum
1229 1109 1262 1139 in
1295 1108 1351 1139 illa
1376 1111 1545 1150 provincia

822 1149 899 1180 fuit.

864 1192 1010 1225 Eversio.
1044 1194 1114 1225 Fin.
1138 1205 1167 1226 v.
1188 1198 1236 1226 lo.
1269 1205 1341 1235 quae
1365 1196 1440 1226 vitae
1463 1203 1542 1228 sunt

819 1245 946 1267 eversw.

863 1280 1018 1311 Eversus.
1042 1281 1084 1312 ad
1101 1282 1177 1313 Div.
1195 1291 1225 1311 v.
1241 1283 1294 1313 21.
1318 1281 1453 1313 fortuna
1468 1282 1543 1314 fun-

822 1321 912 1354 ditus
927 1334 1046 1354 eversa.

862 1367 1030 1398 Evertere.
1048 1367 1146 1398 Catil.
1159 1368 1180 1398 i.
1192 1372 1223 1402 7.
1247 1369 1443 1408 quaestiones
1453 1379 1542 1400 ever-

819 1414 904 1440 tere.-
923 1411 944 1441 i.
956 1421 985 1442 e.
997 1411 1212 1452 perfringere,
1223 1412 1301 1442 vise
1314 1413 1439 1453 eripere
1453 1423 1541 1453 quae-

820 1454 934 1484 stioni.

861 1497 1011 1528 Evictus.
1043 1497 1135 1528 Verr.
1150 1498 1170 1527 i.
1192 1500 1216 1528 l.
1248 1499 1302 1538 qui
1319 1503 1388 1529 tam
1406 1498 1538 1530 nefariis

817 1540 1025 1578 criminibus,
1037 1546 1107 1571 tam
1124 1541 1238 1571 multis
1254 1542 1391 1572 testibus
1408 1543 1538 1581 evictus,

815 1593 873 1613 ora
882 1584 1036 1622 judicum
1050 1584 1216 1624 adspicere
1228 1585 1373 1615 auderet.
1389 1585 1537 1616 Graevius

814 1627 861 1656 sic
874 1627 1130 1668 interpretatur:
1155 1629 1275 1658 evictus
1289 1633 1352 1666 est,
1365 1629 1421 1667 qui
1433 1629 1537 1668 pudo-

816 1679 850 1700 re
863 1676 922 1701 aut
934 1672 1063 1701 ratione
1076 1671 1235 1701 incitatur
1245 1671 1287 1701 ad
1299 1671 1421 1710 aliquid
1438 1681 1539 1711 agen-

815 1713 909 1751 dum,
925 1717 1023 1754 atque
1046 1713 1204 1754 exemplis
1220 1715 1396 1745 confirmat
1412 1715 1458 1745 ita
1473 1715 1536 1746 dici

813 1758 943 1787 evictus.
988 1756 1053 1788 Sed
1075 1757 1145 1787 haec
1167 1758 1214 1787 vis
1239 1762 1290 1787 est
1313 1758 1353 1788 ab
1376 1757 1438 1788 hoc
1463 1757 1536 1789 loco

813 1800 932 1831 aliena.
972 1799 1063 1831 Num
1079 1801 1168 1830 enim
1185 1801 1379 1831 criminibus
1396 1805 1429 1831 et
1442 1802 1536 1832 testi-

812 1843 872 1873 bus
896 1844 968 1883 quis
993 1844 1124 1873 incitari
1147 1848 1269 1882 potest,
1284 1848 1323 1873 ut
1343 1844 1462 1874 audeat
1477 1845 1535 1875 ad-

811 1887 937 1926 spicere
954 1886 1106 1925 judices?
1139 1887 1353 1917 Absterreant
1369 1886 1438 1917 haec
1453 1897 1532 1918 eum

810 1930 921 1970 potius
937 1939 1068 1960 necesse
1085 1935 1146 1960 est.
1169 1930 1305 1960 Evictus
1320 1936 1370 1960 est
1383 1940 1441 1970 pro
1454 1940 1532 1960 con-

810 1973 931 2010 victus,
947 1973 1044 2013 plane
1063 1974 1180 2003 victus.
1210 1973 1295 2003 Nam
1313 1975 1431 2003 evictus
1444 1973 1530 2004 hanc

809 2017 876 2046 vim
900 2017 1011 2053 habet,
1033 2021 1133 2055 atque
1156 2016 1237 2046 adeo
1260 2016 1332 2056 plus
1355 2021 1406 2046 est
1428 2025 1528 2055 quam

809 2061 928 2098 victus,
940 2067 979 2090 ut
991 2060 1104 2090 docuit
1118 2059 1306 2090 Broukhus.
1322 2059 1363 2089 ad
1379 2059 1527 2100 Propert.

809 2104 851 2133 iv.
868 2107 900 2138 7.
922 2105 953 2135 2.

850 2146 1035 2186 Evigilare,
1052 2146 1238 2186 excogitare
1254 2145 1430 2185 vigilando.
1453 2146 1526 2178 Att.

805 2190 849 2220 ix.
867 2191 916 2220 1⁶2.
941 2189 1080 2220 consilia
1089 2192 1243 2230 evigilata
1259 2190 1524 2228 cogitationibus.

849 2233 1072 2270 Eun-eratus,
1084 2233 1178 2270 cuius
1194 2233 1318 2262 viscera
1332 2232 1524 2272 discerpun-

803 2279 873 2316 tur,
889 2277 1091 2307 eximuntur.
1114 2275 1250 2306 Tuscul.
1266 2275 1299 2306 ii.
1313 2279 1345 2310 9.
1368 2277 1524 2307 eviscera-

802 2324 873 2350 tum
890 2329 1018 2360 corpus,
1035 2319 1122 2350 conf.
1144 2320 1164 2349 i.
1179 2322 1232 2350 44.

845 2363 997 2395 Evitare.
1027 2361 1163 2392 Tuscul.
1188 2362 1208 2392 i.
1232 2364 1284 2392 35.
1315 2361 1386 2391 haec
1408 2362 1523 2393 omnia
1563 2388 1567 2392 .

801 2406 867 2437 vidi
884 2406 1095 2443 inflammari,
1115 2405 1243 2435 Priamo
1258 2405 1288 2434 vi
1301 2405 1402 2435 vitam
1419 2406 1520 2435 evita-

798 2451 849 2482 ri,-
876 2449 907 2480 h.
919 2460 948 2480 e.
960 2450 1052 2490 eripi.
1068 2460 1085 2478 e
1102 2448 1203 2479 Poeta
1217 2451 1336 2478 vetere.
1354 2458 1382 2478 v.
1397 2447 1519 2479 Buher.

842 2535 1001 2572 Evocare,
1023 2534 1146 2564 dit-itur
1167 2535 1227 2571 ita,
1246 2539 1285 2564 ut
1307 2533 1436 2564 elicere.
1459 2534 1518 2566 Or.

798 2579 832 2609 ii.
851 2582 881 2610 8.
908 2579 1101 2609 memoriam
1119 2587 1258 2608 evocare.
1282 2577 1355 2612 Att,
1370 2587 1402 2609 x.
1419 2581 1448 2608 8.
1476 2587 1517 2608 ne

797 2632 905 2653 meam
944 2623 1012 2662 ipse
1053 2620 1238 2660 συμτάθηοιι
1276 2621 1348 2660 jam
1386 2629 1517 2651 evocem.

796 2666 956 2696 *evocare
985 2665 1106 2695 dicitur
1131 2663 1275 2702 aliquem
1301 2663 1517 2702 magistratus

796 2708 1018 2749 provincialis,
1046 2713 1196 2744 senatus,
1219 2715 1298 2738 cum
1322 2716 1399 2737 eum
1419 2707 1517 2744 jubet

796 2751 931 2782 aliunde
954 2751 996 2781 ad
1017 2761 1051 2781 se
1075 2751 1197 2780 venire.
1224 2750 1318 2781 Verr.
1343 2750 1363 2781 i.
1392 2752 1440 2780 10.
1463 2753 1516 2782 33.

796 2796 866 2826 Att.
886 2796 918 2825 ii.
936 2797 988 2826 24.
1012 2804 1042 2824 v.
1058 2796 1110 2825 21.
1136 2793 1195 2823 &c.

837 2838 1016 2876 Evocatus,
1027 2840 1225 2867 commotus.
1248 2836 1423 2867 Deiot.14.
1447 2845 1515 2867 evo-

793 2886 868 2914 cata
891 2882 1041 2913 oratione
1064 2880 1298 2913 misericordia.
1326 2878 1394 2910 Pin.
1411 2878 1444 2912 ii.
1460 2882 1514 2912 31.

846 2928 904 2957 υ3
