1800 3131
186 108 266 144 102

185 205 244 243 tit,
254 205 383 245 equites
395 205 522 246 legibus
535 208 616 246 suis,
626 206 666 238 de
675 210 916 249 quaestionibus

188 248 350 280 habendis
374 251 408 280 in
433 260 501 287 eos,
526 252 582 290 qui
605 252 646 282 ob
669 263 739 283 rem
761 254 918 292 judican-

189 291 267 322 dam
284 294 463 333 pecuniam
479 296 658 335 cepissent,
674 297 707 327 in
730 297 917 336 periculum

190 337 336 367 vocanti.

239 380 299 410 Cn.
327 380 474 418 Flavius,
505 381 562 413 Cn.
588 392 633 412 tm
663 383 712 413 M.
730 383 820 423 filu?
853 383 918 413 vid.

199 422 305 454 Groev.
330 424 391 454 Cn.
414 429 459 454 est
481 435 534 465 ap.
560 426 653 457 Ptin.
678 427 725 457 H.
743 426 790 456 N.
806 427 919 456 xxxiii.

197 469 227 497 1.
258 469 314 507 qui
335 468 484 507 inprimis
506 469 673 499 videndus.
715 470 857 500 Vocatur
878 470 922 499 ihi

192 513 294 540 etiam
316 510 417 541 Annii
440 511 548 542 filius:
574 513 623 542 uti
645 522 697 552 ap.
728 513 809 542 Gen.
829 513 871 542 vi.
889 517 920 546 9.

193 553 269 585 Liv.
286 565 316 584 x.
334 557 393 585 ult.
410 560 500 585 vocat
515 554 597 585 Cnei
614 555 661 585 fil.
675 566 704 585 zv.
723 557 809 595 impr.
826 556 921 586 Dra-

194 597 283 627 kenb.
307 599 351 627 ad
375 598 448 628 Lz'v.
465 600 486 628 l.
503 609 529 628 c.
547 601 602 638 qui
617 604 647 629 et
656 608 843 639 proenomen
865 599 921 629 Cn.

187 639 338 680 proefirt.
369 642 414 671 ad
438 641 508 671 Ati.
532 643 576 671 vi.
608 645 633 672 l.
672 642 792 679 scriba,
818 641 922 672 aedilis

193 684 294 724 Appii
322 685 380 720 (sc.
405 685 506 722 Caeci)
535 685 590 724 qui
608 685 709 715 fastos
725 685 921 725 publicavit,

192 732 229 757 et
253 727 400 757 actiones
423 728 570 766 primum
606 730 794 769 composuit
823 735 922 768 atque

194 770 314 808 edidit,
340 781 369 800 v.
397 771 454 800 Or.
479 771 500 800 i.
525 773 578 802 41.
611 772 744 802 Muren.
771 776 820 803 11.
851 772 923 802 Att.

191 814 235 844 vi.
272 817 298 844 1.
345 814 386 843 ab
417 824 450 844 eo
479 814 540 844 Jus
571 815 764 846 Flavianum
801 816 925 846 dictum

193 861 251 887 est.
297 856 356 887 Ea
378 867 414 887 re
437 859 572 896 meruit,
587 863 626 888 ut
649 869 748 899 usque
765 860 811 890 acl
825 860 926 890 (edili-

193 905 295 930 tafem
306 902 539 939 proveheretur
553 902 658 932 studio
666 905 790 943 populi.
803 913 832 933 v.
849 903 925 936 Liv.

192 944 236 974 ix.
253 945 314 974 ult.

239 986 281 1017 L.
297 987 445 1024 Haedus,
463 997 564 1027 eques
587 988 772 1027 Romanus,
788 989 881 1020 Verr.
903 990 923 1020 i.

195 1033 227 1061 5.
252 1040 282 1061 v.
307 1034 338 1064 7.
362 1034 413 1064 59.
446 1030 539 1061 Idem
560 1036 623 1069 est,
640 1033 695 1071 qui
713 1033 927 1063 commenda-

194 1077 253 1104 tur
269 1083 346 1103 cum
365 1074 401 1104 C.
417 1073 520 1104 fratre
538 1074 645 1105 Acilio
658 1075 779 1106 Siciliae
794 1077 926 1107 Procos.

196 1117 240 1147 ad
255 1118 331 1148 Div.
348 1117 417 1148 xiii.
434 1120 486 1148 31.
515 1119 570 1148 An
589 1129 629 1150 ea:
651 1121 700 1150 his
723 1124 768 1150 est
777 1119 926 1160 J'oenera-

196 1165 248 1191 tor
263 1162 319 1191 ille
333 1161 401 1191 Act.
420 1161 476 1191 xii.
496 1165 544 1195 17.
559 1163 571 1192 ?

243 1204 285 1234 L.
310 1205 457 1242 Flavius,
477 1204 549 1235 Att.
571 1206 594 1236 i.
620 1209 669 1237 18.
697 1209 747 1241 19.
778 1207 856 1237 trib.
880 1207 926 1248 pl.

197 1247 328 1278 Metello
364 1253 395 1278 et
422 1247 561 1288 Afranio
600 1249 681 1280 Coss.
719 1251 928 1289 rogationem

196 1290 373 1330 Agl-ariam
396 1291 474 1328 fert,
490 1292 549 1322 sed
571 1302 638 1323 non
663 1294 798 1332 perfert.
817 1304 847 1324 v.
863 1294 929 1325 Dio

198 1335 321 1364 xxxvii.
347 1337 399 1365 52.
436 1335 476 1375 Ω.
502 1335 553 1366 Fr.
578 1337 600 1366 i.
620 1338 650 1367 ΞΖ.
669 1339 699 1367 3.
732 1338 858 1367 Praetor
873 1338 929 1368 de-

197 1378 351 1417 signatus
374 1378 499 1408 Coesare
515 1384 545 1409 et
564 1380 684 1410 Bibulo
713 1381 792 1411 Coss.
809 1381 881 1412 Att.
896 1393 927 1412 x.

202 1424 231 1451 1.
262 1422 292 1451 ei
309 1432 329 1451 a
346 1421 475 1452 Caesare
492 1422 580 1462 legio
596 1427 631 1453 et
647 1423 760 1454 Sicilia
782 1425 929 1455 destina-

197 1468 267 1495 tur.

242 1507 285 1548 Q.
298 1507 714 1548 Flavius-‚Tarquiniensis
723 1511 762 1551 Ω.
771 1511 868 1542 Rosc.
880 1515 891 1542 1
903 1515 929 1542 1.

243 1552 358 1589 flora,
374 1552 497 1582 Mater.
521 1552 615 1583 Verr.
638 1564 668 1584 v.
694 1557 742 1585 14.
773 1555 843 1594 ejus
859 1555 930 1585 ludi

201 1594 329 1626 Romae.

243 1638 386 1675 Florius,
403 1638 537 1669 Cluent.
555 1643 606 1674 59.
636 1640 786 1671 Larinas.

246 1681 342 1718 Fons,
365 1681 446 1721 Leg.
475 1683 509 1712 ii.
533 1685 586 1715 22.
622 1684 726 1714 sontis
749 1694 807 1715 ara
828 1695 930 1726 prope

201 1725 355 1756 Romam.

246 1768 379 1799 Fonteia
409 1769 504 1807 Gens,
529 1769 629 1800 Dom.
652 1773 706 1801 44.

202 1821 303 1851 quam
320 1813 499 1852 adoptatus
515 1817 566 1842 est
583 1813 729 1844 Clodius.

246 1856 391 1893 Fontem,
410 1856 505 1887 Font.
532 1860 581 1890 17.
613 1867 706 1887 soror
722 1858 770 1888 M.
788 1858 931 1898 Fonteii,

201 1898 295 1938 virgo
310 1899 465 1929 Vestalis.

245 1943 294 1972 Μ.
322 1943 483 1980 Fonteius,
511 1942 581 1973 Att.
610 1944 653 1974 iv.
687 1947 734 1975 15.
776 1945 872 1977 Font.
904 1950 932 1977 1.

201 1995 292 2025 seqq.
320 1991 443 2026 praetor
467 1986 583 2016 Galliae
613 1997 672 2026 per
701 1989 888 2019 triennium
915 2000 932 2019 e

202 2034 363 2069 praetura,
374 2040 436 2069 pro
451 2040 511 2070 quo
525 2035 570 2060 est
587 2034 653 2061 tota
674 2033 786 2062 oratio.
830 2032 935 2064 Filius

202 2071 286 2113 ejus,
303 2074 360 2112 qui
383 2073 515 2104 Servilii
531 2076 658 2113 legatus
673 2076 785 2106 Asculi
799 2077 933 2107 interiit.

202 2117 271 2146 vid.
287 2117 427 2156 Appz'cm.
445 2117 489 2148 B.
512 2117 545 2147 C.
561 2128 587 2147 c.
605 2118 626 2147 i.
638 2128 673 2157 p.
691 2119 765 2150 633.

252 2159 296 2189 Ρ.
321 2161 481 2197 Fonteius,
499 2161 599 2191 Dom.
628 2164 675 2193 13.
700 2168 736 2192 et
753 2165 804 2197 29.
835 2163 935 2194 homo

207 2202 372 2243 plebeius,
390 2205 445 2243 qui
462 2205 497 2234 P.
515 2203 670 2235 Clodium
687 2205 869 2246 adoptavit.

252 2246 302 2276 M.
320 2247 487 2285 Fontinus,
503 2247 574 2278 Att.
591 2248 613 2278 i.
634 2249 666 2279 6.
689 2259 752 2289 pro
766 2260 825 2290 quo
846 2251 937 2281 Groe-

207 2290 282 2319 vius
298 2289 465 2321 Fonteius.

254 2333 412 2371 Fortuna,
434 2335 511 2364 Div.
535 2334 570 2364 ii.
593 2337 646 2365 41.
676 2335 748 2375 ejus
770 2337 937 2377 templum

209 2375 388 2406 Praeneste.
421 2378 491 2415 ejus
515 2378 699 2409 oraculum.
721 2380 803 2419 Leg.
827 2381 860 2411 ii.
888 2385 937 2411 11.

209 2423 263 2449 est
278 2419 329 2449 vel
352 2420 490 2458 hujusce
513 2421 592 2459 diei,
607 2422 659 2452 vel
679 2424 871 2463 respiciens,
886 2425 939 2455 vel

210 2463 290 2499 som,
305 2463 357 2492 vel
371 2464 582 2503 primigenia.

736 1772 870 1811 plebeia,
896 1772 931 1802 in

255 2506 456 2545 Frangones,
473 2508 544 2538 Att.
565 2510 613 2539 14.
634 2512 683 2540 10.
714 2519 828 2541 nomen
851 2511 939 2541 mili-

209 2549 255 2578 tis
278 2551 429 2580 veterani
451 2553 486 2581 in
502 2553 642 2590 plurali.
691 2552 778 2584 Olim
800 2556 940 2585 inlibris

208 2595 374 2623 nonnullis
395 2599 468 2624 erat
491 2595 689 2634 Francones,
713 2601 744 2627 ec
766 2597 805 2627 de
824 2601 941 2639 populo

210 2636 350 2674 quodam
373 2639 569 2676 capiebatur.
592 2649 622 2668 v.
644 2649 671 2669 c.
688 2640 845 2672 Rhenano
861 2642 939 2673 Rer.

218 2679 328 2708 Germ.
354 2681 374 2709 l.
399 2681 432 2710 ii.
453 2691 488 2720 p.
514 2691 556 2711 m.
584 2683 655 2713 186.
680 2694 724 2722 sq.
748 2686 802 2724 qui
824 2696 840 2716 e
868 2686 931 2717 Cod

211 2722 492 2771 L-aurishemensis
506 2727 645 2765 vestigiis
656 2728 836 2767 cwrigebat
850 2729 940 2759 Van-

210 2774 337 2804 giones.

255 2806 435 2848 inffanus,
457 2810 528 2841 Att.
552 2812 606 2842 vii.
635 2816 682 2844 15.
713 2819 838 2853 praetor
859 2816 941 2846 Sici-

210 2849 278 2888 liae,
295 2862 356 2891 pro
379 2864 437 2893 quo
459 2856 519 2884 alii
540 2857 670 2887 volunt.-
696 2857 872 2898 Furfanus,
889 2859 941 2890 vel

211 2893 398 2928 Furfanius.
415 2907 446 2927 v.
462 2902 526 2929 not.

712 119 859 148 INDEX
890 119 1169 148 HISTORICUS.

1009 209 1042 240 C.
1060 209 1218 249 Fuficius,
1234 208 1327 240 Verr.
1345 210 1378 240 ii.
1399 211 1446 241 12.

1004 253 1046 283 L.
1071 253 1233 293 Γιςχίἀὶιιε,
1256 253 1311 284 Br.
1342 255 1395 288 99.
1434 252 1608 285 mediocris
1631 263 1689 295 pa-

959 300 1090 326 tronus.

1003 339 1048 380 Q.
1073 339 1233 379 Fqfidius,
1252 339 1361 369 Pison.
1386 342 1438 370 35.
1469 349 1570 379 eques
1590 340 1688 371 Rom.

962 383 1151 422 negotiator
1168 384 1203 413 in
1218 383 1417 413 Macedonia
1428 383 1466 413 L.
1481 383 1599 413 Pisone
1614 393 1689 423 pro-

963 426 1110 457 consule.
1133 424 1399 468 ejusjbrtefilius
1413 432 1457 458 est
1469 427 1511 466 Ω.
1529 426 1690 464 Fufidius,

961 469 1003 509 Ω.
1021 469 1054 499 F.
1069 469 1111 499 ad
1126 470 1203 500 Div.
1218 471 1355 500 xiii-11.

1005 512 1046 542 A.
1064 512 1192 552 Fffins,
1209 513 1251 542 ad
1274 513 1349 543 niv.
1373 513 1440 543 xiii.
1457 515 1487 544 2.

964 555 1117 593 intimus,
1134 556 1233 586 homo
1249 557 1410 586 eruditus.

1009 598 1051 629 L.
1069 598 1117 629 Fu
1139 599 1194 636 ἀς,
1211 599 1307 629 Brut.
1326 603 1378 634 49.
1395 600 1447 630 6⁶2.
1478 599 1574 629 Offic.
1590 598 1623 628 ii.
1643 601 1693 629 14.

965 642 1071 680 qualis
1087 642 1218 672 Orator.
1234 642 1385 673 Manium
1407 642 1579 682 Aquilium
1595 651 1694 671 accu-

965 690 1027 715 sat.
1051 686 1093 715 cf.
1117 686 1175 716 Or.
1199 686 1232 715 ii.
1249 687 1302 716 ⁴2⁶2.
1324 686 1370 716 iii.
1398 689 1446 717 13.
1478 685 1543 716 Sed
1557 687 1606 716 his
1621 686 1694 715 loeis

959 730 1122 769 plerisque
1144 732 1189 759 est
1212 728 1340 758 Fusius.
1386 728 1483 760 Recte
1504 734 1614 759 autem
1623 732 1695 769 post

966 774 1046 802 alios
1067 773 1192 803 monuit
1217 772 1377 802 Pan-eius
1399 773 1445 802 ad
1458 773 1496 802 de
1516 772 1573 802 Or.
1590 772 1624 802 ii.
1639 773 1693 803 22.

971 816 1128 846 Ciceronis
1139 817 1331 856 temporibus
1340 817 1444 846 nullos
1459 815 1572 845 Fusios
1574 814 1695 856 ficis-se,

966 859 1021 889 sed
1043 861 1228 896 invaluisse,
1254 864 1292 889 ut
1318 859 1407 889 Furii
1433 859 1631 895 dicerentur,
1656 862 1696 888 ut

967 912 1058 932 nemo
1085 902 1237 933 Valesius
1273 903 1410 940 dicebat,
1441 907 1502 933 aut
1532 902 1696 941 Papisius,

967 947 1023 976 sed
1042 946 1192 976 Valerius
1216 950 1252 976 et
1270 946 1431 986 Papirius.
1458 946 1571 975 Fufius
1585 949 1698 976 autem

968 994 999 1019 et
1025 989 1142 1019 Fusius
1167 991 1203 1020 in
1229 990 1318 1020 libris
1345 989 1498 1020 Ciceronis
1522 999 1602 1029 soepe
1623 994 1697 1019 σοπ-

957 1031 1077 1072 fundi,
1091 1035 1198 1063 sciunt
1212 1043 1329 1071 omncs,
1344 1034 1400 1074 qui
1414 1035 1465 1063 vel
1480 1034 1592 1064 leviter
1612 1031 1698 1063 Cice-

968 1085 1078 1106 ronem
1095 1080 1295 1107 tractarunt.

1012 1120 1056 1160 Q.
1088 1120 1216 1160 Fufius,
1248 1120 1398 1150 Calenus.
1428 1119 1470 1150 ad
1500 1119 1577 1150 Div.
1607 1129 1637 1148 v.
1665 1120 1697 1149 6.

968 1162 1061 1193 Trib.
1078 1162 1122 1203 pl.
1140 1163 1188 1193 M.
1205 1163 1323 1193 Pisone
1339 1168 1372 1193 et
1389 1163 1438 1194 M.
1451 1163 1596 1193 Messala
1606 1163 1698 1193 Coss.

971 1206 1055 1236 Phn.
1072 1207 1140 1236 viii.
1155 1209 1187 1237 4.
1217 1216 1335 1247 pacem
1353 1217 1429 1237 cum
1453 1206 1600 1236 Antonio
1623 1215 1699 1236 sua·

970 1250 1040 1288 det,
1063 1255 1158 1290 patre
1182 1250 1252 1288 ejus
1278 1250 1392 1280 Cicero
1413 1260 1492 1280 usus
1515 1255 1568 1280 est
1589 1249 1700 1280 adole-

970 1303 1075 1323 scens.
1100 1293 1367 1333 reprehenditur.
1391 1293 1462 1323 Att.
1479 1293 1500 1323 i.
1516 1297 1566 1324 14.
1589 1293 1699 1332 legem

971 1337 1010 1366 de
1034 1336 1194 1375 religione
1217 1337 1283 1367 sert
1306 1347 1366 1377 pro
1389 1337 1515 1367 Clodio.
1538 1337 1604 1367 vid.
1629 1336 1701 1366 Lex

971 1380 1081 1420 Fzgfia.
1107 1381 1184 1411 ibid.
1201 1381 1244 1410 ix.
1260 1382 1291 1410 2.
1323 1380 1519 1421 Pompeium
1542 1384 1578 1410 et
1600 1380 1701 1410 Sena-

970 1428 1046 1454 tum
1062 1429 1209 1454 accusat.
1226 1434 1255 1453 v.
1271 1434 1371 1464 supra
1385 1425 1419 1454 in
1437 1423 1592 1454 Calenus.

1021 1468 1053 1497 C.
1070 1468 1252 1505 Fulcinius,
1269 1467 1350 1497 Phil.
1368 1468 1411 1497 ix.
1428 1469 1458 1499 2.
1490 1467 1621 1506 legatus
1635 1467 1702 1498 Ro-

972 1520 1150 1541 rnanorum
1179 1521 1200 1541 a
1223 1510 1325 1541 Larte
1355 1510 1537 1541 Tolumnio
1569 1510 1701 1541 Fidenis

972 1554 1183 1584 interfectus.

1015 1598 1066 1628 M.
1082 1598 1263 1635 Fulcinius,
1281 1607 1340 1638 pro
1359 1597 1482 1628 Caecin.
1498 1600 1529 1629 4.
1559 1596 1702 1637 Tarqui-

972 1651 1110 1672 nleiisis.

1017 1684 1247 1722 cmlviniaster,
1265 1685 1307 1714 ad
1329 1684 1401 1714 Att.
1425 1684 1481 1714 xii.
1504 1686 1558 1714 44.
1589 1684 1703 1714 imita-

971 1731 1026 1757 tor
1048 1728 1202 1758 Fulvinii.
1231 1729 1288 1758 sed
1314 1729 1432 1758 rectius
1461 1732 1538 1758 esset
1556 1726 1704 1768 fortusse

974 1770 1169 1809 Fulviaster,
1198 1777 1236 1801 ut
1263 1771 1461 1811 quibusdam
1489 1771 1564 1802 viris
1595 1771 1703 1801 doctis

972 1814 1097 1854 placet,
1126 1825 1149 1845 α
1178 1815 1291 1846 Fulvio
1322 1815 1512 1845 Postltumio
1548 1814 1702 1845 Βατανέα-

972 1868 1022 1889 izo.

1018 1902 1139 1939 Fulvii,
1163 1912 1222 1942 pro
1252 1901 1365 1932 Plane.
1389 1905 1420 1933 8.
1451 1901 1616 1941 originem
1643 1901 1705 1932 du-

975 1950 1058 1975 cunt
1075 1955 1092 1975 e
1109 1946 1294 1986 municipio
1316 1944 1520 1976 Tusculana
1566 1945 1706 1976 Primus

962 1988 1039 2029 fuit
1054 1989 1092 2019 L.
1110 1989 1258 2027 Fulvius,
1275 1989 1313 2018 de
1327 1999 1387 2028 quo
1405 1993 1451 2019 est
1467 1991 1550 2019 locus
1564 1988 1705 2029 dgfficilz's

974 2043 1027 2072 ap.
1052 2033 1144 2063 Ptin.
1168 2033 1216 2063 H.
1246 2033 1294 2062 N.
1321 2033 1376 2063 vii.
1402 2035 1454 2063 43.
1492 2032 1530 2063 de
1554 2042 1615 2072 quo
1639 2031 1704 2062 vid.

975 2076 1101 2107 Duker.
1118 2076 1164 2107 ad
1178 2076 1253 2106 Liv.
1269 2075 1337 2106 viii.
1352 2079 1404 2110 37.
1431 2075 1578 2106 Stemma
1593 2075 1705 2106 Fulvi-

974 2130 1068 2150 orum
1083 2125 1128 2151 est
1145 2129 1198 2159 ap.
1216 2119 1328 2158 Sigon.
1344 2120 1390 2149 ad
1405 2120 1478 2150 Liv.
1494 2119 1538 2149 xl.
1554 2121 1607 2149 41.

1019 2163 1069 2194 M.
1086 2163 1220 2194 Fulvius
1240 2163 1383 2199 Flaccus,
1397 2162 1496 2193 Catil.
1512 2163 1533 2193 i.
1554 2164 1604 2193 12.
1627 2172 1707 2192 con-

976 2206 1107 2244 sularis,
1131 2207 1335 2237 interficitur
1363 2216 1440 2236 cum
1470 2205 1595 2244 liberis,
1617 2205 1708 2245 quod

977 2260 997 2280 a
1013 2250 1050 2281 C.
1066 2250 1216 2280 Graccho
1231 2250 1387 2280 triumvir
1406 2250 1440 2279 in
1457 2249 1570 2280 locum
1585 2248 1624 2279 T.
1640 2249 1708 2280 fra-

976 2295 1038 2324 tris
1062 2294 1256 2324 nominatus
1278 2297 1361 2323 erat.
1384 2293 1486 2323 Dom.
1509 2296 1561 2324 38.
1593 2292 1634 2323 de
1653 2302 1706 2323 se-

979 2342 1079 2368 natus
1119 2337 1289 2367 sententia
1332 2337 1549 2374 interficitur,
1586 2336 1706 2366 domus

979 2382 1142 2411 evertitur
1164 2386 1199 2410 et
1219 2380 1421 2420 publicatur,
1437 2386 1473 2410 et
1487 2381 1522 2410 in
1539 2389 1617 2410 area
1631 2389 1708 2419 por-

979 2425 1069 2454 ticus
1085 2423 1197 2454 Catuli
1212 2424 1410 2453 exstruitur.
1429 2422 1526 2454 Brut.
1549 2425 1602 2455 28.
1634 2423 1707 2462 ejus

980 2468 1106 2508 scripta
1128 2468 1282 2504 extitere,
1299 2467 1357 2497 sed
1379 2470 1419 2496 ut
1438 2466 1580 2497 studiosi
1595 2466 1709 2497 litera-

980 2521 1068 2542 rum.
1094 2510 1254 2542 aemulum
1272 2510 1307 2540 P.
1323 2510 1468 2541 Decium
1483 2510 1614 2548 habuit,
1629 2510 1709 2540 add.

980 2557 1015 2585 in
1031 2556 1078 2586 M.
1097 2555 1243 2585 Flaccus.

1024 2599 1073 2629 M.
1098 2598 1234 2629 Fulvius
1257 2598 1415 2635 Nobilior,
1430 2596 1564 2627 Muren.
1586 2598 1635 2627 14.
1667 2595 1708 2626 de

981 2641 1100 2672 AEtolis
1116 2641 1315 2681 triumphat.
1347 2641 1496 2670 Provinc.
1514 2639 1552 2670 C.
1567 2644 1599 2673 9.
1630 2649 1710 2669 cen-

982 2695 1036 2716 sor
1071 2695 1148 2715 cum
1187 2685 1235 2716 M.
1272 2684 1398 2731 Lepido
1435 2693 1467 2714 α.
1497 2682 1537 2713 U.
1567 2690 1708 2713 DLxxiv.

981 2729 1082 2759 Tusc.
1099 2729 1120 2758 i.
1138 2731 1167 2760 ΞΖ.
1199 2727 1239 2758 Iu
1255 2727 1413 2757 fEtoliam
1430 2726 1578 2757 Ennium
1594 2735 1709 2756 secum

982 2772 1092 2810 duxit,
1100 2772 1188 2811 quod
1196 2771 1227 2801 ei
1235 2771 1470 2811 exprobratum
1482 2774 1533 2800 est
1542 2779 1562 2799 a
1569 2769 1710 2799 Catone.

982 2815 1082 2846 Arch.
1108 2819 1157 2846 11.
1194 2815 1299 2845 Musis
1322 2820 1358 2844 et
1381 2813 1518 2844 Herculi
1541 2812 1709 2853 templum

983 2859 1116 2889 dedicat
1145 2868 1163 2888 e
1193 2858 1370 2888 manubiis.
1414 2857 1530 2887 Musas
1551 2857 1710 2896 pimerat

987 2903 1123 2941 Zeuxis,
1144 2910 1260 2943 easque
1280 2902 1446 2933 ademerat
1471 2900 1711 2934 Ambraciam·

1519 512 1692 543 Ciceronis
