1804 3178
601 107 748 138 mnnx
778 101 1073 140 tumn-Avis·

116 193 278 233 andale,
294 199 462 235 accurate,
477 195 656 227 subtiliter.
682 196 754 227 Fin.
770 206 798 227 v.

72 243 106 275 9.
136 239 207 271 hec
231 240 334 280 igitur
360 240 452 270 nobis
479 239 676 280 explicanda
701 245 798 269 sunt:

70 282 130 314 sed
152 284 178 313 si
203 284 380 319 enodatius,
397 293 452 313 vos
477 283 672 322 ignoscetis:
704 282 801 322 hujus

72 326 165 356 enim
182 327 438 358 etati—serviro
453 327 622 357 debemus.

117 369 351 411 Enthymema.
379 370 464 410 Top.
492 373 541 401 13.
571 369 650 409 quid
673 370 739 400 sit?
771 380 800 401 v.

72 412 148 444 lnd.
165 413 223 445 Gr.

116 456 318 498 Eunaeum-e,
333 456 504 487 subtiliter
518 462 680 497 acuteque
697 457 801 497 expli-

71 509 161 538 care,
178 505 219 532 ut
231 499 397 531 dialectici
412 500 532 544 solent.
559 501 646 531 Part.
666 503 714 535 Π.
739 511 800 530 uec

70 543 251 583 quicquam
274 545 307 573 in
330 544 590 584 amplificatione
608 545 705 574 nimis·
722 555 800 574 cnu—

71 587 247 619 clem-idum
263 593 324 617 est.
347 588 447 619 Tusc.
466 598 494 618 v.
510 592 539 618 8.
567 588 636 618 haec
653 590 799 618 ema-lca-

67 639 108 661 νε
123 639 190 660 non
206 640 339 660 necesse
355 639 416 661 est.

114 673 308 711 Enucleale,
338 674 518 711 subtiliter,
541 674 726 711 dialectice,
751 681 800 704 te-

72 717 196 747 nuiter.
232 716 332 748 Tusc.
362 719 402 748 iv.
429 722 461 749 4.
500 721 663 750 enucleate
689 719 799 758 dispu-

70 765 147 791 tant
172 761 287 792 Stoici.
325 761 418 792 Brut.
444 769 475 797 υ.
516 762 597 792 nihil
622 762 800 799 subtiliter,

71 803 157 834 nihil
171 813 294 844 presse,
314 805 396 836 nihil
412 808 576 836 enucleate
595 811 719 846 potest,
736 816 800 844 quo

67 847 142 878 fieri
168 848 293 887 aliquid
321 850 422 888 possit
449 849 596 879 limatius
621 850 653 878 iu
678 850 801 879 Demo-

69 890 201 922 sthene.
232 891 311 923 ibid.
334 895 386 923 30.
416 893 480 922 Sed
503 894 545 933 Q.
568 892 700 923 Mucius
723 902 800 922 euu-

69 936 173 965 eleaee
194 934 328 974 quidem
344 941 379 966 et
402 936 519 976 polite,
536 940 571 966 ut
588 935 727 973 solebat,
744 945 800 965 ne—

73 987 241 1017 quaquam
272 984 386 1009 autem
422 990 462 1010 ea
499 981 528 1010 vi
562 986 662 1019 atque
693 980 800 1019 copia,

72 1031 174 1060 quam
189 1030 295 1061 genus
312 1021 395 1052 illud
411 1023 530 1062 judit-ii
553 1029 587 1053 et
605 1023 801 1061 magnitudo

70 1073 180 1095 causae
203 1065 403 1105 postulabat.
430 1068 486 1097 Or.
510 1073 540 1102 9.
569 1071 689 1107 putant
711 1067 799 1096 enim

73 1108 132 1148 qui
155 1107 286 1139 horride
310 1109 500 1150 inculteque
525 1110 628 1147 dicat,
649 1110 746 1140 modo
770 1109 802 1139 id

71 1150 247 1192 eleganter
268 1155 492 1193 enucleateque
514 1155 627 1191 saciat,
650 1164 728 1183 eum
751 1163 802 1183 so-

73 1193 146 1226 lum
163 1195 275 1226 Attice
291 1197 411 1227 dicere.
436 1197 505 1228 Fin.
519 1199 560 1228 iv.
575 1200 606 1228 3.
631 1197 688 1236 qui
705 1206 803 1236 gran-

71 1238 127 1270 dia
141 1246 259 1270 ornate
274 1239 411 1277 vellent,
428 1243 593 1272 enucleate
610 1241 740 1271 minora
754 1239 804 1270 di-

73 1291 161 1313 cere.
191 1283 270 1314 ibid.
288 1294 318 1314 v.
334 1286 386 1318 529.
441 1295 525 1315 auca
548 1294 654 1323 neque
678 1294 718 1314 ea
733 1284 804 1324 ipsa

71 1328 239 1357 enucleate
253 1327 294 1357 ab
310 1327 384 1365 hoc,
402 1339 412 1357 ι
424 1339 442 1358 e
459 1329 596 1366 virtute,
611 1328 711 1358 dicta.

116 1369 334 1402 Enucteaeus.
366 1372 423 1402 Or.
440 1373 491 1403 20⁸.
519 1373 725 1402 enucleatum
749 1380 804 1410 ge-

74 1422 151 1443 nus.
182 1413 295 1445 Plane.
311 1417 343 1445 4.
372 1414 542 1445 eblandita
556 1415 626 1452 illa,
644 1424 711 1445 non
727 1425 805 1444 enu-

74 1458 182 1487 cleata
199 1466 269 1488 esse
285 1458 453 1497 suffragia.
485 1459 672 1489 Enucleala
690 1458 805 1488 suffra.-

75 1501 132 1540 gia
146 1506 240 1539 sunt,
256 1511 330 1540 quae
353 1502 471 1531 damus
495 1513 528 1532 re
546 1510 700 1532 accurate
725 1511 806 1541 pon-

73 1543 202 1582 derata,
214 1550 249 1575 et
263 1544 304 1574 de
320 1544 486 1584 dignitate
501 1546 667 1576 candidati
678 1545 806 1582 judicio

72 1587 195 1630 facto..
220 1587 308 1618 Nam
332 1595 411 1618 ante
433 1589 536 1619 dixit:
562 1589 705 1620 comitiis
729 1589 807 1618 aedi-

74 1629 156 1662 litiis
186 1631 337 1662 studium
368 1641 439 1662 esse
471 1633 599 1673 populi,
626 1642 692 1663 non
716 1632 808 1672 judi-

76 1684 181 1705 cium.

78 1717 81 1719 ’
119 1718 297 1756 Enudare,
321 1718 499 1759 explicare.
537 1719 618 1758 Leg.
643 1719 664 1749 i.
687 1723 718 1753 9.
757 1729 807 1749 re-

76 1771 153 1793 rum
169 1762 324 1792 obscuras
339 1767 374 1793 et
397 1764 597 1793 necessarias
618 1762 808 1802 intelligen-

73 1805 140 1837 tias
159 1805 265 1847 (κοινὰς
281 1804 394 1844 ἐποίεις)
411 1807 576 1837 enudavit.

121 1849 349 1886 Enumerare,
357 1859 544 1880 numerare.
556 1851 712 1880 Brut.32.
728 1860 808 1879 enu-

76 1902 172 1923 mera
188 1902 241 1922 me
256 1893 290 1923 in
306 1892 490 1932 plerisque:
518 1895 620 1924 etiam
644 1893 684 1923 de
708 1903 808 1933 pecu-

76 1936 135 1966 nia
159 1935 295 1974 dicitur,
318 1937 366 1966 sic
390 1936 486 1968 Rose.
510 1937 549 1968 A.
570 1939 623 1968 46.
655 1937 683 1967 si
711 1937 808 1967 lectio

78 1989 162 2010 sana
176 1983 238 2010 est.

121 2022 352 2054 Enumeratio.
394 2023 489 2054 Brut.
519 2026 573 2058 9⁶2.
608 2026 809 2054 enumeratio

77 2066 239 2098 oratoria:
272 2067 293 2097 i.
317 2077 347 2097 e.
370 2076 481 2098 rerum
510 2067 551 2098 ad
581 2067 807 2107 eloquentiam

74 2110 335 2151 pertinentium.

123 2153 326 2185 Enuntiare.
354 2153 534 2193 divulgare.
565 2155 622 2185 Or.
647 2155 668 2184 i.
691 2157 746 2188 47.
776 2159 809 2184 et

78 2196 138 2228 illa
159 2197 291 2228 dicendi
316 2198 472 2238 mysteria
486 2199 644 2228 enunciet.
675 2200 695 2219 Ἰ
708 2197 810 2228 diale-

77 2241 175 2271 cticis
197 2243 375 2272 enunciare
399 2241 485 2271 idem
509 2247 573 2279 est,
589 2241 678 2281 quod
698 2251 810 2271 receu-

78 2285 219 2316 fioribus
234 2285 426 2325 praedicare.
451 2285 552 2315 Acad.
569 2285 611 2314 iv.
627 2286 679 2319 29.
707 2284 810 2316 Nem·

79 2337 122 2369 pe
144 2327 404 2359 fundamentum
428 2328 610 2359 dialecticae
633 2334 697 2365 est,
719 2329 811 2368 quie-

80 2371 162 2411 quid
191 2373 402 2409 mundatur,
428 2377 488 2402 aut
516 2382 629 2402 verum
656 2381 726 2401 esse
753 2378 812 2401 aut

80 2414 226 2455 falsum3
251 2425 454 2455 quamquam
470 2416 572 2445 etiam
588 2415 628 2445 de
646 2418 717 2445 tota
739 2425 813 2454 pro-

81 2459 249 2499 positione
265 2459 410 2499 intelligi
428 2464 547 2499 potest.
580 2459 650 2489 Fat.
665 2463 695 2493 9.
726 2458 812 2497 quod

82 2502 132 2532 ita
159 2503 376 2533 enunciaeur:
409 2502 592 2533 Descendit
623 2503 656 2533 in
688 2501 812 2532 Acade-

85 2546 189 2576 miam
206 2545 405 2576 Carneades.

127 2588 336 2620 Enunciatio.
367 2590 408 2620 ad
432 2589 561 2620 Att.1v.
583 2592 630 2619 15.
660 2589 813 2619 enuncia-

84 2633 128 2662 81’0
142 2632 307 2664 Memmii.
324 2643 369 2663 sc.
382 2634 438 2673 qui
455 2633 612 2674 patefecit
630 2633 663 2663 in
679 2637 812 2668 senatu,

84 2675 165 2716 quid
180 2675 309 2708 factum
325 2683 411 2708 esset
427 2676 517 2707 mali.

129 2718 195 2756 Eo,
224 2729 285 2759 pro
315 2721 400 2751 ideo.
440 2721 536 2751 Rosc.
559 2718 598 2748 A.
621 2721 674 2749 31.
703 2718 759 2748 ubi
784 2727 813 2748 v.

84 2761 191 2792 Graev.
209 2762 251 2792 ad
266 2762 342 2794 Div.
359 2764 427 2794 xiii.
444 2765 495 2799 69,
527 2764 589 2792 xvi.
611 2765 638 2792 1.
655 2762 714 2792 διο.
739 2760 814 2791 add.

86 2804 205 2838 Burin.
221 2804 265 2835 ad
277 2806 405 2838 Lucan.
423 2808 478 2837 vii.
495 2808 569 2838 406.

128 2848 336 2888 Ephemeris,
382 2850 642 2881 commentarius
690 2857 814 2884 rerum,

85 2901 167 2931 quas
196 2893 346 2932 quotidie
375 2893 531 2932 facimus,
554 2891 712 2924 Journal:
747 2891 814 2922 sive

1494 106 1576 150 291

850 198 953 228 ctiam
979 197 1228 238 Kalendarium,
1245 201 1278 232 in
1303 210 1368 240 quo
1390 211 1434 233 sc.
1450 204 1571 235 scribe.

847 240 941 276 baut,
958 251 1032 280 quie
1055 243 1208 279 quotidie.
1223 244 1381 281 saevi-ent,
1402 248 1569 278 memor-im

848 294 958 317 «ausa.
986 285 1103 324 Quint.
1124 289 1171 315 la.
1201 287 1232 316 in
1258 288 1448 318 nio-moriani
1475 291 1570 323 rediit

847 328 1021 366 QuintiuS,
1034 338 1098 366 quo
1113 328 1164 357 ilie
1180 329 1282 359 Roma
1296 331 1327 360 in
1340 332 1480 361 (milium
1494 342 1568 372 pro-

844 371 950 400 fectus
983 371 1036 401 sit.
1067 372 1350 411 mleplunwrulem
1376 376 1567 406 revertitur:

843 414 1015 444 invenitur
1046 415 1114 444 (lies
1146 416 1356 454 profectionis
1386 418 1467 456 prid.
1501 418 1569 450 Ka.-

843 457 931 488 lond.
949 457 1038 488 l’ebr.
1062 458 1122 497 Ap.
1141 458 1224 488 Plin.
1243 459 1285 488 ll.
1304 459 1344 489 N.
1362 462 1444 490 xxix.
1468 465 1492 490 l.
1516 467 1568 493 est

841 503 1016 541 epla-meris
1031 501 1282 539 mutin-manvu,
1300 502 1333 531 in
1357 513 1421 541 qun
1444 505 1568 536 seilicet

842 545 987 574 siderum
1012 551 1122 576 motus
1147 546 1180 575 in
1204 545 1271 575 dies
1295 546 1440 584 singulos
1463 548 1570 577 eonsi-

843 594 962 626 gnanus
979 594 1040 618 est.

888 632 1058 671 Epic-opus.
1089 631 1158 662 Att.
1174 632 1238 662 xiv.
1259 633 1307 662 10.
1334 631 1488 672 phaselus
1503 635 1569 672 epi·

842 686 954 714 copus.-
979 675 1010 705 h.
1034 686 1062 705 e.
1086 677 1142 714 qui
1167 676 1265 705 remis
1288 677 1408 715 :ig-itur.
1455 675 1567 708 Remis

843 726 955 748 autem
986 723 1132 756 agimtur
1163 718 1322 748 militares
1350 729 1462 756 naves,
1489 719 1568 750 velis

843 762 1015 799 omnuim,
1033 762 1119 791 unde
1135 761 1271 792 ἰτῖιωτι
1285 763 1383 792 πλοῖα
1406 768 1484 792 sunt
1509 763 1572 793 mi-

844 805 966 835 litares.
996 816 1024 834 v.
1041 805 1196 835 Sciit-tier.
1212 806 1251 835 de
1269 806 1306 835 R.
1324 806 1366 835 N.
1385 806 1418 836 ii.
1434 808 1465 836 ⁶2.
1494 807 1569 837 init.

842 848 959 879 Bosius
979 848 1019 878 ad
1042 850 1111 879 Ati.
1130 859 1156 878 v.
1180 852 1227 878 11.
1260 849 1314 878 ubi
1340 849 1374 878 iu
1396 849 1571 880 Graes-iana

843 902 860 921 e
885 893 1076 922 vintoriana
1099 891 1255 930 irin-amr,
1275 891 1332 922 sed
1355 891 1447 922 nullo
1469 901 1570 925 sensu

845 936 973 965 idoneo.

888 979 1023 1018 Epir-us,
1039 983 1109 1019 opt.
1127 987 1202 1017 gen.
1219 978 1251 1008 d.
1273 981 1298 1008 l.
1327 982 1432 1019 poene
1449 988 1569 1017 genus,

843 1023 931 1061 quod
953 1027 985 1052 et
1010 1022 1179 1052 heroicum
1206 1021 1339 1057 dicitur.
1367 1022 1472 1062 qualis
1501 1021 1571 1052 Ho-

845 1076 954 1095 merus
984 1070 1019 1095 et
1046 1065 1216 1103 Virgilius.
1261 1065 1347 1095 Nam
1374 1065 1435 1095 hoc
1465 1074 1570 1104 genus

844 1110 1000 1139 carminis
1016 1109 1083 1141 ’ἐπ-ος
1100 1109 1232 1138 dieitur.

889 1152 1068 1192 ΕμίμΙιοι-(ι.
1100 1152 1141 1181 ad
1168 1152 1243 1181 niv.
1271 1152 1333 1181 xvi.
1360 1153 1411 1182 2³3.
1448 1150 1570 1184 Balbus

845 1197 987 1235 seripsit,
1012 1206 1045 1225 se
1072 1200 1168 1226 tauta
1190 1196 1341 1234 epiphora
1364 1204 1571 1234 oppressum,

845 1243 884 1269 ut
910 1239 1000 1278 loqui
1027 1248 1092 1268 uon
1119 1242 1239 1278 posset.
1288 1238 1346 1267 Est
1373 1241 1484 1267 autem
1507 1238 1573 1277 epi-

840 1284 947 1322 phora
974 1282 1121 1319 morbus,
1137 1292 1213 1311 cum
1241 1281 1419 1311 destillatio
1446 1281 1485 1310 fit
1511 1280 1572 1311 liu·

847 1328 946 1356 moris
963 1327 996 1356 in
1013 1325 1138 1362 oculos,
1155 1325 1367 1354 lacrimarum
1383 1324 1503 1364 specie.

891 1370 1039 1409 Epistola
1056 1369 1277 1407 distinguitur
1299 1378 1318 1398 a
1334 1368 1447 1398 literis.
1478 1367 1517 1397 ad
1533 1366 1574 1406 Ω.

848 1413 898 1443 Fr.
917 1414 962 1442 iii.
985 1416 1009 1442 l.
1025 1416 1056 1443 3.
1085 1412 1126 1442 ad
1141 1416 1215 1441 tuas
1233 1412 1356 1448 literas,
1373 1420 1452 1450 quas
1468 1410 1574 1440 tribus

847 1458 981 1497 epistolis
1003 1456 1125 1495 accepi.
1149 1456 1171 1484 i.
1195 1464 1223 1484 e.
1247 1465 1298 1492 ea,
1315 1464 1387 1493 quae
1413 1453 1493 1484 milii
1517 1454 1578 1484 tri-

849 1501 909 1530 bus
926 1501 1060 1540 epislolis
1074 1499 1245 1537 scripsisti.

892 1544 1011 1583 Epulo.
1043 1543 1123 1572 Har.
1147 1542 1244 1580 Resp.
1275 1544 1321 1571 10.
1351 1541 1497 1579 epulones
1518 1539 1577 1569 ‹lo-

848 1587 894 1616 vis
911 1588 990 1627 opt.
1006 1586 1096 1616 Max.
1127 1586 1184 1614 Or.
1201 1585 1247 1614 iii.
1268 1587 1316 1617 19.
1342 1591 1381 1614 ut
1399 1583 1576 1613 Pontifices

849 1636 989 1668 veteres,
1007 1634 1141 1669 propter
1163 1627 1399 1657 sacrificiorum
1422 1625 1576 1656 multitu-

849 1674 962 1704 dinem
991 1678 1057 1704 tres
1087 1673 1172 1702 viros
1198 1672 1344 1710 epulones
1370 1679 1439 1700 esse
1466 1668 1578 1698 volue-

849 1723 942 1753 runt,
956 1726 1034 1746 cum
1049 1722 1159 1745 essent
1175 1715 1236 1754 ipsi
1255 1725 1274 1744 a
1288 1714 1412 1750 Numa,
1424 1719 1461 1742 ut
1474 1713 1577 1743 etiam

850 1761 932 1791 illud
948 1760 1101 1790 ludorum
1117 1758 1252 1798 epulare
1274 1757 1474 1787 sacrificium
1491 1755 1579 1785 face-

850 1810 937 1841 rent,
954 1803 1117 1833 instituti:
1150 1811 1190 1831 ex
1213 1810 1278 1840 quo
1301 1800 1386 1835 loco,
1410 1799 1497 1838 quod
1521 1808 1579 1837 ge-

850 1857 912 1878 nus
936 1845 1147 1878 sacerdotum
1175 1843 1313 1882 fuerint,
1337 1842 1480 1881 intelligi
1504 1845 1577 1882 pot-

849 1896 911 1922 est.

894 1935 1015 1974 Eques.
1037 1933 1130 1963 Verr.
1147 1931 1193 1961 iii.
1206 1933 1258 1962 24.
1281 1930 1399 1970 equites
1414 1927 1572 1966 illustres,

848 1983 929 2008 sunt
940 1975 1117 2018 splendidi,
1129 1985 1147 2005 e
1159 1974 1294 2009 divitiis,
1306 1971 1507 2010 antiquitate
1519 1980 1575 2010 ge-

851 2023 950 2058 neris,
968 2020 1075 2060 gratia
1091 2020 1150 2048 &cu
1181 2020 1396 2057 opponuntur
1409 2014 1500 2044 enim
1517 2014 1575 2043 ob-

849 2065 963 2095 scuris.
1008 2063 1071 2094 Alii
1095 2063 1213 2102 equites
1235 2060 1377 2090 illustres
1400 2061 1493 2094 sunt,
1516 2057 1575 2096 qui

849 2109 911 2139 sub
941 2107 1138 2141 Caesaribus,
1164 2115 1193 2134 v.
1219 2115 1247 2133 c.
1278 2102 1385 2132 Tacit.
1411 2100 1452 2132 A.
1472 2100 1517 2130 xi.
1541 2103 1575 2131 4.

850 2155 1172 2182 commemorantur:
1198 2148 1252 2176 ubi
1270 2156 1298 2176 v.
1314 2145 1476 2185 Lipsium.

894 2194 1069 2235 Equidem.
1092 2202 1168 2222 euni
1186 2189 1329 2220 secunda
1343 2195 1378 2218 et
1391 2187 1492 2217 tertia
1503 2195 1577 2225 per-

850 2249 944 2273 sona,
975 2238 1053 2267 item
1085 2236 1192 2275 prima
1228 2232 1358 2273 plurali.
1402 2232 1492 2260 Sext.
1523 2231 1576 2262 57.

851 2282 996 2325 equidem
1019 2279 1244 2310 audiebamus.
1281 2276 1387 2305 l’isou.
1411 2276 1463 2304 3-1.
1491 2281 1575 2309 ,cuin

852 2323 1117 2366 equidem—fuit.
1155 2321 1207 2350 Sic
1222 2323 1274 2349 est
1289 2319 1389 2348 etiam
1405 2315 1493 2357 apud
1508 2314 1578 2344 Sal-

854 2370 932 2401 lust.
949 2367 1047 2398 Catil.
1065 2368 1116 2397 52².
1135 2365 1184 2394 lC.
1230 2363 1313 2392 (jum
1335 2361 1443 2401 prima
1464 2363 1579 2389 autem

855 2422 995 2454 persona
1011 2419 1117 2440 aurete
1135 2407 1227 2438 aetati
1240 2404 1508 2439 usitatissimum,
1522 2411 1579 2431 ne·-

856 2467 918 2496 que
934 2455 1005 2485 ha‘o
1021 2451 1173 2491 exempla
1189 2449 1284 2479 facile
1301 2446 1473 2478 imitanda.
1514 2445 1581 2475 To·

855 2506 892 2530 ta
915 2508 964 2529 res
988 2508 1026 2528 eo
1043 2496 1140 2531 redit,
1156 2500 1269 2523 utrum
1286 2492 1430 2531 equidem
1445 2490 1500 2526 sit,
1517 2497 1580 2526 ego

856 2542 1003 2582 quidem,
1027 2550 1068 2569 au
1092 2537 1225 2577 quidem
1248 2535 1456 2574 simpliciter,
1479 2536 1518 2562 ut
1541 2531 1579 2561 fit

856 2597 895 2616 ex
913 2597 930 2615 e
946 2590 980 2613 et
1004 2583 1150 2622 quiden),
1167 2584 1206 2610 ut
1223 2578 1330 2620 plat-et
1348 2576 1518 2618 Drakenb.
1543 2573 1584 2604 ad

856 2630 926 2660 Liv.
952 2638 980 2657 v.
1004 2629 1055 2657 54.
1086 2632 1119 2654 et
1143 2624 1257 2653 Burin.
1279 2621 1320 2652 ad
1345 2620 1435 2659 virg.
1454 2619 1530 2649 AEu.
1549 2618 1583 2647 ii.

856 2676 908 2706 77.
939 2669 1003 2701 Sed
1034 2668 1141 2698 adime
1171 2665 1368 2705 subjudice
1397 2662 1437 2693 lis
1464 2665 1524 2691 est.
1553 2669 1583 2689 v.

857 2717 948 2745 Coi-t.
964 2713 1003 2743 ad
1020 2711 1152 2742 Sallust.
1170 2708 1268 2739 Catil.
1285 2710 1337 2740 51.
1354 2709 1402 2737 15.
1426 2706 1582 2735 Ceterum

857 2760 891 2788 in
917 2758 966 2788 liis
994 2756 1071 2796 ipsis
1099 2754 1192 2790 locis,
1218 2753 1251 2782 in
1275 2751 1393 2790 quibus
1417 2749 1513 2778 aliter
1534 2751 1584 2775 cst

857 2802 1016 2842 equidem,
1046 2807 1145 2837 quam
1177 2806 1254 2826 cum
1289 2795 1397 2834 prima
1433 2796 1584 2831 persona,

857 2845 971 2875 cautio
988 2840 1175 2874 adhibu·n‹la
1190 2845 1254 2877 est,
1270 2848 1310 2868 ne
1326 2835 1430 2875 decipi
1450 2844 1507 2864 nou·
1530 2842 1587 2872 pa-

857 2889 994 2919 tiamur.
1029 2887 1115 2917 Nam
1133 2884 1240 2924 primo
1256 2879 1398 2920 vulgaris
1415 2878 1586 2916 interpun-

909 2939 928 2960 υ
948 2932 967 2960 2
