1800 3131
131 106 214 145 284

131 202 332 242 conjunctus
371 207 435 240 est,
472 199 562 242 quod
598 201 681 232 mihi
719 206 867 243 quaestor

132 245 210 277 fuit.

175 290 342 327 Ebullz’re,
373 290 502 329 jactare
539 288 665 329 aliquid
700 299 865 321 sermone.

131 332 232 365 Tusc.
258 333 305 364 iii.
326 336 375 365 18.
399 333 427 363 si
444 333 584 363 virtutes
602 334 735 364 ebullire
751 334 866 375 yolent

132 381 168 408 et
184 377 377 417 sapientias,
393 376 476 407 nihil
494 375 584 407 aliud
600 377 725 407 dicent.
743 377 813 407 Fin.
831 386 862 407 v.

131 423 185 456 27.
218 421 340 452 dixerit
358 421 421 451 hoc
445 420 622 461 Epicurus,
640 430 774 461 semper
788 421 864 451 bea-

130 468 207 495 tum
231 474 303 495 esse
322 465 531 506 sapientem3
556 464 644 503 quod
660 463 794 504 quidem
812 474 864 495 so-

130 507 180 538 let
188 509 322 540 ebullire
338 518 592 547 nonnunquam.
618 508 773 539 Davisius
789 507 861 538 lau-

130 551 189 582 dat
205 552 353 583 Turneb.
370 552 450 583 Adv.
469 562 541 582 xxv.
563 555 611 582 14.

175 595 276 634 Ecce,
293 606 370 627 cum
387 595 597 635 simpliciter,
609 599 684 624 tum
701 594 861 634 adjuncto

129 639 205 678 tibi,
220 640 345 671 dicitur
367 640 408 670 de
431 650 465 670 re
488 638 668 678 improvisa
689 642 725 668 et
740 638 861 670 subita.

129 683 198 714 vid.
222 694 252 714 v.
275 694 305 715 c.
327 684 398 714 Att.
423 683 478 712 vii.
508 686 555 715 19.
580 682 649 712 xiii.
677 683 726 712 16.
757 692 809 713 xv.
832 685 863 714 4.

133 726 270 758 Cluent.
298 729 353 759 28.
384 727 476 757 Prov.
504 726 604 755 Cons.
626 729 676 757 18.
705 725 800 756 Verr.
833 737 865 758 v.

129 774 184 802 33.
210 771 268 802 Or.
284 771 318 800 ii.
331 772 384 801 22.
402 770 461 800 &e.
485 769 646 809 adjuncto
661 774 800 811 repente
812 776 864 802 est

128 814 225 846 Verr.
244 825 274 845 v.
287 817 340 845 34.
618 813 620 815 ’

172 858 326 890 Ecdiceis.
350 856 393 888 ad
408 856 485 888 Div.
502 857 571 888 xiii.
586 857 639 889 56.
656 856 771 888 Ecdicz
786 857 862 899 My-

126 901 213 933 lasii.
245 901 389 933 Ecdicus
414 900 504 932 idem
530 908 583 931 est
605 902 662 941 qui
687 901 862 942 SyndicuS,

128 945 162 977 h.
187 955 216 977 e.
241 945 298 984 qui
324 945 496 976 civitatem
521 944 683 983 defendit,
709 946 864 985 cognitor

128 989 287 1027 civitatis,
309 994 349 1019 ut
373 989 489 1019 Cicero
512 999 571 1029 pro
595 989 713 1020 Flacco
737 990 796 1028 ait,
818 990 861 1031 (v.

128 1034 165 1065 in
192 1031 373 1072 cognitor,)
400 1033 552 1073 inprimis
577 1037 691 1064 autem
716 1034 860 1065 civitatis

126 1077 288 1119 pecunias
312 1082 408 1107 curat
431 1084 466 1107 et
488 1078 711 1117 persequitur.
734 1077 861 1109 Glossae

128 1125 277 1151 veteres:
308 1118 431 1158 ἔκδικος,
456 1122 621 1160 cognitor.
658 1131 689 1152 v.
716 1121 859 1153 Gronov.

125 1164 168 1196 de
196 1165 279 1195 Sest.
295 1165 337 1194 iv.
353 1168 384 1196 3.
414 1175 447 1206 p.
469 1167 544 1200 277.
572 1175 673 1204 quem
694 1166 764 1205 jam
787 1165 859 1197 lau·

126 1209 220 1240 davit
246 1209 408 1239 Graevius.
441 1208 627 1239 Justiniani
651 1209 781 1240 Novell.
810 1213 859 1242 15.

126 1253 323 1284 inscribitur
352 1253 409 1283 Gr.
432 1252 503 1295 angi
519 1252 573 1283 τᾶἷν
588 1251 713 1284 inimum.
738 1254 778 1284 de
804 1254 860 1284 de-

126 1297 313 1328 fensoribus
326 1297 470 1327 civitatis
479 1296 596 1327 titulos
608 1307 626 1327 e
639 1297 720 1328 Cod.
732 1298 859 1329 Justin.

125 1344 161 1371 et
182 1340 348 1372 Theodos.
369 1340 510 1371 laudant
523 1341 594 1372 Viri
609 1341 699 1381 docti
715 1342 756 1372 ad
773 1342 858 1373 Plin.

126 1385 189 1426 Ep.
206 1396 237 1415 x.
256 1387 328 1415 111.

170 1429 385 1468 Eclogarius.
414 1427 487 1459 Att.
517 1429 582 1459 xvi.
615 1431 646 1460 2.
677 1434 729 1459 est
752 1439 857 1469 genus

125 1482 311 1509 servorum,
329 1482 394 1511 quo
410 1472 445 1502 in
462 1472 581 1503 studiis
597 1473 794 1512 utebantur,
809 1473 858 1504 di-

126 1517 175 1547 cti
198 1515 260 1547 ἀπὸ
290 1515 345 1546 τῶν
376 1515 518 1556 ἓκλογᾶῐν,
543 1516 576 1547 h.
599 1527 627 1546 e.
652 1527 671 1547 a
703 1517 782 1548 locis
807 1518 856 1548 in-

127 1560 293 1601 signibus,
306 1569 387 1599 quos
404 1569 421 1590 e
439 1560 529 1590 libris
546 1561 783 1601 excerpebant,
798 1566 857 1593 aut

127 1604 308 1635 notabant:
333 1604 415 1641 sive,
432 1609 472 1634 ut
485 1604 517 1634 J.
533 1603 584 1634 Fr.
602 1604 768 1635 Gronovio
786 1605 856 1645 pla-

127 1649 237 1686 cebat,
249 1648 304 1687 qui
319 1647 571 1687 distinguebant
585 1648 685 1679 libros
702 1653 738 1679 et
751 1649 856 1680 inter-

125 1692 337 1734 pungebant,
351 1695 385 1721 et
401 1692 538 1722 nomina
554 1692 854 1732 interloquentium

126 1736 163 1766 in
179 1735 318 1774 dialogis
334 1736 467 1765 rubrica
480 1737 572 1777 picta
582 1737 854 1776 interponebant,

124 1783 166 1811 ut
179 1790 218 1810 eo
233 1779 364 1810 facilius
380 1778 523 1820 intelligi
540 1780 614 1810 libri
630 1785 776 1821 possent.

138 1830 142 1831 ⁷
171 1823 322 1863 Ecqzme,
338 1833 397 1863 pro
413 1833 529 1863 ecqua.
559 1824 650 1855 Sext.
666 1828 719 1856 30.
750 1835 856 1865 ecquoe

125 1873 201 1898 vox.
230 1868 299 1898 Att.
317 1867 382 1897 viii.
403 1869 452 1899 12.
482 1878 588 1909 ecquoe
602 1878 755 1909 persona.

171 1911 331 1948 Eculeus,
347 1911 516 1950 machina,
529 1922 595 1951 qua
610 1913 644 1942 in
662 1913 857 1952 quaestioni-

123 1955 186 1986 bus
215 1955 412 1993 utebantur,
439 1955 480 1985 ad
509 1966 626 1987 verum
656 1960 856 1996 extorquen-

127 1999 226 2029 dum:
253 1999 293 2029 de
309 2009 375 2038 qua
390 2004 441 2029 est
457 1999 563 2040 Magii
580 2000 698 2030 doctus
713 2000 855 2031 libellus.

125 2043 259 2075 Nomen
279 2044 382 2073 traxit
397 2053 417 2073 a
431 2043 652 2075 similitudine
669 2045 756 2085 equi.
780 2044 854 2075 Mil.

125 2089 178 2118 22.
201 2087 314 2118 Deiot.
335 2090 362 2117 l.
379 2092 464 2117 extr.

171 2130 327 2169 Edicere,
344 2131 467 2162 dicitur
480 2131 677 2171 frequenter
693 2132 733 2163 de
750 2133 857 2173 magi-

124 2175 300 2213 stratibus,
318 2185 395 2205 cum
415 2174 543 2215 aliquid
559 2180 617 2206 aut
633 2176 756 2217 scripto
772 2177 856 2217 pub-

124 2218 188 2249 lice
206 2219 390 2259 proposito,
407 2227 465 2249 aut
481 2230 560 2250 voce
571 2220 694 2259 jubent
707 2227 765 2251 aut
779 2230 857 2251 con-

125 2263 289 2301 stituunt,
306 2264 545 2303 pronunciant,
561 2264 596 2294 in
613 2274 651 2294 eo
668 2274 803 2303 genere,
821 2265 856 2295 in

125 2316 193 2345 quo
216 2311 418 2346 potestatem
442 2307 580 2338 habent.
611 2308 652 2349 Ω.
671 2308 721 2338 Fr.
738 2309 759 2339 i.
780 2313 806 2339 l.
827 2318 856 2340 c.

125 2354 159 2384 9.
181 2355 357 2390 praetorem
374 2351 507 2390 edicere,
521 2361 562 2382 ne
580 2352 640 2383 fiat
655 2352 781 2392 aliquid
796 2352 855 2383 &c.

124 2393 197 2424 Att.
221 2395 276 2425 xii.
291 2398 321 2429 7.
351 2395 518 2426 Antonius
541 2397 642 2426 edixit
664 2396 724 2434 ita,
743 2400 781 2427 ut
802 2406 855 2427 me

125 2442 161 2467 et
175 2438 318 2468 Laeliuin
335 2439 514 2479 exciperet.
536 2440 612 2471 Vat.
632 2442 680 2471 14.
704 2441 857 2471 edineru-

125 2490 167 2511 ne
192 2486 414 2521 praetor,—ut
440 2483 569 2513 adesses
596 2484 649 2514 die
671 2485 854 2514 tricesimo.

125 2524 170 2555 ad
195 2526 270 2555 Div.
295 2527 338 2556 xi.
355 2527 386 2558 6.
413 2537 490 2557 cum
512 2527 592 2558 trib.
609 2527 655 2568 pl.
671 2529 853 2566 edixissent,

123 2568 256 2599 adesset
268 2573 403 2601 senatus
415 2581 443 2601 a.
457 2571 488 2602 d.
503 2572 572 2601 xiii.
586 2571 747 2603 Ka1.Jan.
759 2573 853 2602 Verr.

123 2613 146 2643 i.
161 2615 214 2644 54.
242 2614 362 2644 edicere
384 2614 484 2645 diem.
508 2615 588 2645 ibid.
612 2616 762 2646 nondum
779 2626 855 2656 pro-

123 2656 249 2696 scripta
272 2666 378 2696 neque
400 2659 504 2689 edicta
519 2659 583 2689 die.
607 2660 625 2678 *θ
637 2659 716 2690 hinc
732 2660 857 2690 dicitur

123 2710 184 2740 pro
208 2701 427 2739 constituere,
446 2705 481 2732 et
503 2702 635 2743 publice
658 2713 855 2744 proponere.

123 2743 219 2775 verr.
242 2744 288 2774 iii.
308 2748 337 2779 7.
369 2745 530 2776 Censores
555 2747 716 2778 dicuntur
730 2747 854 2787 legem,

122 2797 170 2819 sc.
185 2788 402 2827 vectigalium
418 2789 650 2828 locandorum,
662 2791 802 2822 edicere:
820 2791 853 2823 h.

123 2841 154 2862 e.
169 2831 301 2872 publice
324 2842 522 2873 proponere,
539 2840 577 2864 ut
601 2835 756 2874 cognosci
776 2845 855 2865 con-

123 2874 268 2905 ditiones
280 2875 456 2907 locationis
468 2878 607 2918 possint.
631 2878 726 2909 Offic.
739 2879 786 2909 iii.
802 2881 854 2910 20.

124 2918 252 2951 Marius
272 2929 292 2950 a
309 2920 472 2953 subselliis
493 2921 528 2952 in
551 2926 659 2953 rostra.
681 2926 784 2960 recta,
806 2922 855 2953 id-

655 112 802 143 INDEX
832 114 1129 144 LATlNl'rATls.

911 213 987 242 que,
1024 202 1113 242 quod
1150 203 1377 235 communiter
1414 206 1643 246 compositum

910 252 995 285 erat,
1013 247 1101 277 solus
1117 248 1229 279 edixit.
1255 248 1333 278 *est
1348 248 1450 278 etiam
1469 249 1638 281 interdum

910 300 969 330 pro
992 291 1135 332 simplici
1160 291 1283 329 dicere,
1308 293 1542 332 pronunciare,
1563 303 1639 334 pro-

910 334 1008 373 serre,
1034 344 1180 366 narrare.
1212 336 1269 366 Or.
1301 338 1353 370 39.
1385 334 1497 366 nullus
1523 336 1592 368 fere
1619 347 1640 369 a

907 378 1138 409 Demosthene
1162 380 1251 410 locus
1276 380 1347 409 sine
1371 379 1638 411 conformatione

907 423 1086 452 sententiae
1114 424 1262 454 edzcitur.
1293 422 1376 454 Lael.
1414 423 1461 453 16.
1492 423 1520 453 si
1546 425 1638 464 prius

907 465 1047 503 edicere,
1062 467 1143 506 quid
1166 468 1310 497 maxime
1337 467 1447 507 Scipio
1461 467 1506 497 sit
1520 466 1638 498 solitus

906 508 1160 549 reprehendere.
1187 511 1272 541 Phil.
1292 512 1312 541 i.
1332 514 1361 542 5.
1386 511 1463 541 misi
1478 520 1538 550 pro
1555 512 1638 542 ami-

906 552 987 582 citia
1012 553 1071 593 (sc.
1096 554 1136 583 ad
1163 554 1342 585 Consulem
1360 552 1560 593 Antonium)
1580 555 1637 594 qui

905 595 968 625 hoc
991 596 1137 627 ediceret.
1164 598 1228 628 Sed
1251 598 1384 628 mollius
1410 597 1560 638 profecto
1574 602 1637 636 est,

906 639 994 678 quod
1009 643 1084 680 post
1099 641 1274 672 Muretum
1299 648 1333 672 et
1357 642 1523 673 Fati-num
1540 641 1638 674 alios-
1654 660 1660 667 ι

906 693 970 722 que
986 694 1003 713 e
1021 683 1102 714 Cod.
1124 685 1233 715 Vatic.
1249 686 1399 726 reposuit
1414 685 1578 717 Graevius:
1604 686 1636 717 ei

906 727 1043 758 diceret.
1074 728 1155 768 Leg.
1171 729 1204 758 ii.
1226 731 1274 759 10.
1305 733 1343 759 ut
1366 739 1441 768 ego,
1457 731 1508 760 uti
1527 740 1636 770 rogas,

904 771 1028 811 possim
1053 773 1185 804 edicere.
1232 772 1309 802 Ain’
1328 773 1480 811 tandem,
1495 774 1634 805 Attice?

904 824 973 846 non
986 826 1019 846 es
1032 817 1198 847 edic-curus
1209 816 1318 846 aliter.
1331 816 1636 854 Turnebus,·Lam-

903 858 1015 897 binus,
1041 861 1196 891 Davisius
1223 870 1417 901 reposuere:
1445 860 1566 899 dicere,
1587 861 1635 891 di-

904 906 1042 943 cturus3
1067 904 1156 944 quod
1172 904 1275 935 etiam
1291 904 1446 944 placebat
1465 904 1578 943 Sigon.
1593 904 1636 936 ad

905 946 976 977 Liv.
990 947 1034 978 vi.
1047 950 1098 979 33.
1123 948 1165 979 ad
1177 948 1248 979 haec
1261 949 1377 979 verba:
1403 954 1451 985 et,
1461 948 1511 978 uti
1525 958 1635 988 rogas,

901 991 1019 1031 primae
1034 992 1143 1023 tribus
1158 992 1319 1023 dicerent.
1351 992 1437 1022 Mihi
1454 996 1567 1022 autem
1584 1001 1636 1022 se-

903 1042 961 1064 cus
986 1034 1129 1066 videtur.
1173 1036 1286 1074 Ratio,
1303 1046 1369 1076 qua
1388 1036 1543 1066 Davisius
1568 1036 1635 1066 uti-

901 1084 971 1117 tur,
995 1079 1084 1118 quod
1113 1080 1234 1110 edicere
1259 1089 1327 1111 non
1349 1081 1392 1110 sit
1413 1080 1633 1121 privatorum,

900 1122 959 1153 sed
981 1123 1256 1163 magistratuum,
1273 1123 1370 1154 nihili
1394 1127 1455 1154 est.
1493 1124 1636 1155 Edicere

900 1169 952 1197 est
974 1168 1210 1207 pronunciare,
1234 1167 1323 1207 quod
1346 1167 1387 1198 de
1410 1167 1574 1207 suffragiis
1598 1172 1634 1198 et

899 1212 1077 1241 sententiis
1101 1212 1258 1252 judicum
1290 1211 1423 1241 dicitur.
1454 1211 1520 1241 vid.
1551 1210 1635 1241 Gro-

903 1264 978 1284 nov.
1002 1259 1037 1285 et
1060 1255 1236 1287 Drakenb.
1259 1255 1302 1285 ad
1324 1255 1398 1286 Liv.
1414 1266 1490 1286 xxx.
1505 1258 1536 1287 5.
1559 1255 1635 1285 init.

903 1298 995 1329 Cort.
1019 1299 1098 1330 Sall.
1116 1299 1215 1330 Catil.
1233 1301 1286 1330 48.

944 1342 1110 1374 Ediscere.
1124 1352 1338 1383 cognoscere.
1360 1341 1438 1373 Div.
1451 1343 1472 1372 i.
1485 1345 1539 1378 47.
1563 1352 1634 1373 ma-

899 1384 977 1417 lunt
991 1387 1082 1418 enim
1098 1388 1272 1425 disserere,
1285 1386 1371 1417 nihil
1385 1396 1455 1417 esse
1471 1387 1507 1417 in
1523 1386 1637 1428 auspi-

899 1430 972 1468 ciis,
990 1440 1103 1470 quam,
1121 1431 1202 1471 quid
1217 1432 1275 1469 sit,
1290 1431 1438 1461 ediscere.

942 1474 1117 1506 Editieius.
1142 1475 1255 1506 Plane.
1281 1477 1330 1506 15.
1353 1474 1472 1505 editicii
1489 1473 1634 1513 judices.

899 1518 942 1548 cf,
966 1518 1101 1550 Muren.
1119 1521 1172 1551 23.
1195 1523 1289 1557 sunt,
1306 1519 1362 1558 qui
1379 1519 1420 1549 ab
1437 1522 1631 1549 accusatore

898 1562 1057 1602 eduntur,
1067 1573 1148 1602 non,
1159 1573 1179 1593 a
1189 1567 1332 1604 praetore
1342 1561 1514 1593 ducuntur
1523 1565 1611 1592 sorte
1623 1573 1631 1591 ι
1676 1560 1682 1567 ”

897 1607 984 1646 quod
999 1607 1034 1637 in
1051 1617 1118 1647 qua
1133 1617 1234 1637 causa
1254 1606 1382 1637 factum
1399 1607 1456 1644 sit,
1472 1615 1513 1637 ex
1529 1605 1563 1636 11.
1581 1615 1631 1636 cc.

898 1660 1089 1690 cognosces.
1105 1661 1135 1681 v.
1153 1651 1262 1681 edere.

941 1694 1065 1726 Editio.
1088 1695 1202 1725 Plane.
1227 1697 1277 1726 15.
1300 1694 1395 1725 editio
1409 1693 1577 1734 judicum.
1599 1703 1631 1724 v.

897 1737 1007 1769 edere.

941 1782 1064 1813 Editus
1072 1782 1178 1822 judex
1193 1782 1308 1813 Plane.
1327 1785 1378 1816 17.
1400 1781 1458 1812 ubi
1470 1780 1547 1812 libri
1559 1780 1632 1820 qui-

896 1825 973 1856 dam
991 1827 1156 1857 editicius.
1172 1826 1238 1857 vid.
1254 1826 1363 1856 edere.

940 1870 1062 1901 Edere.
1087 1870 1177 1901 Sext.
1195 1873 1248 1905 27.
1270 1869 1379 1900 scelus
1395 1869 1494 1900 edidit
1508 1869 1544 1898 in
1567 1877 1633 1898 me.

896 1913 977 1954 Leg.
994 1915 1015 1944 i.
1036 1917 1084 1945 13.
1109 1915 1223 1945 ruinas
1240 1914 1344 1952 edere,
1362 1923 1434 1954 pro,
1450 1912 1572 1949 facere,
1589 1915 1632 1942 ut

896 1959 1002 1989 ruinae
1021 1959 1116 1989 fiant.
1142 1959 1214 1989 Fiu.
1229 1968 1260 1989 v.
1281 1961 1308 1988 l.
1332 1958 1436 1987 vitam
1459 1956 1629 1988 ediderat:

896 2002 918 2032 i.
943 2012 972 2032 e.
998 2005 1149 2033 mortuus
1173 2006 1257 2032 erat.
1280 2002 1377 2033 Brut.
1403 2004 1433 2032 5.
1465 2009 1580 2039 quare,
1604 1999 1633 2030 si

895 2046 958 2076 tibi
983 2046 1197 2077 commodum
1221 2052 1285 2083 est,
1301 2045 1357 2076 ede
1378 2044 1448 2082 illa,
1469 2053 1544 2084 quae
1568 2053 1636 2074 coe-

896 2100 1005 2130 peras,
1022 2090 1129 2121 Bruto
1145 2095 1180 2120 et
1195 2090 1291 2120 mihi.
1319 2088 1338 2108 *²
1354 2089 1388 2119 in
1404 2089 1501 2119 rebus
1517 2087 1631 2118 foren-

896 2134 986 2164 sibus
1015 2134 1250 2175 multipliciter
1276 2134 1410 2164 dicitur.
1435 2132 1548 2163 Plane.
1579 2133 1632 2162 15.

895 2178 1004 2208 tribus
1026 2179 1130 2216 edere,
1147 2178 1271 2208 dicitur
1285 2179 1472 2213 accusator,
1488 2185 1567 2205 cum
1591 2185 1632 2205 ex

896 2221 976 2263 lege*
997 2222 1036 2252 de
1062 2222 1239 2261 sodalitiis,
1263 2231 1343 2261 quas
1368 2221 1476 2251 tribus
1503 2219 1632 2259 judices

896 2276 966 2296 esse
993 2265 1086 2304 velit,
1110 2266 1197 2307 apud
1225 2269 1403 2306 praetorem
1427 2264 1630 2304 profitetur:

897 2310 985 2340 unde
1007 2310 1139 2349 judices
1166 2309 1303 2340 editicii.
1327 2308 1443 2349 Quint.
1469 2309 1522 2339 21.
1539 2305 1632 2346 judi-

897 2354 985 2384 cium
1003 2353 1050 2392 id,
1064 2354 1153 2394 quod
1163 2354 1249 2391 edat,
1261 2354 1410 2393 accipere
1425 2365 1431 2382 :
1449 2352 1471 2382 i.
1484 2362 1513 2382 e.
1526 2349 1631 2390 quod-

897 2407 1028 2437 cunque
1067 2408 1173 2438 genus
1212 2395 1555 2432 actionis-intendat,
1594 2403 1630 2424 se
1683 2437 1685 2439 Ι

896 2445 1052 2481 paratum
1079 2452 1163 2480 esse,
1191 2441 1390 2472 descendere
1419 2449 1495 2470 cum
1527 2448 1566 2468 eo
1594 2438 1630 2468 in

895 2490 1081 2523 certamen,
1113 2485 1147 2516 id
1177 2485 1303 2516 dicitur
1331 2484 1423 2515 edere
1446 2482 1631 2521 judicium,

895 2530 974 2569 quia
997 2530 1087 2570 apud
1110 2534 1288 2570 praetorem
1308 2528 1524 2569 pronunciat,
1541 2524 1632 2565 quod

895 2583 1002 2612 genus
1017 2574 1158 2604 actionis
1174 2572 1361 2610 intendere,
1377 2577 1413 2601 et
1431 2570 1520 2610 quod
1538 2569 1631 2608 judi-

895 2618 985 2647 cium
1003 2618 1064 2648 sibi
1080 2617 1151 2648 dari
1168 2618 1248 2648 velit
1259 2617 1395 2658 petitor.
1418 2614 1497 2645 ibid.
1510 2615 1562 2644 ⁶20.
1573 2614 1630 2652 ju-

895 2661 1021 2691 dicium
1038 2662 1218 2701 acciperet,
1235 2661 1271 2691 in
1285 2670 1324 2690 ea
1339 2659 1411 2699 ipsa
1425 2658 1538 2695 verba,
1554 2665 1630 2696 quae

896 2705 1030 2735 Naevius
1054 2706 1176 2736 edebat.
1209 2704 1301 2735 Verr.
1317 2703 1363 2733 iii.
1381 2705 1434 2738 29.
1462 2708 1628 2742 quantum

894 2749 1040 2779 edidisset
1070 2749 1132 2779 sibi
1163 2748 1299 2779 deberit
1335 2747 1369 2777 h.
1401 2757 1431 2776 e.
1460 2745 1628 2786 professus

893 2798 993 2822 esset.
1038 2793 1092 2822 Sic
1120 2797 1226 2823 testes
1254 2791 1305 2822 edi
1332 2790 1492 2821 dicuntur
1516 2788 1631 2837 saepis-

894 2836 992 2872 sime,
1030 2846 1106 2866 cum
1139 2840 1314 2866 accusator
1343 2844 1460 2865 eorum
1491 2841 1630 2863 nomina

894 2880 1074 2920 profitetur
1110 2879 1200 2920 apud
1240 2883 1431 2920 praetorein.
1495 2875 1628 2906 Indices

896 2924 999 2955 etiam
1027 2923 1186 2955 dicuntur
1209 2923 1312 2955 edere.
1335 2922 1378 2954 ad
1398 2921 1440 2961 Ω.
1465 2920 1517 2952 Fr.
1540 2918 1576 2950 ii.
1598 2920 1635 2950 3.-
