1800 3131
146 171 226 208 226

147 269 305 307 leg-iorum
329 269 464 299 mentio.
497 269 561 300 Sed
577 270 696 301 deinde
714 274 814 302 etiam
831 271 871 302 de

151 312 394 342 honestioribus
406 313 539 351 dicitur,
550 317 588 344 ut
603 313 779 354 Collegium
788 316 874 345 Con-

151 354 277 392 sulum,
302 355 484 386 Praetorum
508 357 567 388 διο.
600 358 692 397 Frag.
723 360 821 390 Corn.
849 359 872 388 i.

150 398 216 428 Tot
238 403 317 428 sunt
340 399 497 438 Cornelii,
512 405 551 431 ut
567 402 638 441 jam
664 403 765 433 etiam
785 403 876 432 eolle-

150 443 245 481 gium
269 443 488 473 constitutum
503 444 557 474 sit.
582 445 622 474 ad
638 446 713 475 Div.
735 447 804 476 viii.
825 447 873 476 1⁶2.

153 486 325 524 collegium
339 488 492 524 tentavit,
509 487 530 516 i.
548 498 577 518 e.
593 490 761 527 collegam.

202 529 372 568 Colligare.
404 530 487 560 Phil.
510 533 552 561 xi.
574 535 623 562 11.
654 533 877 570 colligavimus

152 571 297 602 Brutum
313 573 348 602 in
364 573 502 604 Graecia.
526 575 545 593 ¹*
556 575 613 606 Or.
630 577 682 605 34.
710 585 778 605 uno
794 575 877 604 libro

153 617 328 654 colligavit.
345 616 453 647 *Nan
471 617 513 647 D.
531 619 593 648 i.4.
609 627 724 648 omnes
742 619 828 647 inter
843 628 876 647 se

157 663 242 699 aptae
258 661 479 700 colligatoeqm:
493 662 656 691 videntur.

203 703 382 741 colligatio,
407 705 607 743 conjunctio.
632 705 696 734 Off.
714 705 735 734 i.
753 707 802 737 17.
827 713 878 733 ar-

155 746 237 776 ctior
259 748 419 785 colligatio
434 751 484 777 est
498 748 663 777 societatis
679 748 878 788 propinquo-

157 799 243 819 rum.
267 789 373 820 *Diu
395 791 416 819 i.
437 791 487 820 56.
513 792 673 830 colligalio
690 800 877 821 causarum.

157 832 226 862 Fat.
256 836 303 863 14.
335 834 448 862 omnia
465 835 607 864 naturali
623 835 824 873 comgcmmoe
839 835 877 864 fi-

156 880 228 906 unt.
247 876 327 906 Haec
338 877 500 915 colligatio
515 882 565 908 est
583 888 686 908 nexus
703 887 877 908 causarum

155 919 371 949 efficientium
394 924 429 950 et
450 920 643 959 effectuum,
659 931 759 961 quem
782 921 878 951 hodie

157 962 284 992 dicunt.

203 1005 369 1043 (hlligere,
383 1016 584 1047 comparare.
601 1009 665 1049 Qu.
683 1008 734 1038 Fr.
749 1009 769 1038 i.
786 1010 813 1038 1.
830 1010 878 1038 14.

154 1049 306 1079 omnium
320 1049 452 1080 laudem
465 1052 611 1090 undique
626 1053 783 1091 colligere.
800 1051 877 1082 ibid.

155 1092 189 1122 ii.
212 1092 259 1122 16.
287 1095 434 1132 colligere
449 1095 589 1134 gratiam
605 1096 879 1135 dignitatemque.

156 1135 198 1165 ad
229 1136 304 1166 Div.
335 1137 368 1166 ii.
396 1138 444 1168 16.
476 1140 639 1170 collectam
667 1140 806 1179 gratiam
833 1139 879 1168 ef-

156 1179 306 1210 fundere.
330 1180 349 1198 *¹
365 1180 433 1210 Att.
459 1183 525 1212 viii.
549 1187 579 1216 9.
604 1186 731 1221 metuo,
749 1193 790 1212 ne
809 1192 880 1212 om-

157 1223 208 1252 nis
232 1222 302 1253 hoee
325 1224 504 1255 clementia
522 1226 563 1256 ad
578 1236 680 1257 unam
699 1227 789 1257 illam
805 1236 879 1256 cru-

156 1266 327 1296 delitatem
354 1270 538 1307 colligatur.
567 1269 586 1288 ²*
602 1270 643 1300 ad
671 1271 747 1301 Div.
771 1280 801 1300 v.
830 1273 878 1300 13.

155 1311 304 1349 colligere
327 1321 360 1340 se
379 1311 549 1350 dicuntur,
565 1315 622 1353 qui
638 1324 657 1343 a
671 1323 794 1353 magna
810 1313 880 1343 ani-

156 1354 203 1383 mi
219 1354 466 1393 perturbatione
483 1357 524 1386 ad
537 1358 814 1396 tranquillitatem
831 1367 879 1386 rc-

155 1396 270 1427 deunt.
294 1399 394 1428 Dom.
419 1402 471 1430 33.
500 1400 520 1418 ²*
536 1401 576 1429 ad
593 1401 668 1431 Div.
683 1402 725 1432 iv.
742 1405 772 1431 3.
802 1411 878 1430 cum

154 1442 402 1471 accuratissime
435 1444 594 1473 monuisti
623 1448 790 1480 senatum,
819 1446 880 1474 col—

155 1485 243 1514 lectis
271 1486 425 1516 omnibus
455 1486 549 1516 bellis
588 1488 748 1519 civilibus.
788 1488 820 1518 h.
849 1498 879 1517 e.

155 1530 421 1559 commemoratis
437 1539 477 1559 ex
491 1531 618 1561 ordine.
644 1531 713 1562 Inv.
734 1533 755 1561 i.
777 1534 803 1561 1.
819 1533 880 1561 col—

155 1572 220 1609 ligo
243 1572 354 1601 animo
377 1576 501 1603 veteres
524 1575 695 1604 civitatum
721 1576 880 1605 maximo.-

156 1624 229 1643 rum
249 1615 472 1646 calamitates:
499 1617 519 1647 i.
536 1627 566 1647 e.
583 1628 698 1648 revoco
713 1629 828 1649 omnes
845 1620 878 1648 in

155 1658 318 1688 animum.

205 1701 385 1733 Collimare.
416 1703 487 1733 Fin.
507 1704 552 1734 iii.
568 1705 598 1735 6.
629 1705 661 1734 Si
679 1705 732 1735 cni
749 1705 793 1735 sit
808 1715 880 1744 pro-

154 1745 298 1784 positum
326 1747 492 1777 collimare
524 1747 651 1778 hastam
684 1749 794 1787 aliquo
823 1752 880 1778 nat

153 1789 321 1827 sagittam.
354 1790 388 1819 iu
414 1800 478 1829 quo
501 1795 563 1828 est,
589 1792 714 1821 hasnam
739 1793 879 1830 dii-'gere

155 1831 278 1871 aliquo,
296 1833 352 1862 sed
373 1837 424 1863 est
439 1835 539 1864 etiam
556 1835 611 1865 ubi
628 1836 795 1875 significat
810 1845 879 1865 sco-

153 1885 236 1914 pum
260 1877 423 1916 attingere
447 1881 481 1907 et
496 1877 603 1909 ferire.
630 1883 667 1909 ut
687 1879 759 1909 Div.
776 1880 807 1909 ii¹
827 1883 878 1913 59.

154 1919 227 1957 quis
241 1923 291 1949 est
301 1921 404 1956 enim,
417 1920 472 1960 (Tui
488 1925 597 1951 ‘totum
615 1922 878 1961 dicmjaculans,

155 1971 222 1991 non
240 1963 414 2002 aliquando
429 1966 577 1995 collimet.

204 2006 371 2037 Collocare.
403 2008 444 2038 ad
476 2009 552 2039 Div.
583 2009 617 2039 ii.
646 2011 694 2039 13.
729 2010 880 2039 collocare

152 2058 225 2078 rem
249 2050 440 2089 militarem,
457 2056 507 2081 est
527 2053 642 2082 omnia
664 2053 879 2090 constituere,

155 2101 324 2132 apparare,
341 2104 415 2133 quae
439 2095 480 2125 ad
502 2096 549 2126 rei
574 2096 722 2126 militaris
741 2097 881 2126 necessi-

153 2139 258 2165 tatem
271 2137 516 2178 utilitatemque
528 2140 708 2179 pertinent.
720 2140 882 2170 Similiter

156 2179 212 2209 Or.
239 2180 283 2209 iii.
301 2184 331 2211 8.
362 2184 515 2212 collocare
539 2183 670 2222 nuptias
688 2194 707 2213 a
721 2188 819 2223 pocta
832 2184 880 2213 di-

156 2223 243 2252 eitur
265 2233 323 2262 pro
347 2226 554 2263 contrahere,
571 2236 616 2256 sc.
631 2236 691 2265 per
705 2227 879 2265 sponsalia.

156 2275 185 2295 v.
219 2267 332 2305 Cujac.
362 2269 440 2298 Obs.
470 2271 514 2299 xi.
544 2273 591 2300 15.
632 2271 817 2301 *collocare
846 2281 878 2300 se

109 2350 113 2353 Ἢ
156 2309 276 2339 alicubi
289 2311 461 2349 dicuutur,
474 2314 528 2352 qui
542 2314 745 2344 domicilium
759 2314 879 2344 alicubi

157 2354 368 2384 constituunt
379 2356 439 2385 sibi
453 2356 730 2396 fortunarumque
743 2367 878 2387 suarum

155 2395 280 2427 sedem.
311 2397 382 2428 Fin.
412 2409 441 2429 ν.
467 2402 496 2430 ΞΖ.
530 2401 569 2431 de
597 2401 729 2431 Attico:
766 2401 817 2431 lta
844 2411 878 2431 se

151 2438 297 2470 Athenis
320 2444 493 2481 collocavit,
509 2448 549 2473 ut
571 2445 613 2474 sit
637 2455 722 2484 pene
737 2455 823 2475 unus
839 2455 880 2474 ex

156 2482 288 2513 Atticis.
322 2485 404 2515 Phil.
428 2487 462 2516 ii.
479 2490 532 2521 39.
563 2489 724 2518 collocatos
746 2489 778 2518 in
801 2498 880 2527 agro

158 2525 330 2574 Campano
347 2529 477 2560 mimos.
502 2531 521 2549 '²‘
534 2533 687 2562 collocare
701 2532 878 2571 pecuniam

156 2568 328 2609 dmuntur,
342 2573 397 2610 qui
412 2582 506 2612 agros
522 2579 580 2604 aut
597 2575 734 2605 metalla
747 2581 879 2613 eluunt,

157 2617 215 2642 aut
248 2613 363 2645 foenori
387 2616 480 2647 dant.
512 2618 576 2648 vid.
600 2629 628 2648 v.
653 2629 682 2648 c.
707 2619 824 2649 Manil.
848 2623 878 2652 7.

157 2654 222 2685 Off.
247 2656 279 2687 ii.
300 2660 348 2689 1‘2.
375 2659 495 2690 Caecin.
520 2664 550 2692 4.
574 2663 692 2699 nostri,
708 2663 777 2692 sein
798 2662 881 2692 Geld

141 2698 312 2738 ranlegen.
347 2702 443 2732 Unde
467 2703 640 2744 eleganter
654 2706 770 2736 Cicero
793 2716 880 2746 saepe

158 2741 220 2771 hac
251 2743 381 2774 dicendi
405 2746 513 2777 forma
535 2749 656 2786 utitur,
680 2749 881 2779 beneficium

157 2787 318 2817 collocare.
350 2789 431 2819 Phil.
462 2791 508 2820 iii.
536 2794 565 2823 2.
595 2794 750 2823 collocare
778 2794 881 2833 patri-

159 2830 311 2860 monium
332 2831 365 2861 in
382 2833 489 2864 salute
505 2835 646 2875 reipubl.
669 2837 690 2866 i.
708 2846 737 2865 e.
752 2837 881 2877 impen-

158 2872 236 2901 dere
260 2875 292 2902 in
317 2874 460 2906 salutem
484 2878 622 2917 reipubl.
647 2889 720 2919 quae
739 2881 883 2920 pecunia

159 2925 225 2945 non
253 2918 350 2956 perit.
379 2919 467 2949 Hinc
498 2921 636 2951 ductum
670 2924 770 2953 etiam
801 2923 882 2954 iilud

157 2958 248 2990 verr.
281 2971 308 2991 v.
344 2965 391 2992 14.
427 2964 566 2995 aedilitas
599 2971 688 2997 recte
718 2969 879 2999 collocuta.

664 184 809 212 INDEX
839 183 1134 213 LATINITATIS.

915 273 1005 313 *pro
1031 283 1083 311 eo,
1111 273 1199 313 apud
1226 281 1285 303 nos
1311 271 1465 310 dicimus,
1487 273 1643 312 einquar-

915 318 1034 347 tieren.
1069 317 1160 346 unde
1188 317 1286 346 variae
1314 316 1430 346 formae
1459 316 1639 346 ducuntur.

915 360 1008 390 Verr.
1023 361 1044 390 i.
1062 361 1113 391 24.
1145 361 1282 390 comites
1299 360 1370 398 ejus
1386 359 1469 389 item
1484 360 1573 399 apud.
1586 369 1640 388 cc-

916 408 1004 434 teros
1035 403 1181 444 hospites
1203 405 1410 433 collocantur.
1432 403 1532 433 Tusc.
1555 413 1585 432 v.
1614 405 1640 432 1.

916 451 1004 476 totos
1018 456 1052 476 se
1065 447 1100 476 in
1111 448 1238 487 optimo
1251 448 1324 477 vitae
1336 451 1428 476 statu
1441 447 1641 476 collocarent.

919 489 1000 519 cml.
1014 492 1066 521 20.
1090 499 1123 520 se
1136 491 1169 520 in
1182 491 1373 520 meretricia
1386 491 1453 519 vita
1465 489 1641 520 collocavit.

917 532 982 562 Off.
1007 533 1028 562 i.
1043 535 1096 563 44.
1127 535 1278 564 collocare
1300 544 1335 564 sc
1352 539 1463 563 totum
1478 534 1514 563 in
1527 532 1642 572 cogni—

918 577 1009 605 tione
1026 581 1058 605 ot
1074 577 1224 607 scientia.

967 619 1223 659 collocupletare.
1262 620 1341 650 Her.
1367 620 1400 650 ii.
1427 623 1475 650 la.
1514 618 1572 649 sed
1597 618 1642 648 ihi

919 664 1048 692 variant
1078 663 1149 693 libri
1174 663 1309 702 quidam
1331 673 1394 694 scr.
1424 667 1459 693 et
1482 662 1555 693 edd.
1579 661 1644 692 Sed

920 710 971 735 est
986 708 1088 735 etiam
1105 717 1133 736 c.
1151 708 1204 740 99.

968 749 1125 788 Collybus.
1148 749 1216 780 Att.
1228 750 1283 779 xii.
1295 750 1325 780 6.
1340 751 1376 779 in
1391 751 1507 789 collybo
1521 752 1572 779 est
1587 748 1644 778 de-

919 793 1072 823 trimenti
1084 793 1173 822 satis.
1189 793 1283 823 Verr.
1297 793 1342 822 iii.
1355 796 1407 827 78.
1426 793 1644 823 deductiones

921 837 992 867 ficri
1014 836 1166 866 solebant
1187 836 1332 876 primum
1357 846 1415 876 pro
1437 836 1644 876 spectatione

921 883 954 910 et
969 881 1098 919 collybo,
1117 880 1164 921 (h.
1174 890 1203 910 e.
1217 880 1464 919 permutatione
1479 879 1643 919 pecuniae,

921 923 1161 962 l’ag·io)-nam
1187 924 1326 963 collybus
1350 932 1420 952 esse
1444 923 1499 961 qui
1521 927 1657 962 potest?

922 976 998 997 cum
1013 977 1128 997 omnes
1145 971 1284 998 utantur
1305 966 1421 996 eodem
1444 975 1565 1005 genere
1582 975 1645 996 uu-

912 1020 1063 1055 'morunt

970 1053 1066 1084 Color.
1097 1057 1298 1084 ornamenta
1317 1053 1487 1083 orationis.
1510 1053 1576 1093 Qu.
1592 1053 1645 1084 Fr.

921 1097 955 1127 ii.
984 1100 1031 1128 15.
1061 1098 1198 1137 pingam
1220 1098 1372 1127 coloribus
1394 1097 1473 1134 tuis,
1488 1096 1647 1136 penicillo

923 1150 1008 1170 meo.
1039 1141 1131 1171 Orat.
1153 1141 1202 1170 iii.
1224 1143 1278 1171 525.
1307 1144 1445 1171 ornatur
1467 1141 1573 1171 oratio
1588 1150 1644 1180 ge·

923 1194 1000 1214 nere
1030 1184 1177 1224 primum
1205 1188 1240 1213 et
1263 1185 1357 1222 quasi
1378 1185 1479 1214 colore
1500 1183 1644 1223 quodam

922 1231 956 1257 et
969 1238 1068 1257 succo
1078 1237 1148 1257 suo.
1168 1227 1221 1257 Sic
1233 1227 1310 1257 ibid.
1324 1229 1374 1258 552.
1393 1229 1475 1258 color
1487 1227 1644 1258 orationis

921 1272 998 1301 oriri
1011 1271 1133 1301 dicitur
1144 1281 1161 1300 e
1172 1271 1278 1301 tribus
1291 1271 1480 1309 generibus,
1496 1270 1644 1307 sublimi,

922 1315 1030 1345 medio
1057 1322 1092 1344 et
1116 1315 1223 1344 tenui.
1257 1314 1276 1331 *²
1291 1314 1385 1344 Brut.
1410 1317 1464 1345 44.
1497 1314 1644 1345 veritatis

921 1361 1013 1389 color.
1030 1358 1107 1388 ibid.
1124 1359 1177 1389 46.
1194 1358 1393 1388 urbanitatis
1408 1359 1503 1388 color.

971 1403 1143 1432 (Moe-atus.
1174 1401 1229 1431 ΒΓ.
1252 1401 1305 1432 46.
1330 1401 1437 1431 oratio
1454 1401 1644 1432 urbanitate

921 1447 1073 1476 colorum.

971 1489 1135 1519 Columna.
1167 1489 1257 1518 Sext.
1290 1491 1319 1519 8.
1350 1487 1572 1519 adhaerescere
1603 1487 1646 1518 ad

921 1534 1115 1563 colamnam.
1142 1533 1297 1563 (veronna
1310 1532 1424 1562 Menia
1435 1532 1469 1561 in
1484 1531 1555 1561 foro
1565 1531 1645 1568 fuit,

922 1576 963 1606 ad
986 1587 1085 1615 quam
1108 1576 1272 1606 triumviri
1289 1575 1446 1615 capitales
1462 1575 1502 1605 de
1518 1575 1646 1606 furibus

921 1627 955 1649 et
978 1621 1077 1650 servis
1093 1619 1257 1659 supplicia
1272 1619 1462 1655 sumebant,
1479 1619 1530 1648 uti
1545 1618 1647 1649 Asco-

923 1664 996 1693 nius
1008 1663 1122 1700 tradit,
1136 1663 1176 1693 ad
1188 1663 1299 1692 Divin.
1311 1663 1347 1692 in
1361 1661 1471 1692 Caecil.
1485 1662 1536 1692 16.
1547 1661 1646 1699 adde,

921 1713 956 1737 et
979 1707 1018 1737 de
1043 1706 1259 1742 debitoribus,
1283 1706 1340 1744 qui
1363 1705 1554 1735 satisfacere
1577 1714 1645 1735 non

921 1756 1069 1790 possent,
1080 1750 1225 1789 quisunt
1233 1749 1361 1779 furibus
1371 1748 1543 1779 simillimi.
1557 1748 1646 1780 Nam

922 1794 954 1824 h.
969 1794 988 1823 l.
1005 1794 1137 1832 quidem
1154 1793 1193 1823 de
1210 1793 1356 1823 obaerato
1371 1802 1560 1822 sermonem
1575 1802 1646 1823 esse

922 1837 1051 1868 nullum
1077 1843 1128 1867 est
1150 1837 1300 1866 dubium.
1325 1836 1366 1866 ef.
1390 1836 1543 1875 inprimis
1566 1835 1646 1866 Clu-

921 1886 990 1910 ent.
1010 1884 1055 1912 13.
1079 1881 1137 1910 ubi
1155 1880 1193 1910 de
1208 1880 1249 1920 Q.
1263 1879 1405 1910 Manilio
1421 1878 1542 1909 [IIviro
1557 1879 1647 1919 capi-

920 1925 977 1954 tali
992 1935 998 1952 :
1024 1925 1073 1954 Ex
1090 1924 1256 1964 petulanti
1272 1929 1372 1962 atque
1389 1923 1539 1963 improbo
1554 1932 1646 1954 scur-

921 1978 970 2005 ra,
984 1969 1016 1997 in
1035 1967 1204 1998 discordiis
1220 1966 1428 2004 civitatis,ad
1440 1976 1513 1996 eam
1527 1968 1646 1997 colum-

921 2022 1013 2047 nam,
1031 2011 1073 2041 ad
1096 2021 1195 2050 quam
1221 2010 1402 2040 multorum
1420 2010 1575 2040 conviciis
1590 2010 1647 2040 de-

922 2056 1040 2085 ductus
1078 2054 1200 2091 fuerat,
1234 2064 1311 2084 cum
1336 2053 1502 2093 suffragiis
1532 2052 1646 2094 populi

922 2099 1083 2139 pervenit.
1100 2109 1129 2128 v.
1147 2099 1191 2128 ibi
1208 2098 1339 2128 Manet.
1355 2097 1589 2128 Adhaerescere
1604 2097 1646 2127 ad

922 2144 1104 2172 colamnam
1130 2143 1232 2181 igitur
1253 2147 1316 2178 est,
1339 2146 1477 2182 propter
1500 2150 1545 2171 aes
1567 2140 1648 2171 alie-

923 2196 1004 2216 num
1022 2186 1061 2216 ad
1077 2188 1259 2216 columnam
1274 2185 1423 2215 Meniam
1439 2183 1571 2221 deduci,
1585 2193 1648 2214 nec

922 2229 1047 2259 solvere
1070 2230 1216 2259 debitum
1237 2238 1348 2269 posse:
1373 2228 1532 2266 allegoria
1546 2227 1649 2258 dueta

923 2274 962 2302 ab
981 2273 1043 2309 bis,
1059 2274 1115 2312 qui
1131 2274 1165 2302 in
1181 2273 1337 2302 columnis
1351 2271 1525 2301 maritimis
1537 2270 1648 2301 adhae-

922 2323 1072 2354 rescunt,
1087 2316 1119 2346 h.
1142 2326 1172 2346 e.
1195 2316 1236 2346 ad
1257 2325 1312 2346 eas
1335 2315 1410 2345 illisi
1434 2313 1647 2353 naufragium

922 2360 1063 2390 faciunt.

971 2404 1225 2434 columnarium.
1256 2402 1324 2433 Att.
1342 2403 1410 2432 xiii.
1426 2403 1458 2433 6.
1480 2403 1647 2432 columna-

921 2449 1009 2478 rium
1023 2447 1107 2484 vide,
1121 2457 1161 2477 ne
1175 2445 1306 2477 nullum
1318 2445 1512 2476 debeamus:
1530 2454 1648 2484 quam-

923 2501 1022 2530 quam
1053 2491 1136 2520 mihi
1165 2490 1277 2520 videor
1306 2489 1436 2520 audisse
1459 2499 1480 2519 a
1504 2488 1649 2519 Camillo

923 2539 1166 2565 commutatam
1191 2543 1262 2563 esse
1291 2533 1412 2572 legem.
1443 2532 1505 2562 Est
1532 2535 1647 2562 autem

922 2578 1079 2617 vectigal,
1092 2577 1179 2617 quod
1189 2577 1328 2607 solvitur
1339 2586 1398 2616 pro
1409 2577 1564 2608 columnis
1579 2575 1648 2606 sin-

923 2622 1021 2659 gulis,
1036 2622 1242 2658 institutum,
1255 2623 1295 2650 ut
1307 2620 1450 2657 videtur,
1468 2619 1541 2658 lege
1556 2628 1647 2649 sum-

923 2666 1032 2695 tuaria
1055 2665 1206 2702 Caesaris,
1229 2663 1317 2703 quod
1340 2663 1433 2694 nimii
1456 2662 1649 2693 sumtus.in

922 2710 1077 2739 columnis
1099 2709 1227 2738 fierent.
1252 2707 1316 2738 vid.
1340 2707 1502 2737 Burman.
1529 2705 1570 2735 de
1594 2715 1649 2735 ve-

924 2753 1002 2791 ctig.
1026 2753 1065 2782 R.
1081 2762 1112 2791 p.
1130 2754 1204 2783 205.
1543 2778 1548 2781 ,

972 2796 1214 2831 colummanus,
1236 2794 1279 2824 ad
1295 2794 1424 2824 Dii-ers.
1441 2792 1508 2822 viii.
1524 2795 1557 2826 9.
1579 2791 1650 2822 No-

925 2839 956 2869 lo
982 2845 1016 2869 te
1046 2843 1164 2879 putare
1191 2838 1373 2868 Favonium
1399 2846 1419 2865 a
1440 2835 1651 2867 columnariis

924 2884 1131 2923 praeteritum
1147 2891 1229 2912 esse.
1245 2881 1401 2921 Optimus
1417 2879 1555 2920 quisque
1570 2887 1648 2909 eum

926 2936 990 2955 non
1015 2925 1104 2954 fecit.
1127 2925 1285 2962 Aimaret,
1299 2923 1401 2954 fuisse
1425 2923 1466 2953 de
1480 2922 1576 2962 plebe
1591 2921 1652 2951 bo-

925 2970 1045 3005 mines,
1062 2968 1185 2999 nuliius
1202 2969 1313 3008 pretii,
1324 2969 1412 3006 iique
1429 2971 1488 2997 aut
1503 2967 1652 3006 propter-
