1800 3131
151 63 239 107 8⁸4

157 163 259 194 verbo
278 171 297 193 e
321 159 444 192 tabulis
468 162 680 200 acceptorum
705 165 740 189 et
763 168 886 200 expen-

163 204 292 244 sorum)
311 205 378 235 sive
394 204 429 233 in
446 203 553 243 elogio
569 202 709 234 Sthenii.
741 203 886 234 Nomine

161 250 271 280 dicere
287 249 321 280 b.
337 247 359 278 l.
375 246 496 285 noluit,
513 246 601 287 quod
617 256 694 277 mox
710 246 799 277 idem
815 256 888 277 ver·

161 294 241 325 bum
260 291 417 323 occurrit.

207 335 426 367 Perillustm's.
450 333 523 365 Att.
551 343 580 364 v.
611 336 664 365 20.
695 332 739 363 ibi
766 332 888 362 morati

162 380 303 410 biduum
324 379 527 419 perillustres
541 377 689 407 fuimus:
713 375 747 406 h.
773 385 802 405 e.
819 385 890 405 ina-

165 433 266 463 gnam
279 421 412 452 laudem
424 431 459 452 re
467 421 551 451 bene
563 419 709 460 gerenda
719 418 890 449 consecuti

168 474 299 504 sumus,
313 474 383 496 rem
401 465 527 505 optime
544 464 717 503 gessimus.

208 509 390 546 Perimere,
402 508 518 539 tollere
532 518 538 537 ε
558 508 637 536 item
655 504 816 545 impedire
830 504 891 534 ali·

166 553 258 593 quid,
286 562 328 583 ne
350 552 422 582 fiat.
445 551 557 581 Plane.
589 551 641 580 42.
665 549 691 578 si
715 548 763 578 vis
780 546 892 586 aliqua

169 597 278 636 major
293 595 438 627 reditum
461 593 658 634 peremisset.
681 590 782 621 Tusc.
798 591 819 620 i.
836 593 888 624 37.

166 648 270 671 sensu
303 642 456 679 peremto.
497 637 578 667 Har.
605 636 644 665 R.
677 637 724 664 ll.
753 635 893 674 peremti

166 687 248 714 tunt
262 682 342 713 ludi.
367 682 456 711 Sext.
481 681 534 710 22.
562 688 649 708 mors
665 687 741 708 mea
757 686 891 707 causam

165 725 333 767 publicam
345 724 541 765 peremisset.
557 721 621 752 Off.
634 722 681 752 iii.
697 724 728 754 7.
752 721 814 751 nisi
833 719 892 750 ali-

167 770 226 810 qui
242 778 337 799 casus
350 766 524 797 consilium
537 766 734 805 peremisset.

211 812 452 852 Peripetasma,
483 809 583 839 vestis
615 807 775 847 stragula.
798 806 892 837 verr.

167 856 210 887 iv.
237 857 284 887 12.
307 853 455 885 Attalica
470 853 736 894 peripetasmata.
766 861 796 881 v.
819 849 893 881 Ind.

166 899 257 931 Hist.

212 942 431 978 Pera-trama,
447 939 547 970 idem.
572 938 657 969 Phil.
671 938 706 968 ii.
722 939 774 972 27.

212 985 441 1024 Ρεήεΐῃῐὶιιπι.
482 983 611 1014 Domit.
651 984 705 1012 44.
745 980 893 1021 porticus

169 1038 249 1059 cum
276 1027 489 1058 conclavibus
512 1026 742 1066 pavimentata
762 1029 895 1054 trecen-

166 1076 244 1102 tum
260 1071 397 1112 pedum,
415 1069 658 1110 amplissimum
676 1069 895 1108 peristylium.

169 1115 231 1146 Est
246 1122 360 1145 autem
378 1114 585 1154 peristylium
609 1112 714 1148 locus,
728 1111 783 1150 qui
800 1119 820 1140 a
840 1120 895 1140 co-

171 1158 296 1189 lumnis
325 1158 473 1196 undique
511 1155 736 1186 ambientibus
771 1163 894 1184 nomen

168 1201 282 1233 habet.
299 1211 330 1231 v.
347 1200 431 1231 lntt.
448 1200 490 1230 ad
501 1200 638 1230 Sueton.
654 1199 738 1238 Aug.
756 1199 808 1228 82.

213 1242 413 1286 Perjurare,
439 1244 478 1274 it.
504 1240 699 1284 Per-jurium
722 1241 801 1280 quid
823 1240 892 1270 sit?

171 1288 238 1319 vid.
271 1288 367 1319 Offic.
397 1287 444 1316 iii.
473 1288 527 1320 29.
566 1283 755 1325 Per-jurare
782 1290 894 1314 autem

170 1335 222 1363 est
240 1341 319 1361 vera
343 1330 444 1360 lectio
470 1329 560 1360 illius
587 1329 664 1366 loci,
691 1337 791 1367 quam
810 1336 897 1357 asse-

172 1378 254 1407 runt
279 1374 475 1410 Lambinus,
504 1372 672 1403 Fabricius
703 1371 762 1401 ἃς.
786 1369 896 1410 Vulgo

169 1423 285 1449 autem
310 1417 392 1448 olim
424 1416 615 1456 legebatur:
641 1412 807 1456 pejerare,
835 1414 896 1444 sub

170 1471 237 1501 qua
251 1471 331 1491 voce
353 1461 456 1491 etiam
482 1459 595 1489 locum
617 1458 719 1489 habet
735 1457 897 1488 Nizolius.

170 1505 214 1536 Et
244 1504 402 1544 quoniam
431 1503 521 1534 idem
547 1508 600 1532 est
623 1500 786 1543 pejerare,
809 1500 897 1540 quod

163 1546 356 1589 perjurare,
371 1551 411 1577 ut
422 1547 547 1577 tirones
558 1547 661 1575 etiam
673 1544 765 1575 illam
782 1554 896 1574 vocem

170 1596 262 1623 recte
293 1589 533 1629 intelligerent,
545 1590 646 1619 etiam
669 1589 714 1619 ibi
736 1587 827 1617 hunc
850 1587 897 1617 lo-

175 1645 253 1666 cum
265 1634 486 1665 laudavimus.
499 1633 658 1663 Ceterum
671 1628 848 1672 perjurare
864 1636 898 1661 et

167 1676 322 1719 pejerare
334 1677 398 1707 dici
408 1676 551 1707 arbitror
563 1676 601 1706 dc
611 1675 694 1705 falso
708 1674 898 1714 jurejuran-

173 1722 229 1760 do,
239 1727 279 1752 ut
291 1721 446 1750 Graecum
474 1719 609 1762 ἰτιοςκιῖν
623 1731 630 1749 2
655 1718 743 1758 quod
759 1721 809 1748 est
824 1727 900 1757 pro-

170 1766 255 1805 prie,
267 1773 354 1804 saepe
366 1769 401 1794 et
415 1763 561 1794 multum
572 1762 698 1799 jurare.
711 1762 768 1801 qui
783 1765 898 1791 autem

173 1809 236 1840 hoc
249 1808 391 1845 faciunt,
408 1806 508 1837 iidem
525 1805 621 1836 facile
636 1805 720 1836 falso
730 1805 861 1844 jurant.

221 1849 479 1892 Peijmv'ssimus
499 1849 588 1879 leno.
603 1849 701 1879 Rosc.
718 1848 812 1878 Com.
824 1851 856 1882 7.

216 1895 354 1926 Perlabz'
377 1894 488 1924 venire
512 1896 588 1933 post
608 1892 746 1932 longum
763 1901 808 1921 sc.
826 1900 900 1921 cur·

172 1948 259 1969 sum.
281 1937 382 1968 Tusc.
405 1937 426 1967 i.
458 1938 506 1967 12.
523 1937 697 1977 perlapsus
718 1934 760 1966 ad
786 1944 846 1965 nos
865 1938 899 1964 et

173 1991 279 2021 usque
296 1981 339 2011 ad
352 1981 525 2011 Oceanum
541 1979 715 2010 Hercules.

219 2025 383 2062 Perlt'tus,
413 2023 619 2062 inquinatus.
648 2021 746 2053 Rosc.
776 2020 817 2052 A.
847 2022 899 2052 52.

170 2070 314 2109 perlitus
345 2067 519 2106 sanguinis
545 2066 759 2102 crudelitate,
782 2064 821 2095 de
848 2074 900 2102 eo,

173 2112 232 2152 qui
249 2111 374 2142 caedem
389 2110 481 2141 fecit.

219 2155 439 2186 Permmzare.
463 2153 520 2184 Or.
538 2153 571 2183 ii.
595 2156 650 2187 77.
673 2155 712 2182 ut
727 2151 768 2182 ad
783 2160 900 2181 eorum

175 2204 307 2230 mentes
333 2197 513 2229 movendas
531 2205 731 2237 permanare
761 2195 901 2235 possint.

173 2243 275 2273 Tusc.
290 2242 326 2272 ii.
344 2244 394 2272 18.
411 2239 694 2271 conclusiunculae
710 2238 752 2269 ad
766 2247 901 2268 sensum

176 2295 244 2316 non
265 2289 521 2325 permanantes:
541 2283 574 2313 h.
590 2293 619 2313 e.
635 2292 710 2322 quae
731 2291 800 2311 non
828 2291 903 2321 per-

175 2329 332 2367 suadent,
359 2328 492 2359 etiamsi
520 2326 569 2357 nil
594 2330 712 2357 contra
738 2325 803 2355 dici
828 2333 903 2365 pos-

177 2372 233 2403 sit.

221 2415 435 2446 Permiscere.
469 2413 526 2445 Or.
551 2416 582 2448 9.
619 2411 660 2441 ab
683 2410 904 2452 Aristophane

203 2458 488 2489 oeta-Graeciam
507 2456 704 2496 permiscere
719 2454 828 2486 dictus
853 2459 905 2485 est

177 2468 332 2534 gei-icles.
348 2500 405 2530 Gr.
420 2500 525 2540 κνκᾷν.

223 2544 434 2575 permittere.
448 2543 578 2573 Verrin.
595 2542 618 2572 i.
643 2542 696 2572 32.
715 2542 905 2581 permittere

179 2587 286 2618 dolori
312 2597 372 2617 suo
401 2585 635 2616 incommoda:
669 2584 702 2614 h.
734 2594 764 2614 e.
795 2585 905 2624 ipsum

180 2630 298 2662 ulcisci
312 2630 449 2669 injurias
461 2629 523 2659 sibi
538 2628 659 2659 illatas.
674 2628 799 2658 Contra
813 2627 904 2658 Sext.

181 2677 236 2706 33.
251 2674 444 2714 permittere
470 2672 664 2702 inimicitias
697 2671 848 2711 patribus
871 2675 907 2701 et

179 2715 323 2757 reipubl.
348 2720 401 2746 est
415 2725 482 2746 non
497 2715 626 2752 ulcisci,
642 2717 777 2745 senatus
793 2718 828 2744 et
843 2713 906 2743 rei-

180 2760 273 2802 publ.
301 2768 411 2790 causa.
431 2767 462 2789 v.
487 2758 682 2796 concedere,
706 2757 906 2787 condonare.

180 2802 345 2835 *tradere
360 2802 395 2833 in
411 2804 625 2842 potestatem.
644 2801 722 2840 Agr.
735 2801 770 2831 ii.
789 2803 839 2831 15.
857 2809 908 2830 re·

203 2856 250 2881 na.
284 2845 550 2879 decemvirorum
584 2844 907 2885 ditioni—permissa

636 71 781 101 mmtx
810 70 945 100 LATIN
952 70 1106 100 rrATls.

930 168 1000 190 esse
1016 158 1100 190 dico.
1126 158 1226 189 Catil.
1243 158 1264 189 i.
1281 160 1312 190 2.
1322 159 1483 199 permissa
1499 163 1552 191 est
1564 168 1655 201 resp.

929 202 1138 233 Consulibus.
1168 202 1200 232 id
1232 202 1335 233 fiebat
1370 202 1476 232 SCto:
1512 203 1650 234 videant

930 246 1020 277 Coss.
1034 255 1075 276 ne
1093 245 1169 284 quid
1188 245 1247 275 &c-
1271 255 1336 285 quo
1347 245 1485 276 liberam
1504 250 1653 287 potesta-

927 292 995 319 tem
1028 289 1247 328 accipiebant,
1279 289 1419 329 reipubl.
1456 289 1558 319 etiam
1584 299 1653 321 non

930 331 1082 363 consulto
1105 340 1240 370 senatu,
1257 333 1380 372 quibus
1391 331 1559 363 videretur
1574 332 1659 363 rati·

929 376 1062 412 onibus,
1079 375 1308 406 defendendae.

975 418 1138 449 Pernwte'o
1165 419 1280 449 animi.
1304 419 1394 449 Part.
1425 420 1475 448 11.
1499 428 1577 449 cum
1593 417 1655 449 ali-

931 471 997 501 qua
1012 471 1045 491 re
1062 461 1246 501 impellitur
1261 462 1301 492 ad
1318 461 1497 501 agendum.

975 502 1176 535 Permutare
1207 506 1397 545 pecuniam.
1434 505 1475 534 ad
1513 504 1591 535 Div.
1619 504 1654 535 ii.

937 550 984 581 17.
1007 546 1077 577 Att.
1102 548 1146 578 xi.
1172 550 1226 579 22.
1253 550 1305 579 24.
1329 559 1379 579 xv.
1399 551 1449 579 15.
1472 547 1560 587 quod
1576 557 1656 587 per-

932 592 1057 621 mutavi
1074 601 1162 621 cum.
1175 601 1202 621 v.
1219 595 1288 621 not.
1304 593 1360 622 xii.
1376 593 1428 623 24.
1445 591 1504 621 ἀρ.
1521 599 1656 632 permu-

932 635 1012 664 tatio
1025 634 1158 674 publica
1174 635 1324 674 pecuniae
1347 634 1389 665 ad
1403 635 1479 665 Div.
1495 635 1542 665 iii.
1560 637 1590 666 5.
1605 639 1660 665 est

933 677 1092 718 collybus,
1109 677 1148 707 de
1174 687 1240 716 quo
1263 687 1375 718 supra.
1397 678 1463 708 Pis.
1491 680 1542 709 21.
1567 677 1655 708 vide-

933 725 991 751 tur
1006 730 1077 751 esse
1092 730 1240 751 versura.

977 761 1159 794 Pernicies.
1183 764 1281 794 noso.
1296 763 1335 793 A.
1351 766 1404 794 45.
1437 773 1578 803 quorum
1606 764 1659 795 ni-

933 807 980 838 hil
990 809 1129 847 pernicii
1144 817 1244 838 causa
1255 807 1392 837 consilio
1404 806 1515 838 divino
1529 807 1658 838 factum

933 855 1103 892 putamus.
1119 851 1158 881 de
1175 851 1237 881 hoc
1253 851 1412 890 genitivo,
1425 860 1526 890 quem
1541 860 1581 880 ex
1596 850 1660 881 hoc

934 894 1008 925 loco
1033 894 1158 924 Gellius
1185 895 1228 924 ix.
1259 897 1290 925 4.
1317 893 1446 931 laudat,
1474 894 1540 924 vid.
1561 894 1657 925 Voss.

920 937 1030 968 -AnaL
1047 938 1081 968 ii.
1103 941 1149 972 19.
1173 938 1254 967 item
1269 940 1337 967 not.
1354 942 1515 967 nostram.

979 976 1158 1012 Peroraref
1175 981 1292 1021 Quint.
1312 983 1361 1011 10.
1385 989 1558 1020 nunquam
1579 989 1659 1020 per-

934 1026 1024 1054 orari
1048 1025 1219 1065 potuisse:
1252 1024 1286 1054 h.
1312 1033 1342 1054 e.
1360 1024 1446 1054 finiri
1470 1028 1662 1053 controver-

935 1069 1031 1098 siam.
1068 1069 1122 1098 Sic
1146 1067 1240 1098 Verr.
1265 1067 1313 1097 iii.
1337 1067 1390 1098 66.
1417 1067 1572 1107 perorabo
1596 1066 1661 1097 hoe

937 1111 1064 1141 crimen
1089 1111 1335 1148 decumanum3
1370 1110 1569 1150 simpliciter
1593 1113 1658 1148 est,

936 1155 1086 1185 desinam
1103 1154 1143 1185 de
1158 1154 1221 1184 hoc
1237 1153 1377 1184 crimine
1393 1153 1514 1184 dicere.
1551 1152 1616 1184 Sed
1629 1162 1661 1184 v.

938 1203 1009 1228 not.
1026 1198 1068 1228 ad
1084 1197 1208 1228 Heren.
1225 1197 1246 1228 i.
1267 1200 1315 1228 lo.
1324 1207 1482 1237 perorare
1497 1197 1662 1227 narratio-

938 1251 1028 1271 nem.

982 1284 1160 1324 Pmpessio,
1183 1282 1326 1314 facultas
1340 1283 1541 1324 perpetiendi
1561 1286 1596 1313 et
1610 1288 1662 1313 to·

938 1326 1076 1358 lerandi.
1097 1328 1198 1358 Tusc.
1227 1327 1275 1357 iii.
1303 1328 1356 1358 24.
1379 1332 1566 1357 ceterorum
1581 1336 1664 1366 per·

932 1373 1033 1412 persio
1055 1371 1150 1409 facit,
1177 1375 1215 1401 ut
1244 1370 1353 1401 multo
1376 1371 1506 1401 minora
1527 1369 1662 1400 videan-

938 1420 1005 1444 tur.

983 1458 1198 1498 Perpetuare.
1229 1457 1287 1487 Or.
1318 1456 1365 1488 iii.
1392 1457 1447 1488 46.
1465 1461 1664 1497 perpetuare

938 1501 1051 1538 verba,
1077 1504 1127 1531 est
1149 1501 1265 1531 eodem
1281 1501 1401 1541 spiritu
1427 1501 1663 1540 pronunciare,

939 1544 1023 1576 nihil
1038 1544 1195 1574 incidere.

979 1587 1203 1628 Perpetuitas.
1226 1587 1285 1617 Or.
1314 1586 1349 1617 ii.
1382 1589 1435 1617 54.
1458 1587 1663 1627 perpetuitas

938 1632 1112 1668 sermonis,
1139 1630 1179 1661 de
1207 1630 1358 1661 oratione
1387 1631 1561 1668 continua,
1586 1639 1662 1669 quae

939 1675 1122 1715 opponitur
1137 1675 1181 1711 ei,
1207 1683 1282 1712 quae
1297 1677 1349 1704 est
1374 1673 1410 1703 in
1426 1673 1664 1712 interrogando

939 1722 1000 1749 aut
1014 1717 1253 1757 respondendo.
1269 1717 1350 1747 ibid.
1364 1716 1412 1747 iii.
1427 1720 1480 1751 49.
1496 1718 1665 1757 perpetui-

939 1764 990 1792 tas
1006 1762 1201 1799 verborum3
1226 1760 1267 1791 de
1292 1759 1439 1800 periodO.
1461 1760 1519 1791 Or.
1536 1762 1568 1791 2.
1588 1770 1665 1801 per-

935 1806 1079 1845 petuitas
1105 1803 1250 1841 dicendi,
1264 1804 1303 1834 dc
1326 1807 1400 1834 tota
1423 1803 1506 1834 serie
1528 1807 1562 1833 et
1584 1813 1665 1834 con·

938 1852 1038 1878 textu
1054 1848 1225 1878 orationis.
1247 1848 1350 1884 Nam,
1367 1848 1402 1877 in
1412 1844 1665 1888 perpetuitatem

941 1891 1086 1928 dicendi,
1123 1895 1174 1921 est
1211 1900 1271 1931 per
1311 1894 1418 1920 totam
1465 1891 1664 1921 orationem.

940 1935 959 1954 ⁸*
974 1934 1074 1965 Tusc.
1089 1944 1119 1964 v.
1141 1937 1191 1965 10.
1214 1940 1298 1964 extr.
1315 1943 1382 1964 non
1399 1944 1439 1964 ex
1454 1933 1594 1973 singulis
1609 1944 1666 1964 vo-

941 1978 1034 2008 cibus
1048 1977 1235 2018 philosophi
1251 1977 1425 2018 spectandi
1441 1982 1535 2015 sunt,
1551 1977 1609 2007 sed
1624 1987 1665 2008 ex

936 2022 1154 2062 perpetuitate
1168 2025 1204 2051 ct
1219 2020 1420 2065 constantia.
1453 2020 1668 2062 Philosopho-

941 2075 1016 2095 rum
1034 2066 1237 2105 perpetuitas
1252 2069 1317 2102 est,
1332 2073 1409 2094 cum
1435 2064 1551 2094 omnia
1577 2065 1667 2095 inter

941 2118 976 2139 se
993 2113 1072 2148 apta
1087 2112 1178 2143 sunt,
1195 2117 1302 2138 unum
1326 2107 1367 2138 ab
1383 2107 1490 2137 altero
1517 2107 1666 2145 ducitur,

942 2151 1028 2182 nihil
1050 2161 1129 2181 ante
1155 2151 1252 2181 dictis
1274 2154 1451 2191 repugnat.
1474 2150 1539 2181 Off.
1564 2151 1586 2182 i.
1613 2154 1667 2182 33.

943 2198 981 2225 ut
997 2200 1149 2225 cons-:are
1176 2194 1211 2224 in
1233 2194 1312 2224 vitae
1330 2195 1548 2234 perpetuitate
1572 2194 1667 2225 nobis

943 2239 1121 2279 possimus.
1144 2238 1216 2268 Fin.
1247 2237 1282 2268 ii.
1311 2239 1365 2272 27.
1388 2238 1423 2268 in
1447 2239 1668 2278 perpetuitate

942 2287 1010 2313 tem
1017 2283 1103 2322 poris
1117 2282 1187 2311 vita
1200 2281 1299 2311 beata
1312 2280 1390 2311 duci
1403 2281 1502 2311 solet.

988 2325 1185 2366 Perpetuus.
1199 2325 1274 2355 Act.
1291 2325 1313 2354 i.
1327 2324 1422 2355 Verr.
1441 2327 1491 2354 ll.
1502 2328 1668 2363 perpetua

945 2369 1111 2399 oratio.v.
1134 2370 1339 2408 perpetuitas
1353 2377 1388 2397 n.
1414 2369 1442 2398 1.
1466 2367 1508 2398 ad
1528 2368 1604 2398 Div.
1634 2377 1666 2398 v.

951 2414 999 2442 12.
1022 2412 1170 2442 historiae
1186 2416 1366 2450 perpetuen
1389 2414 1482 2448 sunt,
1497 2415 1570 2449 aut,
1585 2419 1669 2450 quas

946 2465 1005 2485 nos
1031 2454 1233 2485 universales
1249 2453 1469 2494 appellamus,
1492 2457 1551 2484 aut
1576 2458 1669 2484 certe

947 2499 1040 2538 regni
1057 2503 1116 2528 aut
1131 2497 1270 2538 reipubl.
1296 2498 1414 2534 totius,
1438 2500 1671 2537 opponuntur-

947 2551 1010 2581 que
1027 2541 1172 2571 historiis
1185 2540 1394 2580 singulorum
1409 2540 1596 2571 hominum.
1612 2540 1672 2572 Or.

947 2585 1000 2616 36.
1025 2589 1185 2625 perpetua
1213 2584 1364 2623 qnaestio,
1389 2590 1440 2613 est
1458 2583 1670 2622 universalis,

948 2638 1024 2658 cum
1042 2627 1082 2658 de
1098 2637 1218 2667 genere
1233 2627 1388 2657 universo
1400 2627 1571 2665 quaeritur.
1586 2626 1672 2668 Top.

948 2672 1001 2703 26.
1025 2672 1172 2701 actiones
1183 2674 1357 2711 perpetuoe.
1383 2670 1405 2699 i.
1421 2679 1450 2700 e.
1472 2674 1567 2708 totae,
1590 2680 1670 2700 nam

949 2719 1168 2755 opponuntur
1180 2719 1304 2755 parteS,
1321 2713 1508 2751 exordium,
1523 2713 1671 2744 narratio

951 2758 1011 2788 διο.
1035 2757 1103 2788 Att.
1121 2768 1150 2788 v.
1165 2759 1218 2788 21.
1242 2761 1278 2787 ut
1305 2757 1497 2787 centesimae
1515 2761 1674 2797 perpetuo

950 2801 1075 2832 foenore
1102 2801 1322 2831 ducerentur:
1353 2799 1386 2831 h.
1414 2809 1444 2830 e.
1467 2805 1507 2831 ut
1532 2799 1675 2830 centesi-

951 2853 1017 2877 mae
1031 2853 1142 2877 usurae
1157 2845 1192 2875 in
1216 2843 1365 2884 singulos
1391 2852 1496 2876 annos
1511 2843 1673 2876 duceren-
