1790 3219
142 68 225 106 422

146 165 210 195 tari
225 167 361 202 sectam,
374 164 473 195 docet
488 163 704 196 casaubonus
720 165 763 195 ad
777 165 881 196 Athe-

151 218 265 239 naeum
280 218 312 238 v.
331 211 381 239 ll.

195 251 338 290 Sec-tari,
366 256 418 283 est
445 261 629 291 servorum,
656 256 821 293 quatenus
848 253 883 283 in

152 295 295 335 alicujus
327 295 476 327 dominio
503 301 594 327 sunt.
633 296 731 328 Rose.
762 296 802 327 A.
831 299 883 328 28.

152 343 321 371 sectantur
351 340 436 371 servi
478 339 750 380 Chrysogonum:
791 340 823 370 h.
855 350 883 369 e.

155 388 236 415 sunt
248 383 336 424 apud
349 393 441 422 eum,
454 393 520 414 non
537 384 680 424 amplius
697 383 786 424 apud
803 383 884 413 Ros--

157 427 259 458 cium.
283 427 481 466 *clientunn
506 434 542 458 ut
558 428 726 458 assectari.
752 426 883 457 Muren.

158 474 213 503 33.
235 475 404 502 sectantur
435 480 512 501 eum
545 471 656 501 multi.
681 470 812 501 *Vera
844 470 886 499 iv.

159 515 213 546 66.
235 519 405 546 sectantur
431 525 508 545 eum
541 515 657 555 pueri:
683 514 722 544 ‹le
750 513 886 544 homine

158 559 312 589 omnium
329 558 483 590 ludibrio.

205 603 364 641 Sectator,
392 606 588 638 assectator,
621 600 660 630 de
689 610 754 639 quo
776 609 887 639 supra.

160 646 250 677 Mur.
279 649 332 677 34.
356 644 436 685 quid
462 655 544 685 opus
573 648 624 674 est
650 644 888 674 sectatoribus?

157 690 237 720 ibid.
254 689 306 720 lex
331 690 430 720 Fabia
451 689 490 718 de
518 698 660 718 numero
681 691 888 717 sectatomm.

156 733 276 763 v.1nd.
304 733 408 772 Legg.
430 731 449 749 *
465 741 588 762 comes.
612 731 723 761 Rabir.
750 731 838 760 Post.
857 733 889 762 8.

160 786 241 807 num
268 777 400 806 Gabinii
425 785 534 806 comes
566 775 618 805 vel
641 775 808 805 sectator?
833 783 890 804 ne-

159 824 226 860 gat.
245 819 503 859 intelligendum
517 823 630 849 autem
655 818 694 848 de
711 818 889 848 comitibus

159 863 419 903 magistratuum
444 864 478 893 in
502 862 722 903 provinciam,
746 872 888 901 quorum

159 917 247 947 saepe
263 913 314 937 est
325 907 414 947 apud
431 913 558 937 veteres
578 907 720 943 mentio,
737 906 890 945 inprimis

159 951 249 991 apud
275 952 488 981 Suetonium.
523 950 587 980 vid.
614 950 803 980 Excursum
830 959 890 980 uo-

162 999 269 1024 strum
287 1005 339 1025 Χν.
352 995 394 1025 ad
410 995 547 1024 Sueton.
563 993 639 1024 Tib.
655 994 709 1024 46.

208 1038 331 1076 Sator,
367 1038 535 1069 redemtor
576 1038 753 1068 bonorum.
792 1037 908 1073 Rosc„

160 1080 273 1112 Amer.
301 1085 354 1117 ζ29.
380 1082 419 1113 ad
438 1082 513 1112 Div.
530 1092 582 1111 xv.
603 1085 653 1115 11).
676 1081 770 1111 verr.
788 1081 809 1110 i.
837 1082 889 1111 ⁶23.

162 1124 205 1154 ad
228 1135 329 1164 quem
346 1125 459 1156 locum
488 1125 650 1156 Asconius
677 1135 698 1154 a
721 1123 892 1163 sequendo

159 1178 254 1208 spem
271 1170 409 1200 verbum
427 1169 488 1199 hoc
505 1169 611 1206 ducit,
627 1169 660 1198 in
677 1178 742 1208 qua
757 1173 893 1198 senten-

160 1212 211 1242 tia
232 1219 284 1243 est
307 1214 409 1243 etiam
437 1212 586 1243 Nonius:
627 1222 754 1249 secare,
784 1212 891 1251 sequi,

164 1256 253 1286 unde
266 1261 302 1287 et
316 1262 499 1288 sectatores
517 1257 681 1286 bonorum
699 1260 833 1286 sectores
845 1255 893 1285 di-

161 1299 208 1329 cti
220 1305 311 1331 sunt.
359 1301 493 1331 Verrius
509 1307 622 1330 autem
637 1300 821 1329 sectionem
834 1299 892 1328 bo-

160 1352 295 1383 norum,
327 1344 595 1385 persecutionem
635 1343 892 1382 interpretatur,

161 1387 252 1417 unde
281 1391 315 1418 et
340 1392 475 1418 sectores
503 1387 609 1417 dictos
633 1387 692 1423 ait,
719 1387 776 1425 qui
801 1390 893 1416 emta

159 1439 222 1461 sua
251 1438 520 1472 persequuntur:
560 1431 655 1469 cujus
686 1430 891 1460 sententiam

159 1475 280 1514 probat
304 1475 443 1506 Salmas.
473 1474 563 1504 mod.
596 1474 695 1504 Usur.
721 1484 749 1504 c.
780 1477 829 1505 18.
858 1484 892 1514 p.

162 1521 238 1549 830.
260 1518 328 1560 Qui
345 1518 536 1549 redemerat
551 1518 751 1555 sectionem,
767 1518 892 1557 inquit,

160 1562 212 1592 vel
229 1563 364 1602 praedae,
387 1562 439 1592 vel
462 1562 615 1592 omnium
636 1562 801 1591 bonorum
817 1571 893 1601 pro—

159 1607 276 1646 scripti
301 1607 506 1642 damnative,
523 1615 602 1635 cum
635 1605 791 1635 universa
821 1605 892 1644 ejus

162 1650 262 1688 bona,
280 1659 480 1689 quacunque
497 1649 530 1678 in
555 1659 588 1678 re
612 1654 671 1679 aut
681 1649 758 1686 jure
785 1649 894 1678 consi-

160 1698 305 1731 sterent,
336 1693 531 1734 accepisset,
557 1693 750 1731 ubicunque
781 1698 893 1722 essent

161 1737 370 1777 reperienda,
383 1747 423 1766 ea
437 1736 702 1776 persequebatur
719 1737 779 1766 ὄις.
806 1736 892 1766 Mihi

163 1782 189 1811 si
217 1780 362 1817 luberet,
385 1784 540 1810 sectorem
567 1790 586 1809 a
605 1780 698 1819 sequi
727 1785 892 1819 repetere,

163 1823 264 1854 aliam
310 1825 476 1854 rationem
519 1824 705 1853 redderem.
762 1823 894 1863 Nempe

165 1868 245 1898 olim
262 1869 298 1897 in
314 1867 488 1907 republica
512 1867 628 1904 libera,
646 1877 724 1897 cum
743 1867 893 1897 nondum

161 1911 358 1952 proscriptio
367 1916 456 1941 esset
467 1911 595 1948 audita,
611 1915 743 1941 sectores
757 1916 893 1941 tantum

162 1960 260 1985 erant
281 1955 486 1985 redemtores
512 1955 644 1995 praedae.
691 1954 810 1993 Itaque
837 1955 894 1994 qui

162 1999 226 2030 hoc
245 2008 366 2038 genere
383 2002 531 2037 quaestus
554 1998 777 2036 ducebantur,
792 2003 894 2028 secta-

164 2043 285 2073 bantur
306 2043 472 2072 exercitus
488 2041 530 2072 ad
553 2051 670 2072 omnes
685 2042 796 2080 urbes,
813 2052 894 2081 quas

164 2086 375 2124 obsidebant,
393 2090 433 2116 ut
448 2086 488 2116 iis
511 2086 712 2126 expugnatis
727 2087 894 2116 sectiones

164 2129 359 2170 praedarun}
387 2134 561 2160 emerent:
602 2129 642 2159 de
674 2139 740 2168 qno
773 2139 894 2168 genere

165 2173 342 2204 hominum
361 2183 430 2204 non
446 2173 552 2203 semel
568 2178 619 2203 est
641 2173 731 2212 apud
745 2173 894 2211 Livium,

165 2227 196 2247 v.
223 2227 252 2248 c.
279 2227 312 2247 x.
343 2220 392 2250 17.
416 2217 448 2247 6.
494 2216 626 2247 Similes
658 2217 697 2246 iis
728 2226 768 2246 ex
799 2223 894 2256 parte

164 2265 257 2298 sunt,
274 2261 360 2291 etin
383 2270 417 2290 re
445 2261 581 2298 minori,
603 2265 662 2290 aut
686 2261 721 2290 in
745 2261 894 2300 partibus

166 2303 308 2341 faciunt,
326 2304 414 2343 quod
427 2303 476 2334 illi
493 2305 527 2334 in
542 2304 672 2342 majori,
686 2307 746 2334 aut
760 2304 895 2334 univer-

165 2357 214 2383 sa,
240 2357 266 2378 s.
290 2348 325 2378 in
353 2348 486 2388 privata
517 2348 641 2387 praeda,
669 2347 758 2386 quod
781 2348 830 2377 illi
860 2348 893 2378 in

165 2390 298 2430 publica
313 2394 348 2421 et
374 2392 491 2421 serario
515 2391 702 2428 inferendo,
724 2391 813 2429 lixae,
836 2392 894 2430 qui

165 2438 200 2463 et
216 2434 278 2474 ipsi
303 2436 469 2465 exereitus
487 2435 727 2473 sequebantur,
744 2440 785 2465 ut
812 2435 893 2465 cibis

165 2477 359 2516 vendendiS,
376 2483 410 2508 et
426 2478 538 2518 praeda
554 2488 574 2508 a
588 2478 751 2509 militibus
779 2479 894 2518 singu-

164 2519 205 2550 lis
218 2521 360 2551 emenda
377 2521 510 2552 lucrum
524 2521 788 2560 facerent‚unde
803 2522 894 2553 Livi·

163 2573 204 2594 us
234 2574 264 2594 v.
294 2568 324 2596 8.
352 2565 463 2595 minus
495 2565 646 2596 militum
674 2567 788 2606 periit,
815 2566 895 2606 quia

164 2611 288 2647 praeter
305 2618 422 2647 aegros,
442 2608 584 2639 lixarum
602 2610 635 2639 in
654 2609 805 2648 modum,
823 2620 894 2639 om-

165 2660 223 2680 nes
235 2660 295 2690 per
311 2661 405 2690 agros
421 2652 612 2692 vicinasque
629 2654 725 2683 urbes
743 2654 895 2693 negotia-

165 2694 298 2724 bantur.
317 2695 428 2724 Caesar
445 2695 480 2724 Β.
499 2695 538 2726 G.
555 2697 598 2726 vi.
615 2700 667 2728 38.
687 2697 790 2727 etiam
808 2707 894 2728 mer-

165 2743 294 2768 catores
305 2746 559 2776 commemorat,
572 2741 629 2778 qui
641 2742 827 2771 exercitum
843 2751 894 2771 se-

164 2781 367 2819 quebantur,
384 2785 418 2811 et
433 2782 494 2811 sub
511 2782 597 2812 vallo
608 2784 805 2816 tendebant.
829 2785 895 2816 Sed

163 2823 248 2855 illud
271 2824 326 2855 hic
349 2823 553 2864 relinquitur
575 2826 680 2866 dubii,
705 2828 807 2867 quod,
830 2828 893 2859 hac

160 2867 290 2899 ratione
307 2868 458 2908 probata,
471 2869 574 2900 etiam
592 2869 668 2901 lixae
680 2875 717 2902 et
726 2876 896 2903 mercato-

650 111 653 113 ,
664 76 711 105 IN
718 77 812 104 DEX
845 77 1142 106 LA'rlNlTA'rls.

925 175 976 196 res
995 166 1113 205 reliqui
1131 170 1265 197 sectores
1280 165 1345 196 diei
1358 172 1506 206 possent.
1535 166 1654 207 Itaque

926 211 1102 240 rectiorem
1129 214 1212 250 puto
1237 209 1411 248 vulgarem
1437 211 1655 248 sententiam,

927 263 999 293 quae
1017 263 1036 284 a
1050 254 1185 284 secando
1201 253 1295 283 ducit
1311 253 1372 283 boc
1389 254 1524 284 verbum
1552 262 1588 284 et
1608 265 1656 285 se-

926 301 1026 328 ctores
1051 307 1071 326 a
1096 297 1249 327 secandis
1278 297 1373 327 bonis
1401 297 1506 327 dictos
1528 302 1656 336 censet,

927 340 1016 379 quod
1032 345 1164 371 sectores
1180 342 1335 371 universa
1350 341 1450 378 bona,
1467 341 1655 371 universam

929 383 1089 422 prredam,
1107 384 1193 414 hanc
1221 384 1263 414 ob
1280 394 1416 414 causam
1433 384 1657 422 redimebant,

929 430 968 456 ut
984 427 1022 456 iis
1039 437 1097 466 per
1111 433 1224 468 partes
1248 427 1431 458 vendendis
1455 427 1588 458 lucrum
1610 427 1660 458 fa-

929 476 1058 508 cerent,
1086 471 1371 510 quemadmodum
1400 471 1470 511 ipse
1496 471 1659 502 Asconius

929 513 1044 544 tradit.
1091 515 1254 545 Homines
1271 514 1353 545 adeo
1368 516 1474 545 secari
1501 514 1658 546 diceban-

930 562 1000 594 tur,
1030 567 1174 596 quorum
1200 559 1288 588 bona
1311 559 1466 589 auctione
1495 558 1660 589 distrahe-

931 600 1065 630 bantur.
1092 599 1131 631 Id
1147 611 1269 632 nomen
1283 601 1402 632 deinde
1417 603 1544 633 mansit
1555 602 1660 632 etiam

932 654 1009 674 cum
1040 644 1160 683 aliquis
1190 650 1320 676 emeret
1350 646 1526 686 proscripti
1556 646 1657 683 bona,

932 691 971 717 ut
986 689 1148 718 retineret
1164 689 1246 728 ipse.
1264 687 1369 728 quue
1384 689 1466 720 adeo
1480 690 1661 720 confirma-

932 732 959 760 ri
976 737 1058 771 puto
1070 732 1172 762 etiam
1198 731 1271 762 loco
1297 733 1468 763 Ciceronis
1492 733 1590 763 Rosc.
1620 732 1660 762 A.

933 776 985 809 29.
1024 776 1125 806 iidem
1155 779 1253 806 erant
1282 780 1413 807 sectores
1436 776 1601 806 bonorum
1628 780 1664 806 et

933 818 1107 849 collorum.

977 862 1094 901 Sectio,
1126 863 1292 893 redemtio
1322 863 1444 904 praedae
1486 863 1664 900 uuiversae,

933 911 994 936 aut
1007 907 1169 937 bonorum
1186 907 1365 948 proscripti
1386 907 1576 937 damnative
1592 915 1664 936 om-

933 950 1041 980 nium.
1065 950 1151 981 Phil.
1173 951 1207 981 ii.
1233 951 1286 982 ⁶26.
1319 961 1418 981 nemo
1440 950 1518 989 fuit,
1543 950 1599 990 qui
1620 949 1664 980 ad

933 992 1017 1023 illud
1039 995 1185 1025 sectionis
1210 994 1318 1025 scelus
1341 994 1482 1024 auderet
1496 993 1666 1024 accedere.

935 1037 976 1067 cf.
993 1048 1021 1067 c.
1039 1040 1091 1073 99.
1115 1037 1133 1055 *ἴ
1146 1037 1235 1068 bona
1261 1039 1344 1079 ipsa,
1359 1048 1434 1077 quae
1457 1037 1665 1075 venduntur,

934 1081 1150 1112 redimuntur
1156 1081 1260 1112 ..Inv
1289 1082 1309 1112 i.
1338 1084 1391 1112 45.
1416 1082 1511 1121 cujus
1540 1080 1664 1121 praedae

935 1127 1027 1155 sectIo
1059 1135 1125 1155 non
1158 1125 1312 1155 venierit.
1342 1135 1381 1155 ex
1412 1125 1529 1165 Agrar.
1562 1125 1583 1155 i.
1610 1134 1666 1164 ap.

936 1169 1022 1199 Gell.
1056 1169 1125 1199 xiii.
1152 1171 1204 1199 ⁶24.
1239 1169 1302 1198 hoc
1332 1169 1562 1208 fragmentum
1589 1172 1666 1198 est.

937 1213 1096 1252 praedam,
1127 1212 1317 1249 manubias,
1343 1213 1526 1250 sectionem,
1558 1215 1668 1242 castra

935 1256 1079 1295 denique
1097 1256 1159 1287 Cn.
1176 1256 1339 1296 Pompeii,
1361 1256 1498 1286 sedente
1522 1255 1667 1296 impera-

934 1303 1019 1337 tore,
1035 1300 1129 1330 Xviri
1156 1300 1314 1331 vendent.
1360 1300 1410 1330 Ex
1426 1309 1492 1339 quo
1515 1299 1589 1329 loeo
1614 1299 1666 1329 in-

934 1343 1112 1383 telligitur,
1133 1354 1206 1374 eam
1224 1348 1361 1374 tantum
1383 1343 1504 1383 praedae
1529 1347 1663 1383 partem

933 1389 1100 1418 sectionem
1115 1397 1186 1418 esse
1201 1387 1419 1428 appellatam,
1437 1396 1509 1426 quae
1527 1386 1568 1416 ad
1585 1386 1670 1427 pub-

935 1431 1039 1462 licum
1052 1432 1251 1471 pertineret,
1264 1430 1550 1470 quemadmodum
1561 1430 1665 1460 etiam

934 1475 1050 1506 Romae
1070 1477 1164 1505 sectio
1188 1480 1240 1504 est
1262 1480 1399 1505 tantum
1416 1484 1533 1504 eorum
1565 1474 1668 1504 bono-

935 1529 1024 1555 rum,
1038 1528 1113 1558 quae
1129 1519 1245 1549 aerario
1262 1518 1438 1548 inferenda
1452 1520 1544 1548 sunt.
1574 1517 1666 1548 Nam

935 1562 1048 1602 praeda
1062 1569 1113 1592 est
1139 1562 1302 1600 militum,
1324 1561 1493 1592 manubiae
1520 1562 1667 1602 impera-

935 1607 1031 1643 toris,
1043 1607 1136 1636 sectio
1152 1616 1231 1645 ergo
1247 1605 1374 1646 populi.

980 1649 1149 1687 Secundae,
1167 1650 1229 1680 int.
1247 1655 1370 1690 partes.
1387 1648 1526 1679 verbum
1544 1657 1668 1686 scenae,

936 1693 1045 1732 inqua
1062 1694 1192 1733 primae,
1217 1693 1386 1730 secundae,
1403 1697 1439 1722 et
1462 1692 1572 1723 tertiae
1591 1702 1667 1732 par·

934 1743 985 1767 tes
1002 1744 1093 1767 sunt.
1111 1736 1199 1766 unde
1216 1736 1257 1766 ad
1272 1736 1339 1767 alia
1354 1735 1554 1766 traducitur.
1569 1735 1669 1767 Brut.

937 1781 989 1815 69.
1013 1780 1077 1810 fuit
1098 1780 1216 1810 Crasso
1233 1780 1325 1830 quasi
1342 1780 1573 1810 secundarum.

981 1822 1162 1854 Secundus.
1185 1824 1214 1854 Ἰ
1218 1834 1287 1854 use.
1305 1824 1340 1853 ii.
1363 1826 1390 1853 l.
1413 1822 1550 1854 secundo
1563 1832 1672 1863 popu-

936 1867 969 1898 lo
987 1868 1020 1897 id
1048 1867 1152 1898 facit:
1177 1868 1211 1898 h.
1238 1878 1268 1898 e.
1286 1867 1450 1921 probante
1473 1871 1508 1897 et
1533 1866 1668 1897 favente

937 1911 1073 1951 populo.

982 1954 1188 1993 Secundum,
1220 1964 1259 1984 ex
1290 1955 1486 1994 praescripto
1517 1952 1668 1984 alterius.

937 1998 1040 2029 Acad.
1063 1999 1084 2029 i.
1116 2003 1164 2030 10.
1187 1999 1368 2029 secundum
1387 2002 1558 2028 naturam.
1593 1996 1613 2016 ³*
1627 2006 1669 2028 ex

938 2042 1115 2072 commodo
1146 2043 1385 2081 sententiaque
1416 2041 1567 2072 alterius.
1590 2040 1664 2072 Att.

937 2086 979 2116 iv.
1003 2088 1035 2117 2.
1064 2085 1137 2116 loco
1159 2086 1366 2116 sententiam
1393 2089 1544 2125 rogatus,
1560 2083 1672 2115 multa

936 2130 1116 2160 secundum
1132 2139 1267 2160 causam
1295 2135 1445 2159 nostram
1473 2128 1670 2169 disputavit.

938 2173 1036 2204 Unde
1053 2177 1088 2203 et
1101 2174 1135 2203 in
1145 2174 1223 2214 jure
1234 2173 1411 2204 secundum
1429 2171 1577 2212 aliquem
1589 2171 1672 2202 dici-

937 2220 994 2247 tur
1006 2217 1154 2254 decerni,
1169 2227 1247 2248 cum
1265 2226 1400 2247 causam
1417 2216 1562 2246 obtinet.
1573 2215 1669 2247 Verr.

939 2261 960 2290 i.
976 2263 1030 2292 44.
1055 2261 1263 2292 *secundum
1281 2260 1503 2300 mancipium,
1530 2269 1671 2299 quomo-

938 2304 980 2334 do
995 2304 1197 2345 capiendum
1213 2305 1271 2342 sit,
1287 2308 1404 2334 utrum
1421 2307 1556 2344 praeter,
1571 2312 1615 2333 an
1629 2312 1671 2333 ex

937 2348 1011 2387 lege
1029 2349 1202 2388 mancipii,
1219 2348 1420 2388 disputatur.
1446 2347 1512 2377 vid.
1529 2345 1672 2383 satisda-

936 2393 999 2422 tio.
1024 2392 1044 2410 ²*
1060 2402 1175 2432 prope,
1195 2392 1307 2430 juxta.
1340 2391 1445 2421 Attic.
1471 2390 1540 2421 viii.
1570 2391 1620 2421 12.
1642 2389 1671 2421 si

938 2435 1050 2466 Caesar
1059 2437 1237 2467 secundum
1254 2445 1345 2466 mare
1361 2435 1404 2466 ad
1419 2444 1473 2465 me
1488 2434 1537 2464 ire
1552 2433 1672 2474 coepis-

936 2483 997 2509 set.
1013 2479 1056 2510 cf.
1072 2480 1137 2509 xvi.
1152 2482 1183 2511 8.

981 2523 1124 2561 Securis,
1137 2523 1247 2564 plaga.
1263 2522 1377 2553 Plane.
1393 2523 1447 2556 29.
1462 2530 1598 2560 gravem
1615 2520 1669 2551 in-

936 2567 1050 2607 fligere
1064 2568 1206 2598 securim
1220 2565 1362 2607 reipubl.
1380 2565 1470 2597 Mur.
1488 2566 1541 2595 24.
1566 2574 1670 2604 quam

935 2615 970 2641 te
983 2612 1124 2642 securim
1142 2615 1241 2651 putas
1256 2610 1407 2649 injecisse
1414 2608 1574 2649 petitioni
1585 2612 1669 2639 tuae.

935 2664 996 2694 pro
1012 2665 1078 2694 quo
1095 2660 1146 2685 est
1166 2665 1195 2685 e.
1211 2657 1264 2686 23.
1287 2653 1387 2694 plaga
1402 2653 1529 2692 injecta
1543 2655 1596 2682 est
1609 2661 1670 2692 pe·

935 2699 1051 2729 titioni
1064 2703 1145 2730 tuae.
1168 2698 1187 2717 ²*
1200 2698 1242 2738 Ω.
1259 2697 1310 2727 Fr.
1336 2697 1370 2727 ii.
1390 2699 1441 2726 ll.
1464 2696 1588 2727 securis
1602 2694 1670 2725 Te-

936 2742 1064 2773 nedica.
1081 2752 1112 2773 v.
1129 2741 1202 2772 Ind.
1215 2741 1335 2779 Geogr.
1361 2740 1493 2770 Securis
1505 2738 1672 2778 conspici-

935 2791 992 2817 tur
1006 2786 1043 2816 in
1058 2786 1170 2816 numis
1191 2784 1432 2822 Tenediorum,
1452 2792 1597 2823 quorum
1612 2791 1671 2813 ex-

935 2839 989 2860 em
993 2829 1050 2870 pla
1065 2833 1101 2860 et
1116 2838 1207 2859 nunc
1218 2828 1435 2868 reperiuntur
1445 2827 1482 2858 in
1493 2825 1672 2856 Cimeliar-

936 2840 1037 2905 chiips.
1049 2883 1082 2905 v.
1093 2871 1256 2913 Stephani
1272 2871 1387 2903 Lexic.
1403 2870 1461 2903 Gr.
1476 2867 1669 2904 inuuunt.
