1800 3131
160 57 244 96 400

161 155 228 185 viii.
245 159 276 190 9.
292 153 422 186 Duker.
435 153 477 185 ad
493 153 577 186 mor.
595 166 628 197 p.
645 160 718 188 414.
748 157 768 176 ⁴*
782 157 899 198 perde—

161 207 208 228 re.
221 199 316 228 Rose.
330 199 368 228 A.
390 201 436 228 13.
454 200 610 239 omnjain
623 200 757 231 homine
772 201 813 231 ad
825 212 897 241 per-

162 241 285 272 niciem
303 241 486 282 profligata
510 247 543 273 et
560 244 706 287 perdita.
736 245 896 281 *vexare,

159 285 309 325 perdere.
335 286 393 315 Or
422 286 467 316 iii.
500 289 526 317 1.
552 296 629 318 cum
657 288 723 318 suis
750 287 896 317 consiliis

161 337 267 368 remp.
279 328 493 369 profligasset.

210 371 396 412 Ρνρβαεηε,
415 373 577 413 copiosus.
594 374 712 404 Orat.
706 374 739 404 ii.
756 377 808 405 38.
822 384 896 413 pro-

151 414 267 455 fluens
282 425 386 455 genus
403 417 571 447 orationis.
588 417 629 446 cf.
648 417 693 448 iii.
708 421 739 451 7.
757 417 809 446 Sic
821 427 897 457 pro-

149 458 300 498 fluenter
315 465 366 489 est
379 458 516 490 Tuscul.
530 470 559 490 ν.
580 463 627 490 18.
652 470 710 499 pro
726 462 867 500 copiose.

204 502 422 543 Profundere.
447 504 539 533 Orat.
570 503 602 532 ii.
630 505 681 533 21.
714 503 747 532 in
776 504 897 533 vitibus

159 545 200 575 de
216 546 391 576 sarmentis
408 546 663 576 luxuriantibus.
676 545 754 575 hinc
771 545 810 575 de
825 557 898 576 ora-

158 594 246 627 tore,
263 590 319 629 qui
339 590 423 619 vires
444 599 518 619 suas
540 599 655 619 omnes
670 589 770 618 simui
786 594 897 619 osten-

161 632 221 663 dit.
238 633 281 663 ib.
297 636 348 667 78.
368 632 567 672 prosimdere
583 642 616 662 se
630 633 832 663 universum.
849 633 897 662 Si-

160 676 240 706 mile
257 677 338 706 illnd
354 676 423 705 Att.
441 676 494 705 vii.
511 679 541 706 33.
565 676 590 705 si
607 681 716 705 totum
740 686 774 706 se
790 675 845 705 ilie
863 676 897 706 in

161 729 215 750 me
228 718 440 759 profudisset:
457 719 487 748 h.
502 729 530 748 e.
547 719 730 758 largissime
748 729 802 749 me
818 720 897 749 libe-

159 763 291 793 ralitate
308 772 368 792 sua
383 766 417 791 et
431 772 542 792 amore
558 763 748 803 complexus
765 767 862 793 esset.

207 807 412 844 Progressus.
444 806 524 836 Nat.
539 806 582 837 D.
599 806 621 836 i.
638 808 668 837 6.
699 809 810 836 tantos
823 816 897 846 pro-

157 859 287 888 gressus
301 849 443 879 habebat
463 849 497 878 in
517 850 645 880 Stoicis.
668 849 768 879 Aead.
786 851 826 879 iv.
845 853 896 881 ⁶28.

159 894 193 923 in
218 893 323 933 primo
340 902 530 932 progressu,
546 894 567 923 i.
585 903 614 923 e.
636 893 813 934 principio,
831 893 897 933 pri-

158 946 214 966 ma
229 941 335 975 parte.

203 978 386 1020 Projectus.
411 978 501 1009 Verr.
520 980 562 1010 iv.
584 982 631 1009 10.
656 980 733 1010 urbs
753 977 898 1020 projecta

160 1023 195 1053 in
212 1024 317 1053 altum
334 1035 340 1052 :
367 1023 401 1052 in
426 1022 515 1062 longi
534 1022 663 1060 isthmi,
680 1033 706 1053 s.
725 1024 846 1063 linguae
863 1024 897 1052 in

161 1077 252 1097 mare
290 1071 466 1106 porrectae,
504 1072 654 1096 extremo
692 1067 766 1097 sita.
809 1067 898 1097 Hine

160 1111 263 1141 *C1u.
281 1112 333 1141 65.
351 1108 499 1151 projecta
514 1115 614 1148 atque
631 1111 781 1140 eminens
798 1110 900 1140 auda-

160 1155 222 1184 cia.
245 1154 264 1172 *ἓ
275 1154 436 1184 desertus.
452 1154 523 1184 Att.
539 1154 584 1184 iii.
605 1157 652 1188 19.
668 1163 689 1183 a
703 1153 898 1183 consiliariis

163 1199 245 1228 meis
265 1197 415 1238 proditus
439 1207 476 1227 ae
493 1195 669 1238 pmjectus.
692 1197 781 1227 conf.
801 1197 843 1227 iv.
867 1200 896 1227 5.

162 1243 182 1260 '¹'
195 1242 333 1279 eiectus
352 1239 436 1271 Phil.
453 1241 509 1270 xii.
526 1244 555 1272 8.
580 1241 620 1270 ad
636 1251 714 1270 saxa
724 1238 898 1280 projectus.

206 1283 382 1326 Prqjieew.
396 1284 467 1314 Att.
485 1285 527 1314 ix.
541 1285 571 1315 6.
586 1294 627 1313 ne
642 1294 693 1313 me
703 1286 898 1325 projiciam.-

161 1327 196 1359 h.
223 1338 251 1358 e.
278 1327 465 1369 perieulum
488 1328 636 1357 subeam.
669 1327 687 1345 's‘
701 1328 781 1357 Coel.
810 1332 841 1362 9.
872 1328 897 1357 si

161 1372 217 1411 qui
231 1376 335 1401 testes
351 1382 385 1401 se
403 1371 436 1400 in
447 1371 612 1408 judicium
625 1368 843 1412 projeewinc:
863 1370 898 1401 h.

162 1425 190 1445 e.
202 1415 292 1445 ultro
307 1425 341 1444 se
357 1414 553 1444 obtulerint.

205 1458 351 1489 Prolabi.
376 1458 499 1488 Caecin.
515 1461 568 1488 35.
586 1458 716 1497 longius
725 1460 899 1498 prolapsus

151 1512 251 1539 -sum,
267 1512 311 1532 se.
330 1501 478 1531 dicendo.
496 1501 590 1532 sont.
607 1506 638 1536 9.
655 1502 789 1532 verbum
808 1513 827 1532 a
842 1513 900 1532 eu-

164 1546 306 1587 piditate
315 1547 517 1585 prolapsum.

205 1590 367 1620 Prota-sio.
384 1588 465 1618 Coel.
481 1591 530 1622 17.
546 1587 604 1618 sed
614 1588 719 1619 Graev.
732 1588 876 1619 malebat
890 1601 896 1618 :

154 1635 328 1675 prolapsio.

204 1676 374 1714 Prolatus,
387 1675 578 1715 ampliatus,
592 1675 726 1706 dilatus.
738 1676 832 1706 Brut.
845 1677 898 1707 92.

161 1729 212 1751 res
223 1721 366 1760 prolata.
391 1718 479 1749 Mur.
500 1722 548 1749 13.
566 1721 704 1759 prolatis
720 1719 838 1749 rebus:
863 1719 897 1750 h.

160 1774 191 1794 e.
209 1764 242 1792 in
252 1763 399 1801 justitio,
416 1762 467 1792 vel
482 1768 618 1802 propter
632 1762 743 1800 ferias,
759 1762 810 1792 vel
827 1762 898 1792 aliis

160 1807 201 1836 de
225 1807 343 1836 causis.
366 1816 396 1836 v,
421 1806 552 1836 Manut.
576 1806 617 1836 cf.
634 1805 704 1836 Att.
721 1807 786 1836 xiV.
804 1809 833 1837 5.
857 1806 898 1846 Q.

159 1850 211 1880 Fr.
236 1850 282 1880 iii.
305 1853 336 1880 8.
361 1852 380 1870 ²¹²
393 1849 592 1889 divulgatus.
615 1849 719 1881 Attic.
739 1860 769 1880 x.
788 1853 818 1880 8.
843 1860 898 1880 ru-

161 1903 234 1924 mor
250 1893 289 1923 de
307 1893 416 1932 aliquo
426 1895 586 1933 prolatus.

204 1937 307 1967 Prota
310 1938 363 1974 tio,
381 1937 666 1974 commemoratio,
684 1937 740 1968 Or.
758 1939 900 1977 311110-

162 1982 238 2011 latio
254 1979 493 2020 exemplorum.
521 1980 540 1998 ³⁷*
552 1980 607 2010 dil
609 1982 678 2011 itio.
704 1981 786 2011 Rab.
806 1980 898 2011 Perd.

161 2023 481 2065 3.prolatiojudieii.
497 2023 516 2042 ’ἕ
528 2024 746 2054 continuatio.
765 2024 805 2054 ad
822 2025 897 2054 Div.

159 2078 190 2098 v.
224 2068 272 2098 16.
298 2069 437 2106 prolatio
465 2072 655 2107 temporum
682 2067 899 2107 perditorum.

159 2114 179 2133 *²
194 2111 262 2142 Att.
286 2111 341 2141 vii.
370 2113 419 2142 12.
435 2112 576 2152 prolatio
590 2121 714 2149 rerum,
731 2118 782 2141 est
799 2112 900 2151 justi-

162 2156 262 2185 tium.

204 2199 406 2236 protectore,
424 2198 565 2228 allicere.
589 2197 697 2228 Flacc.
713 2200 743 2229 8.

203 2242 404 2273 Promittere
415 2242 456 2272 ad
471 2241 630 2281 aliquem,
642 2252 688 2272 sc.
703 2251 716 2270 x
725 2245 898 2279 exiturum,

161 2286 249 2325 apud
264 2296 341 2315 eum
358 2285 510 2315 coenandi
527 2295 635 2315 causa.
651 2286 708 2315 Or.
721 2285 754 2315 ii.
768 2288 798 2319 7.
816 2294 901 2325 prae-

161 2329 282 2366 dicere,
300 2329 340 2359 de
355 2339 389 2359 re
407 2329 506 2359 mala.
530 2329 571 2358 ad
587 2329 663 2359 Div.
679 2329 722 2358 xi.
744 2332 768 2358 1.

160 2371 421 2447 iiPioynerz'tus,
445 2373 480 2402 in
504 2372 627 2402 malain
650 2378 792 2413 partem.
825 2371 899 2401 Inv.

188 2419 266 2447 ..⁴28
306 2414 310 2420 ’

160 2425 409 2498 u·P›omotum‚
425 2457 619 2501 προηγμένον.
644 2457 715 2488 Fin.
730 2458 776 2488 iii.
797 2458 845 2489 16.
869 2468 898 2489 v.

159 2512 290 2542 argum.
307 2503 405 2540 hujus
422 2502 507 2532 libri.

202 2546 445 2584 Promulgatim
472 2551 525 2575 est
549 2544 645 2584 legis,
672 2555 749 2575 cum
775 2545 899 2584 scripta

158 2590 359 2631 proponitur
383 2595 461 2619 ante
485 2589 631 2618 comitia.
658 2588 699 2618 ad
722 2589 796 2618 Div.
820 2589 842 2618 i.
866 2591 897 2619 5.

160 2633 289 2664 nefaria
298 2633 527 2671 promulgatio.
552 2631 594 2661 cf.
609 2632 692 2671 Leg.
707 2632 754 2661 iii.
774 2635 822 2666 19.

205 2676 376 2712 promtus,
388 2677 599 2715 conspicuus,
617 2684 683 2705 non
699 2675 900 2706 occultatus.

159 2719 272 2750 Plano.
292 2721 341 2750 14.
367 2719 462 2748 vultu
472 2723 639 2758 promtum
655 2719 774 2749 habuit
789 2722 823 2748 et
837 2719 901 2749 lin-

160 2773 228 2803 gua
249 2762 406 2792 dolorem.
430 2762 526 2792 Rosc.
556 2763 630 2792 Am.
654 2765 707 2792 40.
732 2767 901 2802 promtum

158 2811 195 2840 et
221 2806 427 2846 propositum
454 2811 525 2834 est:
554 2805 588 2835 h.
615 2816 645 2836 e.
670 2810 837 2845 apertum,
861 2811 902 2836 ut

159 2849 306 2899 intelligi
327 2849 435 2892 possit
455 2848 563 2894 {asile-
587 2848 644 2883 Or.
668 2849 717 2880 iii.
742 2853 794 2885 57.
818 2849 902 2883 enai-

667 67 813 98 INDEX
851 69 1144 100 LATINITA'ris.

941 159 1056 188 nentia
1071 162 1105 188 et
1115 161 1259 200 promto.

983 201 1221 238 Pronum-iare,
1237 200 1444 241 promittere.
1470 200 1602 233 Cluent.
1620 202 1673 237 29.

940 255 1039 284 quam
1063 255 1121 286 pro
1144 254 1200 275 reo
1221 245 1464 284 pronunciasset
1487 246 1675 284 pecuniam.

939 297 970 318 ν.
986 288 1092 318 Graev.
1109 288 1151 318 cf.
1168 288 1278 318 Plane.
1300 290 1348 318 18.
1372 288 1614 327 *pronunciare
1625 289 1675 319 di-

940 335 1063 361 cuntur
1079 333 1292 371 magistratus
1309 331 1436 361 edictis.
1451 331 1547 362 Verr.
1563 333 1608 362 iii.
1621 334 1675 363 220.

939 374 958 392 *²
974 374 1133 405 Consules
1157 376 1379 415 pronunciant
1406 375 1603 412 sententias,
1633 374 1676 404 ad

939 417 1014 447 Div.
1038 418 1059 448 i.
1084 420 1113 448 2.
1139 428 1215 448 cum
1241 428 1260 447 a
1281 418 1488 448 senatoribus
1504 427 1578 456 quae
1600 427 1676 448 sen-

938 461 1056 490 tentiae
1082 461 1179 491 dictae
1206 462 1287 498 sint,
1311 462 1454 491 breviter
1481 461 1610 498 dieunt,
1640 464 1675 490 et

940 503 1058 533 deinde
1075 504 1108 533 in
1126 513 1180 533 eas
1197 504 1428 535 discessionem
1451 504 1521 534 fieri
1538 504 1675 543 jubent.

984 546 1230 585 Pronunoz'otio,
1267 549 1470 578 enunciatio.
1514 547 1583 578 Fat.
1626 550 1674 578 ll.

939 590 1092 620 *dieitur
1124 591 1226 620 etiam
1257 590 1295 620 de
1319 591 1500 630 Judi1·ibus.
1540 591 1676 621 Cluent.

982 676 1226 707 Prouzmciator
1239 686 1348 707 rerum
1365 683 1547 717 gestarum,
1563 678 1604 708 de
1625 677 1677 708 hi-

939 720 1070 749 storico.
1095 719 1189 750 Brut.
1207 723 1258 751 83.

984 762 1124 793 Pronus.
1146 763 1247 794 Tusc.
1264 764 1284 794 i.
1309 767 1356 794 18.
1382 763 1428 793 nil
1450 763 1550 794 hahet
1566 766 1674 805 proni.

940 807 961 836 i.
978 818 1006 836 e.
1025 807 1112 846 quod
1129 807 1169 836 ad
1185 807 1290 837 infera
1306 808 1446 844 nitatur,
1461 807 1598 838 feratur.

985 850 1191 890 qumgore,
1218 851 1425 880 continuare.
1452 851 1546 881 Prov.
1576 851 1675 881 Cons.

941 896 972 924 8.
989 899 1196 934 propagatur
1219 895 1412 935 impunitas.
1437 894 1478 924 ef.
1495 894 1568 924 Cat.
1590 895 1624 924 ii.
1643 897 1676 924 5.

919 937 1041 969 ,Dom.
1064 941 1116 967 33.
1141 938 1193 967 Sic
1213 939 1407 977 propagatio
1422 947 1480 978 pro
1498 939 1675 968 continua-

940 981 1042 1010 tione.
1075 981 1115 1010 acl
1130 981 1206 1011 Div.
1222 991 1251 1010 v.
1273 984 1320 1011 15.
1344 981 1443 1011 'suso
1460 981 1481 1011 i.
1498 984 1551 1012 35.
1575 982 1675 1012 Doni.

941 1027 993 1054 δά.
1016 1029 1052 1053 et
1070 1029 1271 1064 propagator
1294 1025 1483 1064 proxim-iae,
1510 1024 1581 1055 Att.
1607 1025 1675 1054 viii.

941 1071 972 1097 3.
1005 1067 1060 1105 qui
1084 1067 1178 1104 facit,
1195 1075 1233 1097 ut
1257 1067 1374 1106 aliquis
1397 1069 1521 1098 diutius
1544 1069 1677 1108 provin-

941 1111 1025 1140 ciam
1043 1111 1205 1140 obtineat.
1234 1111 1407 1151 Quomodo
1423 1111 1553 1142 differat
1569 1121 1588 1141 a
1600 1121 1677 1152 pro-

940 1164 1071 1192 rogare,
1089 1163 1118 1184 v.
1142 1155 1176 1184 in
1201 1153 1233 1184 h.
1257 1165 1286 1184 v.
1311 1155 1418 1184 *eum
1442 1155 1562 1186 dativo.
1587 1158 1678 1185 Sext.

941 1201 994 1228 48.
1016 1202 1245 1238 propagantur
1260 1198 1458 1238 posteritati.

984 1241 1101 1280 Prope.
1134 1241 1227 1271 Verr.
1257 1251 1288 1271 v.
1320 1242 1372 1273 36.
1407 1251 1469 1271 nec
1499 1241 1676 1280 quicquam

935 1287 1070 1325 propius
1092 1284 1220 1314 factum
1244 1289 1304 1315 est.
1350 1285 1480 1315 Servius
1515 1284 1554 1315 ad
1587 1285 1676 1324 Virg.

940 1329 1016 1358 AEn.
1040 1328 1108 1358 viii.
1131 1331 1183 1362 78.
1207 1329 1448 1368 interpretatur
1463 1329 1584 1358 citius:
1609 1338 1677 1358 non

940 1373 1020 1402 satis
1044 1377 1210 1402 accurate.
1255 1373 1378 1402 Sensus
1401 1378 1475 1402 est:
1498 1381 1676 1412 perparum

941 1415 1060 1452 abfuit,
1085 1416 1166 1453 quin
1194 1416 1300 1446 fieret.
1337 1416 1460 1446 *Verr.
1483 1425 1513 1446 V.
1538 1417 1570 1447 2.
1608 1419 1678 1446 tam

934 1469 1036 1498 prope
1051 1459 1091 1488 ab
1107 1459 1287 1498 provincia.

984 1502 1235 1542 Propemodum.
1265 1502 1330 1533 Off.
1352 1502 1386 1532 ii.
1412 1502 1443 1533 8'.
1470 1507 1554 1533 extr.
1575 1502 1677 1532 utris—

940 1555 1004 1584 que
1021 1549 1071 1575 est
1087 1546 1316 1585 propemodum
1339 1546 1583 1586 comparanda:
1608 1546 1629 1575 i.
1646 1555 1677 1576 e.

940 1599 1041 1629 prope
1055 1589 1096 1618 ad
1111 1589 1252 1618 eundem
1270 1589 1421 1627 modum,
1432 1594 1473 1619 ut
1487 1589 1567 1619 vidit
1581 1589 1677 1619 Pear-

941 1633 1023 1662 cius.
1048 1632 1111 1662 Sed
1126 1632 1316 1672 exemplum
1332 1633 1421 1662 aliud
1438 1632 1597 1662 desidero.

983 1676 1190 1716 propendere
1197 1676 1459 1715 praeponderare.
1469 1675 1570 1706 Tusc.
1579 1686 1608 1706 ν.
1624 1679 1660 1707 31
1670 1699 1678 1706 .

985 1720 1158 1759 Propense.
1175 1719 1216 1749 ad
1233 1719 1306 1750 Div.
1323 1720 1380 1749 xii.
1400 1722 1448 1751 15.
1465 1720 1487 1750 i.
1502 1729 1530 1750 e.
1547 1719 1678 1750 lubenti

941 1764 1064 1793 animo.

984 1807 1136 1847 Propior,
1152 1806 1303 1837 similior.
1325 1806 1418 1836 Verr.
1436 1806 1476 1836 iv.
1494 1810 1546 1838 50.

984 1849 1179 1890 Proponere,
1192 1851 1231 1880 de
1248 1850 1390 1890 praemiis
1403 1855 1437 1879 et
1452 1851 1567 1889 poenis.
1583 1849 1678 1881 Verr.

941 1904 970 1925 r.
990 1897 1041 1924 58.
1065 1894 1111 1924 iii.
1135 1898 1188 1928 79.
1211 1893 1291 1923 ordo
1305 1893 1490 1923 senatorius
1507 1893 1679 1923 industriae

935 1939 1114 1978 propositus
1135 1942 1197 1968 est.
1221 1937 1382 1977 *publice
1406 1936 1585 1975 legendum
1609 1937 1679 1967 affi-

942 1991 1030 2021 gere.
1064 1981 1134 2011 Art.
1150 1981 1184 2011 ii.
1202 1982 1254 2011 ί21.
1288 1980 1393 2017 loeus,
1409 1980 1466 2010 ubi
1482 1980 1677 2020 edictapro-

935 2029 1116 2065 ponuntur.
1139 2024 1257 2063 Quint.
1276 2026 1324 2054 15.
1346 2033 1523 2064 proponere
1537 2023 1677 2054 libellos.

942 2069 1155 2108 *praesu—ere.
1181 2068 1268 2097 Sext.
1291 2068 1344 2098 65.
1370 2070 1409 2097 ut
1430 2067 1606 2097 consilium
1629 2076 1681 2096 se-

942 2116 1040 2142 natus
1067 2111 1207 2151 reipubl.
1226 2115 1449 2150 proponerent.
1473 2110 1544 2140 *de
1566 2120 1680 2150 scopo,

942 2165 1075 2186 summa
1090 2155 1148 2186 rei.
1164 2154 1248 2185 rin.
1264 2164 1294 2183 v.
1311 2154 1342 2184 6.
1373 2153 1460 2193 quod
1476 2156 1675 2194 propositum

942 2200 986 2229 sit
997 2199 1072 2229 arti.
1085 2199 1127 2229 cf.
1145 2197 1226 2229 Coel.
1240 2201 1270 2228 3.
1287 2197 1356 2227 *de
1372 2197 1588 2237 philosophis,
1599 2207 1679 2228 eum

940 2246 1073 2282 ponunt
1088 2242 1128 2272 de
1141 2251 1206 2281 quo
1219 2241 1342 2271 dicant.
1357 2241 1457 2271 Tusc.
1472 2251 1502 2270 v.
1517 2244 1550 2272 4.
1567 2241 1614 2271 sic
1626 2245 1679 2270 est

935 2287 1149 2326 propositum,
1173 2285 1212 2314 de
1236 2295 1300 2323 quo
1323 2285 1581 2324 disputaremus.
1619 2284 1674 2314 sie

941 2333 992 2359 est
1015 2329 1116 2359 etiam
1140 2328 1210 2359 Fat.
1234 2330 1266 2359 2.
1291 2328 1347 2358 ubi
1364 2327 1449 2358 male
1465 2327 1679 2368 reprehendi-

940 2377 998 2403 tur
1012 2382 1032 2402 a
1047 2373 1191 2403 Davisio.
1214 2371 1234 2390 ²*
1244 2380 1515 2401 commemorare.
1537 2370 1612 2410 Lig.
1627 2373 1677 2401 11.

940 2426 1075 2457 possum
1087 2416 1274 2446 notissimos
1281 2416 1367 2445 viros
1369 2424 1558 2455 proponere.
1567 2414 1586 2433 ²*
1595 2414 1676 2444 item

941 2460 980 2490 de
996 2460 1113 2499 majori
1128 2458 1319 2499 syllogismi.
1343 2457 1413 2488 Inv.
1430 2458 1451 2488 i.
1466 2461 1518 2492 39.
1536 2461 1680 2497 quatuor

941 2503 1089 2543 partibus
1104 2507 1237 2532 constat
1248 2501 1515 2541 argumentatio:
1531 2511 1606 2531 cum
1620 2507 1681 2531 aut

933 2547 1154 2588 proponimus,
1171 2549 1230 2576 aut
1247 2545 1445 2575 assumimus
1458 2545 1517 2574 &tn
1547 2544 1590 2574 cf.
1607 2544 1679 2574 Fat.

941 2591 972 2621 6.
989 2595 1073 2620 extr.
1090 2589 1147 2619 ubi
1165 2589 1249 2618 male
1266 2588 1420 2619 Davisius
1441 2587 1588 2628 positum
1611 2587 1678 2626 legi

941 2633 1024 2663 vult.
1060 2632 1148 2662 Hine
1179 2633 1214 2662 in
1243 2632 1435 2661 universum
1473 2632 1530 2661 Or.
1559 2631 1592 2661 ii.
1624 2633 1682 2662 53.

940 2676 1324 2715 sumtiones‚proposita.
1355 2677 1374 2695 *ι
1386 2675 1456 2704 Att.
1474 2685 1504 2704 v.
1525 2677 1573 2705 10.
1592 2673 1676 2704 nihil

941 2725 1014 2750 erat
1035 2720 1236 2759 propositum
1260 2718 1301 2748 ad
1327 2718 1561 2748 scribendum:
1587 2717 1621 2748 h.
1643 2727 1674 2748 e.

942 2763 1036 2799 nulla
1051 2773 1071 2793 a
1083 2767 1117 2792 te
1133 2762 1212 2792 data
1225 2762 1364 2792 occasio.

985 2806 1165 2846 Proportio.
1188 2805 1236 2835 sic
1262 2809 1314 2835 est
1338 2804 1378 2839 de
1406 2804 1506 2840 Univ.
1532 2814 1562 2836 c.
1585 2805 1618 2836 4.
1645 2813 1677 2834 v.

941 2853 1012 2886 not
1028 2849 1072 2885 ad
1084 2849 1178 2882 Verr.
1193 2848 1235 2882 iv.
1251 2849 1303 2881 21.
