1800 3131
178 52 262 93 394

225 150 407 184 Proedium.
424 151 518 185 Verr.
537 155 585 186 iii.
602 155 654 188 86.
678 156 779 189 habet
796 158 830 189 in
848 168 909 189 nu-

181 196 260 233 mis,
277 197 312 227 in
323 197 458 228 urbanis
469 200 613 239 proedc'is.
630 200 766 232 Praedia
781 203 910 232 urbana

180 244 262 269 sunt
279 241 367 281 apud
380 240 482 272 JCtos
498 244 613 274 omnia
624 244 778 284 aedifmia,
790 246 856 275 sive
873 246 908 275 in

179 283 276 322 urbe,
293 285 359 314 sive
385 285 420 315 in
445 286 535 324 villa,
552 288 593 318 ad
608 289 815 319 urbanorum
838 299 908 319 mo-

180 326 262 356 dum
287 327 387 358 facta.
410 328 596 361 Justinian.
621 330 732 362 Instit.
758 333 792 362 ii.
820 335 851 363 3.
875 335 909 362 et

178 368 202 400 l.
224 374 294 404 198.
311 371 350 401 de
376 370 474 403 Verb.
497 374 607 414 signif.
635 375 707 405 add.
725 376 841 406 Burm.
868 376 908 405 ad

180 413 272 445 Suet.
290 414 406 446 Claud.
423 419 476 448 38.
495 425 527 448 et
545 417 727 449 Christiuin
754 425 907 449 nostrum

181 457 217 488 in
233 457 379 490 villatic.
398 470 430 500 p.
446 463 498 494 89.

225 500 380 533 Proeesse.
404 504 461 534 Or.
479 504 499 533 i.
517 507 568 535 55.
582 505 755 535 clarissimi
774 506 859 535 cives
876 506 906 536 ei

177 544 292 575 studio
319 547 421 576 etiam
447 546 544 577 hodie
565 554 737 588 presunt:
762 549 794 578 h.
818 559 847 579 e.
877 549 907 579 ei

178 598 314 628 operam
343 589 437 627 dant,
464 596 498 619 et
527 591 562 620 in
593 602 631 621 eo
661 591 842 623 excellunt.
865 592 906 622 ad

179 631 258 664 Div.
280 633 301 662 i.
320 637 350 667 7.
365 634 571 673 temporibus
590 639 689 674 atque
710 635 800 665 laudi
823 646 906 666 meae

174 675 359 716 prcejiaeisei:
384 676 416 706 h.
441 687 470 706 e.
494 676 677 716 plurimum
696 689 749 709 me
772 679 903 717 juvisti,

179 719 328 758 mihique
344 719 465 749 favisti.
488 721 545 750 Or.
562 721 582 751 i.
603 725 652 753 10.
678 722 843 762 Frequens
855 728 907 753 est

178 762 215 792 in
232 762 392 802 epistolis,
410 764 506 793 rebus
524 774 591 794 non
616 766 714 796 modo
730 767 903 804 interesse,

179 806 238 835 sed
255 806 356 835 etiam
367 816 500 846 pra’esse
512 820 521 836 .-
537 808 625 847 quod
637 809 720 840 nihil
737 809 827 840 aliud
842 813 903 847 est,

176 859 280 887 quam
294 849 509 889 consulendo,
523 853 685 891 curando,
701 854 905 893 providendo

176 902 247 923 rem
258 893 387 931 juvare.
410 894 514 924 dctus
531 894 655 926 dicitur
667 906 803 936 proeesse
825 907 905 927 con-

151 934 155 938 “
176 936 372 966 troversiam
402 938 606 976 intendenti,
637 950 736 979 quem
768 941 905 971 consilio

168 978 283 1018 juvat,
307 981 361 1009 cui
377 980 536 1012 formulas
562 982 629 1013 dat.
656 984 715 1013 &e.
739 984 831 1015 Verr.
855 985 924 1022 iii.¹

177 1026 232 1057 77.
245 1023 412 1063 prce-sitisti.
429 1025 462 1055 in
480 1027 659 1065 provincia.

222 1066 445 1106 Pragfhetura.
471 1070 598 1106 civitas,
616 1081 689 1109 quae
705 1081 812 1110 neque
828 1082 903 1102 suas

175 1109 280 1148 leges,
312 1121 419 1150 neque
450 1122 525 1143 suos
549 1115 763 1153 magistratus
790 1115 902 1154 habet,

177 1153 236 1183 scd
253 1162 311 1184 aut
328 1164 347 1184 a
374 1160 514 1195 praetore
542 1157 580 1188 R.
611 1163 670 1188 aut
700 1169 719 1189 a
739 1158 902 1199 prcrj'ecto,

176 1207 276 1235 quem
293 1203 416 1237 praetor
430 1199 533 1238 dedit,
551 1201 814 1232 administratur.
840 1203 903 1233 Ra-

175 1240 237 1270 bir.
257 1241 350 1272 Perd.
378 1246 407 1273 8.
431 1245 538 1274 omnis
554 1244 771 1284 profectura,
799 1247 902 1285 regio,

179 1285 335 1315 vicinitas
352 1292 472 1317 vestra.
500 1288 541 1317 ef.
558 1288 600 1318 N.
617 1289 660 1319 D.
687 1290 720 1319 ii.
748 1292 778 1321 ΕΖ.
805 1300 835 1320 ν,
863 1289 902 1319 de

173 1328 384 1368 prqt'eelurz's
401 1330 512 1370 Sigon.
529 1331 606 1362 Ant.
624 1331 697 1363 Jur.
712 1333 788 1364 Ital.
801 1333 834 1363 ii.
853 1337 900 1364 10.

175 1381 225 1411 sq.
250 1372 269 1390 ᾖ
285 1382 406 1403 munus
425 1375 586 1413 praefecti,
609 1375 643 1406 in
670 1377 827 1407 exercitu.
857 1378 899 1417 (V.

176 1415 381 1455 praefectus.)
408 1417 479 1448 Att.
497 1419 538 1448 vi.
558 1422 586 1449 1.
603 1420 824 1460 profecturas
848 1430 902 1450 su-

177 1468 279 1489 mere.
293 1460 370 1490 ibid.
389 1461 466 1491 dare
475 1467 510 1491 et
521 1462 647 1493 deferre
653 1463 899 1504 projecturum.

176 1501 221 1532 ib.
238 1513 267 1532 v.
284 1505 336 1533 91.
359 1508 472 1543 petere
484 1506 729 1545 proefeclut·am.

221 1545 414 1586 Praejectzts.
427 1549 461 1578 in
471 1550 581 1580 Caecil.
601 1550 827 1591 Hyr-asseclas
836 1551 902 1581 An-

175 1590 275 1620 tonii.
292 1590 381 1621 Balb.
401 1594 451 1622 28.
464 1592 640 1633 praefectus
652 1595 794 1625 fabrum.
806 1595 901 1626 Proe-

162 1631 337 1672 fictorum
368 1644 491 1673 genera
517 1642 660 1675 quatuor
684 1638 786 1668 fuere.
812 1639 900 1669 Nam

174 1675 268 1706 fuere
283 1677 426 1717 profecti
447 1682 592 1718 alarum,
617 1682 673 1720 qui
693 1683 900 1721 equestribus

174 1721 296 1750 turmis
322 1728 501 1761 praeerant,
511 1724 661 1764 profecti
685 1731 899 1764 evocatorum,

175 1763 325 1803 prce-secti
338 1765 496 1804 flzbrffm,
513 1772 542 1797 et
557 1769 727 1799 civitatum
744 1769 899 1808 denique,

174 1806 209 1836 h.
226 1817 254 1837 e.
271 1809 325 1846 qui
339 1819 358 1838 a
374 1810 571 1849 magistratu
587 1813 781 1851 provinciali
799 1814 832 1843 in
845 1823 900 1843 eas

178 1850 329 1882 civitates
359 1853 590 1892 mitterentur,
623 1856 657 1885 in
683 1857 802 1896 quibus
829 1857 898 1897 ipse

173 1895 305 1925 assidue
321 1905 391 1926 esse
399 1906 466 1927 non
478 1905 601 1938 posset,
613 1904 651 1929 ut
662 1900 719 1939 jus
738 1901 898 1931 dicerent.

175 1937 216 1967 de
232 1939 372 1978 singulis
398 1941 462 1971 vid.
490 1949 644 1972 accurate
670 1944 899 1984 disputantem

176 1981 311 2012 Manut.
328 1983 370 2013 ad
386 1983 455 2014 Cic.
471 1995 523 2025 ep.
542 1986 582 2016 ad
610 1987 684 2018 Div.
701 1988 734 2017 ii.
762 1991 809 2021 17.
835 1987 899 2023 Sed

173 2024 209 2054 hi
236 2025 384 2065 prqt'ectz‘
415 2037 529 2059 omnes
567 2030 741 2068 militares,
772 2034 830 2061 aut
864 2032 898 2061 in

173 2071 352 2108 provinciis
368 2070 461 2101 fuere
475 2084 481 2102 :
500 2073 618 2112 quibus
634 2074 716 2104 adde
734 2084 824 2112 eum,
841 2075 897 2113 qui

172 2121 193 2141 a
210 2112 353 2143 Praetore
369 2114 464 2146 Rom.
483 2117 518 2146 in
541 2115 640 2147 Italia
664 2119 699 2148 in
723 2118 898 2158 praefectu-

172 2165 244 2186 ram
273 2157 432 2188 mittitur.
459 2169 488 2189 v.
512 2161 768 2200 praefecturas*
778 2160 898 2201 proffe-

172 2203 243 2229 ctus
257 2211 396 2239 morum,
414 2203 454 2232 ad
474 2204 550 2233 Div.
565 2205 608 2235 ix.
629 2208 675 2235 15.
692 2209 743 2235 est
759 2215 894 2235 censor:

172 2243 231 2280 qui
248 2248 281 2273 et
298 2245 443 2276 moribus
466 2247 588 2278 civium
602 2258 741 2288 praeesse
763 2248 896 2279 dicitur.

174 2284 310 2317 Cluent.
326 2289 379 2319 46.

217 2329 398 2369 Ρνιζτὲννε,
430 2334 616 2366 ostendere.
650 2336 745 2366 Rosc.
773 2336 811 2365 A.
841 2339 893 2367 31.

167 2373 309 2413 proefers
330 2377 514 2408 avaritiam.
539 2389 597 2419 pro
618 2389 685 2419 prae
712 2384 746 2409 te
761 2379 839 2417 fers,
858 2388 896 2409 ut

171 2417 324 2447 nonnulli
340 2418 404 2458 legi
418 2419 544 2452 volunt.

216 2458 390 2501 Prcfficrre
406 2473 482 2494 cun]
506 2466 551 2495 in.
575 2466 662 2495 Sext.
684 2469 732 2497 18.
749 2470 834 2496 extr.
860 2467 894 2496 in

170 2505 319 2534 exercitu
330 2506 535 2546 praefecerat.
553 2519 583 2539 v.
599 2514 632 2539 et
648 2519 799 2549 praeesse.

216 2546 384 2588 Prafim'o,
403 2552 572 2592 praecipio,
593 2553 783 2593 praescribe.
800 2554 892 2585 Verr.

170 2598 201 2620 v.
217 2591 270 2621 68.

212 2632 433 2674 Pra'fmetm,
461 2638 500 2669 de
525 2644 667 2676 oratore,
696 2643 749 2669 est
779 2638 893 2677 durus,

168 2684 278 2718 asper,
296 2679 404 2709 minus
420 2684 526 2713 suavis
539 2688 572 2713 et
589 2683 690 2714 laevis.
713 2684 770 2713 Or.
791 2686 840 2714 13.

212 2718 423 2760 Pra'fuleire.
449 2726 519 2756 Att.
535 2737 565 2757 v.
584 2730 632 2758 13.
661 2726 816 2767 proesulei
844 2731 894 2756 at-

169 2771 233 2802 que
251 2767 426 2804 praeniuni.

169 2849 177 2856 ·
210 2805 385 2884 lProegtlwz
402 2811 538 2852 antique
554 2822 613 2854 pro
620 2823 811 2855 pra’guanc.
822 2813 892 2846 Att.

167 2859 190 2880 ι.
228 2854 260 2883 0.
275 2861 303 2883 v.
337 2858 402 2886 θα.

702 65 850 98 INDEX
879 63 1176 98 LAUNITATIS.

998 155 1238 199 Proejudicare'·.
1270 156 1374 200 Legg.
1405 161 1451 191 iii.
1480 163 1535 194 20.
1572 160 1612 194 de
1638 161 1678 194 iia

951 211 1101 232 censores
1119 200 1345 244 pvffjudicent.
1376 213 1407 235 ν.
1432 205 1676 244 praejudicium.

949 245 1038 275 unde
1055 245 1190 276 Cluent.
1209 248 1238 277 2.
1266 255 1307 276 ne
1329 247 1409 286 quid
1435 248 1499 279 huc
1516 248 1677 292 prejudi-

950 290 1015 319 caci
1033 290 1187 319 afferatis.

993 330 1244 374 Praejudicc'um.
1271 333 1305 363 in
1324 333 1436 364 Caecil.
1453 337 1485 366 4.
1510 345 1577 366 non
1586 346 1674 376 prae-

941 372 1120 416 judidum,
1137 377 1193 406 sed
1220 376 1319 417 plane
1340 377 1509 416 judicium
1530 380 1602 419 jam
1628 379 1678 410 fa-

951 424 1043 449 ctum
1071 423 1221 458 putatur.
1246 420 1351 450 *1nv.
1376 421 1410 451 ii.
1443 423 1494 453 20.
1513 420 1676 463 proejudi-

948 463 1034 492 cium
1051 463 1179 502 capitis.
1197 464 1218 493 i.
1235 464 1322 502 quod
1334 464 1375 494 ad
1386 465 1511 495 crimen
1529 466 1674 507 capitale

948 505 1129 545 pertineat,
1146 506 1233 536 unde
1250 517 1324 537 reus
1341 509 1401 537 fiat
1416 509 1545 549 capitis.

991 547 1178 579 Proemium
1228 560 1286 589 pro
1332 551 1417 581 dono
1462 552 1670 593 simpliciter.

946 591 1046 622 Tusc.
1065 596 1142 636 v.'7.
1175 592 1314 624 refertus
1335 596 1481 634 prcemiis
1506 596 1668 637 donisque

948 635 1105 665 fortunae.
1381 642 1386 647 ·

990 677 1227 710 Proemolestia.
1258 679 1358 711 Tusc.
1384 682 1426 712 iv.
1457 685 1509 722 30.
1543 688 1674 714 metum

942 724 1190 762 proemolestiam
1207 723 1427 763 appellabant.

992 764 1219 797 Praemunicio.
1245 768 1339 798 Orat.
1365 768 1398 798 ii.
1426 771 1478 803 75.
1503 769 1537 799 in
1563 769 1674 800 homi-

947 819 1005 839 nes
1034 820 1138 848 caros,
1160 810 1394 850 judicibusque
1403 811 1584 850 jucundos,
1600 814 1671 843 sine

945 852 1016 883 ulla
1057 856 1311 893 proemunz'tione
1350 855 1508 886 orationis
1549 856 1672 888 invehi.

946 897 1075 937 Nempe
1085 900 1295 937 praemunitio
1307 902 1368 936 est,
1382 909 1459 929 cnm
1472 903 1573 930 antea
1584 909 1675 940 quae-

947 940 1023 969 dam
1050 940 1202 979 dicimus,
1221 942 1338 981 quibus
1363 943 1518 980 efficitur,
1534 947 1572 973 ut
1596 943 1673 974 reli-

947 993 1046 1022 quam
1059 985 1243 1014 orationem
1262 986 1371 1016 minus
1382 995 1474 1026 aegre
1490 986 1600 1017 ferant
1615 987 1673 1025 ju·

946 1027 1045 1058 dices.
1063 1028 1225 1068 Exempla
1238 1029 1428 1068 hujusmodi
1442 1030 1674 1069 praemunitio-

947 1080 1028 1101 num
1056 1076 1135 1101 sunt
1153 1072 1187 1101 in
1213 1072 1268 1102 Or.
1295 1083 1345 1113 pr.
1368 1073 1522 1111 Murena,
1540 1073 1673 1111 Flacco,

946 1113 1093 1155 Ligario,
1109 1115 1279 1146 Marcello.

988 1158 1210 1189 Proemmzz're.
1231 1159 1312 1198 Leg.
1327 1159 1349 1189 i.
1365 1160 1414 1190 12.
1437 1168 1512 1199 quae
1521 1169 1669 1199 proemu-

944 1202 1086 1232 minatur
1097 1203 1211 1232 omnia
1222 1203 1349 1242 reliquo
1362 1203 1507 1233 sermoni
1522 1203 1670 1243 disputa-

943 1246 1095 1285 tionique
1118 1252 1253 1284 nostrae,
1269 1256 1334 1286 quo
1349 1246 1478 1276 facilius
1487 1247 1543 1286 jus
1559 1247 1593 1277 in
1610 1256 1669 1277 na-

945 1292 1021 1319 tura
1035 1289 1182 1329 positum
1209 1300 1292 1327 esse,
1318 1289 1460 1329 intelligi
1485 1291 1610 1330 possit:
1636 1289 1670 1322 h.

944 1342 972 1362 e.
1001 1333 1120 1372 quibus
1135 1333 1189 1363 via
1210 1339 1244 1364 et
1259 1333 1368 1364 aditus
1392 1333 1545 1364 munitur
1570 1339 1671 1374 atque

943 1381 1083 1416 paratur
1099 1377 1158 1407 &aa

987 1419 1162 1459 Proenotio,
1181 1420 1272 1450 notio
1299 1420 1411 1451 insita.
1437 1420 1481 1451 N.
1506 1420 1551 1452 D.
1568 1420 1590 1451 i.
1619 1423 1669 1454 Π.

944 1472 973 1493 v.
987 1464 1090 1493 notio.
1137 1492 1142 1496 .

986 1506 1119 1546 Proepes
1145 1508 1222 1537 avis.
1250 1507 1323 1538 Div.
1343 1508 1365 1537 i.
1381 1509 1434 1541 47.
1458 1517 1532 1547 quae
1556 1506 1669 1537 volatu

942 1551 1126 1589 auspicium
1146 1551 1234 1580 facit.

986 1592 1199 1633 Prsepositus.
1225 1594 1294 1625 Fat.
1317 1598 1365 1626 18.
1389 1596 1424 1624 et
1451 1594 1549 1624 alibi:
1580 1603 1671 1633 prae-

935 1639 1048 1677 ,νοείτω
1065 1647 1185 1667 cansae.
1204 1638 1225 1667 i.
1242 1648 1270 1667 e.
1289 1647 1362 1677 quae
1378 1637 1500 1668 adsunt
1517 1650 1524 1667 :
1543 1637 1606 1668 nisi
1621 1637 1668 1667 le-

943 1681 1089 1719 gendnm
1100 1683 1280 1721 propositoe.

986 1723 1214 1764 Prctposilum,
1231 1723 1416 1767 τεθηγμένον.
1442 1723 1513 1754 Fin.
1540 1724 1587 1755 iii.
1616 1724 1666 1755 16.

940 1766 1041 1797 Acad.
1058 1768 1078 1797 i.
1099 1771 1146 1798 10.

984 1809 1183 1851 propositio.
1199 1811 1238 1841 de
1254 1811 1369 1841 eadem
1386 1820 1431 1841 re.
1448 1810 1526 1841 ibid.

984 1852 1216 1894 Proeposterus.
1241 1856 1299 1885 Or.
1329 1855 1376 1885 iii.
1399 1857 1446 1885 13.
1465 1858 1664 1894 proeposleroe

940 1902 1106 1938 tempora,
1132 1908 1177 1928 sc.
1195 1899 1383 1934 verborum,
1401 1907 1478 1927 cum
1509 1898 1665 1938 imperfe-

941 1947 1047 1979 ctum,
1064 1945 1098 1971 et
1123 1941 1500 1983 plusquamperfectum,
1516 1948 1576 1972 aut
1586 1941 1664 1979 alia,

938 1989 1185 2024 permutantur.

983 2028 1180 2068 Proepocens.
1204 2029 1261 2059 Or.
1278 2028 1299 2058 i.
1315 2030 1368 2059 43.
1391 2029 1459 2059 sive
1483 2038 1582 2067 quem
1598 2028 1664 2058 ista

933 2076 1113 2113 proepotens
1131 2079 1164 2103 et
1182 2072 1324 2112 gloriosa
1350 2071 1560 2112 philosophia
1575 2071 1664 2101 dele-

941 2121 1021 2146 ctat.

982 2160 1180 2199 Praeripe’re,
1198 2162 1275 2188 ante
1291 2168 1421 2199 capere,
1438 2163 1658 2190 antevertere.
1702 2199 1710 2207 ·

937 2202 1008 2233 Att.
1027 2214 1057 2233 x.
1080 2207 1105 2232 1.
1122 2213 1187 2233 non
1198 2203 1404 2242 proeripiam,
1428 2203 1486 2233 sed
1502 2206 1660 2244 expecta-

937 2246 978 2276 bo
995 2247 1182 2277 consilium.

981 2289 1239 2329 Proerogatz‘vus.
1263 2289 1374 2320 Plane.
1392 2292 1445 2321 20.
1465 2289 1662 2329 prterogali·

936 2343 978 2364 va
996 2335 1158 2370 centuria.
1182 2334 1257 2363 Sen.
1273 2343 1305 2372 p.
1320 2333 1360 2363 R.
1377 2337 1408 2367 7.
1431 2333 1660 2373 praerogativa·

937 2380 1059 2408 custos.
1087 2378 1163 2408 Div.
1181 2377 1214 2406 ii.
1240 2380 1292 2408 35.
1322 2377 1443 2406 referre
1462 2377 1658 2416 praerogati-

936 2430 1025 2458 vam,
1053 2421 1175 2451 dieitur
1215 2424 1346 2459 rogator
1374 2421 1547 2459 centuriae„
1580 2428 1658 2450 cum

937 2464 1094 2504 suffragia
1119 2464 1246 2494 consuli
1274 2464 1460 2493 renunciat.
1482 2464 1524 2503 Ω.
1550 2463 1601 2493 Fr.
1624 2462 1660 2492 ii.

941 2510 988 2538 15.
1019 2508 1053 2537 in
1073 2509 1298 2547 precrogativa
1323 2508 1564 2547 praenunciare.
1597 2507 1659 2536 διε.

937 2552 989 2581 Sic
1020 2551 1142 2581 dieitur
1165 2551 1328 2586 centuria,
1358 2550 1409 2579 vel
1434 2551 1554 2587 tribus,
1583 2558 1659 2589 quae

937 2604 995 2635 per
1008 2599 1132 2625 sortem
1149 2594 1344 2634 accepitjns
1363 2594 1508 2633 primum
1530 2593 1659 2624 ferendi

935 2638 1094 2677 suffragii.
1118 2639 1163 2668 Et
1189 2639 1266 2677 quia
1291 2647 1311 2666 a
1336 2637 1454 2666 ceteris
1485 2637 1658 2673 centuriis,

935 2681 987 2712 vel
1016 2682 1182 2718 tribubus,
1212 2689 1342 2720 semper
1369 2679 1439 2710 fere
1468 2681 1658 2716 creabatur,

937 2735 1035 2765 quem
1056 2725 1279 2764 proerogativa
1303 2728 1444 2762 crearat,
1471 2723 1549 2763 (vid.
1580 2723 1657 2753 Mu-

937 2779 1006 2800 ren.
1023 2772 1070 2799 18.
1088 2768 1200 2798 Plane.
1221 2768 1286 2805 ⁶20.)
1307 2770 1340 2796 et
1353 2768 1430 2806 quia
1445 2767 1507 2797 hoc
1525 2776 1656 2806 quoque

935 2813 1161 2853 spectabatur,
1177 2816 1216 2840 ut
1224 2812 1448 2850 prm-agatiz'a
1460 2819 1583 2841 nomen
1600 2809 1658 2839 ha-

936 2857 1031 2888 beret
1052 2855 1129 2888 boui
1153 2855 1286 2893 ominis,
1320 2854 1422 2897 (unde
1451 2854 1529 2887 Div.
1544 2853 1579 2884 ii.
1605 2854 1659 2884 40.
