1800 3131
114 73 198 120 372

119 172 192 203 liaec
220 169 390 202 obstructio
418 177 484 199 non
522 166 681 198 diuturna
709 170 760 197 est
791 166 851 196 &c-

120 216 216 246 Sicut
245 223 319 254 quae
347 213 581 249 obstruuntur,
606 221 647 241 ea
674 214 851 251 teguntur,

123 268 192 290 non
228 260 426 294 cernuntur,
455 256 502 287 sic
538 253 708 286 simulatio
735 253 855 284 adimit

123 298 340 342 conspectum
357 300 426 330 veri
441 309 556 330 sensus
572 303 607 329 et
622 297 736 328 animi.

172 343 432 385 Obstupefactus,
455 343 495 374 de
521 345 632 373 mente
655 341 748 371 ebrii.
778 339 855 371 Div.

122 390 145 420 i.
173 391 226 423 29.
258 398 335 419 cum
358 388 401 418 sit
428 386 647 418 immoderato
676 381 856 425 obstupefa-

121 437 176 463 cta
191 436 274 472 potu
289 435 389 471 atque
404 439 514 472 pastu.

173 475 357 513 Obtentare,
394 477 594 506 sustentare.
630 471 701 502 Att.
732 471 775 500 ix.
807 471 856 499 10.

124 528 199 560 spes
227 519 379 560 quaedam
409 529 462 549 me
491 516 683 553 obtentabat,
711 514 793 544 fore.
825 522 856 543 v.

127 567 198 594 not.
837 584 842 589 .

173 606 335 643 obterere,
351 611 575 636 contemnere.
593 601 674 634 Div.
692 600 714 630 i.
733 600 783 631 16.
807 608 859 629 ar-

126 653 196 681 tem
218 652 358 681 obterere
379 647 589 687 extispicum.
623 643 703 675 Coel.
729 647 779 678 19.
809 643 859 673 ob-

126 699 232 725 terere
245 693 445 733 voluptates.

176 737 358 768 obtestatio.
385 734 480 765 Balb.
505 735 554 764 14.
590 731 779 762 sanctiones
808 738 860 759 sa-

126 781 259 812 crandae
282 784 375 816 sunt,
389 781 447 808 aut
463 785 583 816 genere
606 776 688 815 ipso,
705 778 764 804 aut
778 773 860 803 obte-

124 825 260 855 statione
275 828 310 853 et
326 821 572 853 consecratione
585 818 680 858 legis,
693 821 752 848 aut
762 826 861 857 poena

128 868 189 898 ἃς.
218 867 251 897 h.
278 877 306 896 e.
330 864 454 906 populo
484 873 543 904 per
567 861 791 901 legislatorem
818 859 861 890 ad

122 910 360 952 jusjurandum
386 906 562 947 adigendo,
579 915 643 945 quo
659 905 764 944 juret,
779 904 861 934 obte-

126 959 229 992 stans,
245 954 278 984 h.
294 963 323 984 e.
340 957 444 983 testes
459 951 585 981 faciens
600 949 703 985 Deos,
720 957 755 978 se
775 946 860 977 velle

127 998 237 1038 legem
248 1005 396 1027 servare:
422 994 510 1025 unde
528 993 617 1033 leges
629 995 779 1022 sacratae.
795 991 860 1021 vid.

126 1042 292 1072 Schwarz.
312 1040 400 1071 Diss.
426 1038 466 1068 de
489 1037 722 1068 Detestatione
746 1035 861 1065 Sacro-

127 1095 202 1115 rum
222 1087 252 1122 ξ.
272 1086 322 1115 15.
350 1083 370 1102 '¹‘
382 1082 510 1113 Domit.
528 1083 581 1111 48.
613 1079 693 1119 quid
708 1088 786 1118 ergo
801 1083 862 1109 tua

129 1129 187 1159 illa
207 1133 281 1159 tum
301 1127 461 1157 obtestatio
482 1123 652 1155 tibicinis?
686 1122 764 1153 Fuit
786 1131 861 1162 pars

127 1172 319 1202 ccrimoniae
336 1171 371 1200 in
387 1168 663 1200 dedicationibus.
707 1166 793 1196 Cum
810 1166 862 1195 in-

129 1220 292 1256 terpretes
326 1213 411 1244 nihil
454 1212 497 1242 ad
528 1211 562 1241 h.
590 1210 612 1241 l.
650 1209 776 1246 dicant,
811 1208 861 1239 Cl.

131 1258 336 1290 Sehwarzius
351 1257 373 1287 1.
391 1266 419 1286 c.
439 1258 468 1293 ξ.
493 1255 543 1285 16.
567 1257 665 1294 putat
686 1253 862 1284 obtestatio-

127 1312 202 1334 nem
222 1312 293 1333 esse
311 1299 464 1337 eandem,
481 1307 554 1338 quae
571 1301 606 1327 et
620 1297 799 1327 detestatio
814 1295 864 1326 di-

130 1351 239 1384 catur,
265 1345 299 1375 h.
323 1354 352 1375 e.
386 1341 681 1373 denunciationem
717 1339 861 1370 testibus

128 1389 348 1430 praesentibus
364 1386 499 1417 factam.
541 1384 658 1425 Qualis
674 1388 789 1414 autem
806 1381 864 1414 illa

127 1433 276 1463 tibicinis
289 1432 451 1462 obtestatio
465 1439 491 1460 s.
508 1427 724 1458 denunciatio
747 1426 863 1464 fuerit,

129 1486 197 1507 non
221 1476 323 1506 addit.
371 1473 457 1505 Mihi
480 1472 612 1503 videtur
634 1471 723 1500 facta
745 1470 863 1500 iisdem

127 1519 370 1561 propemodum
393 1517 514 1554 verbis,
537 1515 655 1554 quibus
688 1515 864 1544 obtestatio-

129 1574 203 1594 nem
226 1569 259 1593 et
282 1561 576 1592 denunciationem
600 1557 771 1595 Pontifici,
791 1556 863 1597 pul-

132 1607 228 1645 lario,
251 1607 375 1637 factam
392 1614 462 1634 esse
477 1605 624 1633 constat:
642 1600 719 1631 ades
732 1599 826 1632 mihi.
837 1610 864 1631 s,

129 1650 275 1691 postulo,
304 1654 343 1679 ut
372 1648 459 1679 adsis
482 1646 562 1677 mihi
591 1646 650 1675 ἀρ.
684 1645 786 1676 Dom.
811 1646 862 1676 52.

134 1694 210 1725 Div.
227 1695 262 1724 ii.
278 1696 331 1724 34.
350 1693 409 1722 &c.

179 1737 340 1774 obtinere,
357 1740 504 1765 oratores
522 1737 556 1763 et
571 1729 758 1773 philosophi
781 1731 865 1762 obti-

130 1788 227 1820 nent,
252 1779 341 1820 quod
370 1778 554 1819 approbant
580 1775 666 1813 aliis,
689 1785 767 1805 cum
792 1775 864 1805 vin-

130 1830 225 1863 cunt,
242 1834 312 1854 esse
327 1832 443 1852 verum
459 1819 599 1859 aliquid:
624 1819 727 1849 etiam
752 1818 866 1849 defen-

129 1868 224 1899 dunt.
256 1867 349 1897 verr.
366 1866 412 1896 iii.
430 1868 482 1900 71.
510 1865 661 1901 obtinere,
678 1861 766 1902 quod
786 1862 867 1892 dici-

130 1922 218 1943 mus.
256 1910 298 1941 εἰ.
327 1909 426 1940 Catil.
455 1909 496 1938 iv.
520 1907 551 1938 6.
586 1907 686 1937 Tuse.
712 1906 732 1936 i.
762 1908 811 1937 12.
839 1906 867 1936 si

130 1957 243 1986 minus
263 1954 296 1985 id
310 1953 470 1984 obtinebis.
499 1951 570 1981 Fin.
588 1950 621 1981 ii.
637 1952 690 1981 33.
719 1948 804 1980 illud
819 1950 869 1990 ip-

129 2009 207 2030 sum
219 1998 417 2038 quiobtineri
428 1999 548 2036 potest.
572 1992 762 2024 Acad.iv.6.
787 1992 868 2023 defi-

134 2043 297 2072 nitionem
310 2042 493 2072 obtinemus.
509 2038 548 2068 de
557 2036 755 2067 defendendi
766 2037 870 2077 signi-

127 2086 283 2118 ficatione
298 2084 380 2116 adde
396 2083 486 2114 dicta
497 2092 517 2112 a
527 2080 692 2111 Gronovio
704 2080 746 2111 ad
758 2079 869 2113 Tacit.

133 2131 177 2161 H.
193 2130 227 2160 ii.
245 2132 296 2160 84.
328 2127 462 2165 *tum-i,
485 2125 640 2156 retinere.
666 2123 798 2155 Verrin.
823 2125 869 2155 iii.

133 2177 186 2205 35.
218 2174 392 2204 obtinemus
415 2180 465 2202 res
491 2174 599 2209 gestas
625 2166 737 2198 Sullae.
775 2167 869 2198 Orat.

132 2218 179 2248 iii.
198 2217 250 2248 60.
281 2225 396 2245 vocem
411 2214 560 2244 obtinere.
590 2212 648 2241 ubi
663 2215 786 2250 praeter
799 2221 868 2241 rem

134 2260 289 2291 Pearcius
303 2259 368 2298 legi
380 2257 469 2288 vult:
490 2256 645 2286 retinere.
669 2253 722 2283 Sic
731 2255 871 2285 obtinere

132 2303 337 2344 provinciam
353 2301 488 2339 dicitur,
500 2300 556 2338 qui
573 2298 800 2337 consequitur,
812 2297 871 2328 ha-

133 2345 203 2383 bet,
221 2347 356 2382 retinet,
371 2349 411 2375 ut
434 2355 473 2374 ex
497 2342 644 2383 epistolis
667 2340 709 2371 ad
730 2340 871 2376 Cornifi-

135 2390 224 2420 cium
239 2392 340 2430 patet.
365 2388 407 2418 ad
417 2388 493 2418 Div.
506 2387 575 2417 xiii.
588 2388 640 2419 29.
662 2386 800 2415 obtinere
815 2385 870 2414 be-

134 2433 321 2465 reditatem.
354 2432 396 2462 cf.
411 2431 453 2461 iv.
475 2433 524 2461 14.
553 2433 799 2459 testamentum
821 2429 870 2458 ob-

134 2481 272 2514 tinetur,
297 2485 374 2505 cuin
400 2480 510 2505 ratum
537 2478 601 2510 est,
625 2471 725 2502 valet.
758 2471 871 2502 *Sulh

135 2521 167 2553 6.
197 2520 395 2550 suavitatem
422 2517 481 2547 filii
496 2517 623 2547 obtinet.
653 2515 749 2545 offic.
765 2515 799 2545 ii.
823 2517 870 2546 152.

134 2565 274 2595 obtinent
288 2571 467 2592 numerum
477 2560 553 2599 jure
571 2568 743 2589 caesorum.
767 2559 787 2576 ¹¹·
800 2558 869 2588 Pin.

135 2608 170 2638 ii.
189 2608 242 2638 22.
272 2606 388 2645 opibus
404 2604 547 2643 magnis,
562 2602 720 2641 quicquid
741 2600 870 2639 feceris,

132 2651 294 2682 obtinere:
318 2648 351 2678 h.
367 2659 394 2678 e.
412 2649 553 2684 efficere,
570 2650 610 2675 ut
624 2645 762 2685 impune
785 2644 872 2676 fecc-

134 2694 193 2731 ris,
211 2696 366 2730 recteque
384 2691 465 2722 adeo
480 2691 608 2720 factum
626 2689 786 2719 videatur.

184 2736 358 2775 obtingere
378 2744 438 2774 pro
462 2734 622 2763 accidere.
656 2732 755 2763 Catil.
779 2731 822 2764 iv.
843 2733 870 2763 1.

136 2779 176 2814 de
192 2790 226 2810 re
243 2778 344 2815 tristi,
361 2779 387 2808 si
405 2777 484 2816 quid
499 2777 656 2815 obtigerit.

185 2822 376 2854 obtrudere.
407 2821 499 2852 Verr.
515 2820 556 2851 iv.
574 2820 627 2851 36.
659 2819 714 2859 qui
738 2827 806 2848 non
820 2818 872 2848 ob-

133 2868 233 2900 truci:
247 2869 472 2898 monumenta
491 2864 605 2905 aliqua
625 2873 665 2895 ex
688 2865 797 2904 parte,
814 2861 874 2893 sed.

620 76 768 107 11⁸³sz
798 75 1093 107 LATINITATIS.

895 167 1029 207 penitus
1043 165 1181 197 sustulit
1195 170 1296 205 atque
1310 164 1443 197 delevit.
1467 163 1635 207 precedit

896 210 1006 241 alieno
1031 211 1167 241 nomine
1192 219 1327 241 ornare:
1364 211 1418 241 cui
1448 209 1630 250 respondet

896 254 1073 284 obtrudere.
1102 254 1268 284 Gesnerus
1283 254 1317 284 in
1330 253 1432 285 Thes.
1448 253 1488 284 L.
1502 253 1541 284 L.
1557 262 1630 284 cor-

898 297 977 336 rigit
992 297 1102 328 obruit
1124 298 1175 328 vel
1197 297 1374 328 obstruxit.
1417 297 1495 328 Non
1518 295 1631 338 placet

897 341 995 371 satis:
1021 341 1082 371 hoc
1097 345 1212 372 tamen
1229 341 1358 372 melius.

946 383 1139 422 OMundere,
1156 385 1277 422 levare,
1300 385 1464 421 minuere,
1488 382 1632 423 compri-

899 437 999 457 mere.
1021 426 1121 458 Tusc.
1136 429 1183 458 iii.
1203 429 1251 459 16.
1277 428 1361 459 nihil
1375 431 1439 465 est,
1456 426 1545 466 quod
1558 430 1631 457 tam

898 471 1051 501 obtundat
1066 471 1238 511 elevetque
1254 471 1502 512 aegritudinem.

946 513 1073 552 obtuse,
1086 514 1204 545 stulte:
1228 517 1410 555 opponitur
1419 518 1528 544 acute.
1550 513 1633 544 Nat.

900 556 943 588 D.
960 558 980 586 i.
997 558 1049 588 25.
1075 567 1140 597 quo
1155 558 1233 597 quid
1248 559 1311 590 dici
1327 561 1437 599 potest
1451 557 1618 588 obtusius?
1635 563 1640 567 '

930 617 932 619 ·
947 599 1092 631 Obviam.
1116 600 1186 631 Att.
1201 602 1243 632 iv.
1265 603 1312 633 16.
1336 602 1414 633 huic
1429 603 1553 632 obviam
1569 600 1634 631 Cap

899 644 1010 674 to'&c.
1025 643 1252 675 adversantur.
1275 646 1336 675 int.
1352 648 1446 676 eunt.

948 686 1129 718 Obvolutus.
1149 688 1224 718 Div.
1235 689 1255 718 i.
1266 691 1318 719 31.
1335 688 1390 719 fax
1401 689 1547 719 obvoluta
1556 695 1633 718 san-

901 731 1001 770 guine
1018 736 1116 770 atque
1130 731 1295 762 incendio.
1318 741 1336 761 e
1352 732 1465 762 Poeta.

948 774 1085 805 Occasio.
1108 775 1150 804 ad
1166 774 1242 806 Div.
1258 786 1289 805 x.
1305 778 1337 806 4.
1361 785 1403 805 ne
1419 778 1533 805 nostra
1548 773 1637 805 mala

900 827 994 848 suam
1009 819 1199 848 occasionem
1216 822 1348 858 putent.

949 861 1098 899 Occasus,
1123 871 1223 892 mors.
1256 862 1358 892 Acad.
1381 863 1403 892 i.
1426 863 1457 893 2.
1487 864 1563 901 post
1592 859 1635 890 L.

900 905 978 979 ι11Ε1ἰί
1009 906 1112 936 nostri
1133 915 1281 936 occasum
1304 915 1346 937 nc
1369 915 1389 936 a
1410 904 1539 936 Latinis
1561 904 1637 944 qui-

924 958 988 978 em.

949 991 1086 1023 occatio.
1111 992 1195 1022 Cato
1214 995 1263 1024 15.
1286 992 1374 1023 unde
1391 991 1546 1023 dicatur?

948 1035 1108 1066 Occidere.
1142 1036 1172 1066 T
1175 1047 1242 1066 usc.
1272 1037 1294 1066 i.
1323 1039 1377 1067 45.
1415 1035 1528 1067 oceidit
1555 1035 1637 1065 vita.

901 1079 982 1110 Nat.
997 1079 1041 1110 D.
1058 1080 1079 1110 i.
1097 1083 1127 1110 5.
1157 1080 1334 1110 sententiae
1348 1080 1504 1110 occidunt.

950 1122 1135 1154 Occentare.
1158 1123 1197 1153 fr.
1214 1123 1254 1153 de
1270 1123 1412 1164 Republ.
1428 1126 1459 1154 4.
1472 1132 1504 1163 p.
1517 1123 1592 1153 384.
1607 1121 1635 1151 si

902 1167 974 1206 quis
999 1171 1200 1205 occentasset,
1224 1166 1291 1197 sive
1314 1176 1450 1197 carmen
1473 1165 1639 1196 condidis-
1667 1184 1673 1186 κ

902 1215 966 1248 set,
995 1209 1084 1249 quod
1109 1211 1266 1250 injuriam
1298 1209 1436 1246 faceret,
1466 1213 1519 1240 est
1545 1208 1637 1248 frag-

903 1258 1056 1284 mentum
1076 1253 1181 1293 Legg.
1198 1254 1253 1284 xii.
1269 1254 1360 1284 tabb.
1374 1263 1405 1283 v.
1421 1253 1535 1283 Festus
1550 1253 1586 1282 in
1601 1252 1636 1282 h.

903 1307 932 1327 v.
946 1306 1149 1336 quamquam
1166 1298 1200 1328 in
1217 1302 1331 1328 nostra
1346 1296 1493 1328 editione
1505 1295 1527 1327 1.
1540 1306 1569 1326 c.
1584 1299 1636 1326 est

904 1341 1119 1371 actitavisset.

952 1384 1116 1422 Oceanus,
1135 1386 1279 1415 astutus.
1308 1384 1350 1414 ad
1373 1383 1449 1414 Div.
1465 1383 1512 1413 iii.
1531 1386 1580 1414 10.
1610 1383 1639 1414 si

904 1438 958 1459 me
974 1431 1088 1458 autem
1103 1430 1263 1458 occultum
1280 1428 1362 1458 libet
1376 1428 1514 1467 fingere.

951 1470 1128 1512 Occupare,
1145 1470 1316 1511 eleganter
1337 1471 1462 1502 dicitur
1475 1470 1516 1500 de
1539 1479 1640 1511 pecu-

904 1515 973 1553 nia,
991 1525 1065 1554 quae
1081 1518 1140 1546 aut
1155 1515 1216 1545 sub
1239 1515 1347 1545 usuris
1370 1514 1567 1552 collocatur,
1582 1518 1643 1544 aut

905 1568 963 1598 pro
987 1568 1054 1598 qua
1076 1557 1341 1596 metallifodinae,
1355 1558 1425 1598 agri
1443 1558 1503 1588 dcc.
1519 1567 1640 1588 emun-

905 1608 975 1639 tur,
998 1606 1036 1633 ut
1057 1602 1183 1641 aliquid
1206 1602 1288 1633 lucri
1311 1606 1346 1632 et
1368 1601 1496 1632 reditus
1517 1600 1640 1631 habea-

905 1655 992 1676 mus.
1023 1645 1129 1676 Flacc.
1156 1648 1209 1676 91.
1239 1645 1418 1685 pecuniam
1449 1643 1641 1674 adolescen-

905 1689 979 1719 tulo
991 1689 1107 1729 grandi
1118 1689 1242 1718 foenore
1255 1689 1427 1730 occupasti.
1447 1687 1543 1718 Verr.
1554 1688 1577 1717 i.
1586 1687 1646 1719 36.-

905 1742 1061 1772 occupare
1077 1733 1254 1772 pecuniam
1277 1733 1368 1773 apud
1383 1732 1445 1763 &m
1474 1730 1594 1762 Manu.
1609 1732 1641 1762 2.

907 1777 1035 1816 equites
1043 1776 1328 1816 Rom.—-quorum
1336 1784 1466 1815 magnae
1476 1783 1526 1805 res
1535 1783 1643 1814 agun-

907 1827 976 1858 tur,
999 1820 1035 1850 in
1065 1820 1182 1850 vestris
1210 1818 1428 1859 vectigalibus
1449 1818 1643 1848 exercendis

907 1867 1077 1903 occupatae.
1116 1863 1182 1894 vid.
1212 1863 1346 1894 Manut.
1390 1862 1434 1893 ad
1459 1861 1531 1892 haee
1559 1860 1644 1892 loca.

908 1907 1006 1938 ‘Ata
1019 1917 1050 1937 x.
1067 1907 1098 1937 6.
1122 1916 1195 1937 sum
1213 1910 1386 1947 occupatus
1400 1905 1441 1936 de
1455 1905 1498 1945 Ω.
1509 1904 1622 1935 Fratre
1634 1913 1642 1935 ¹

910 1950 943 1981 h.
977 1961 1006 1981 e.
1042 1960 1082 1980 eo
1119 1950 1201 1981 mihi
1239 1950 1412 1990 negotium
1446 1948 1644 1979 facessente.

909 1995 928 2013 '¹'
939 1994 1009 2025 Att.
1025 1994 1093 2024 xiii.
1111 1996 1140 2024 2.
1170 1994 1301 2024 Sextius
1322 2003 1401 2024 eum
1417 1991 1605 2032 occupavit,
1620 1992 1655 2025 i..

911 2047 940 2069 e.
954 2037 1106 2074 adduxit,
1123 2041 1161 2067 ut
1176 2037 1266 2077 apud
1280 2047 1314 2067 se
1330 2039 1428 2067 esset.

959 2079 1150 2118 Occzcrrere,
1165 2081 1200 2110 in
1220 2087 1371 2111 mentem
1385 2079 1510 2110 venire.
1539 2077 1642 2110 Tusc.

912 2124 933 2155 i.
957 2126 1008 2155 91.
1040 2123 1125 2154 nihil
1148 2123 1230 2154 mihi
1251 2125 1402 2161 occurrit,
1425 2132 1487 2153 cur
1510 2131 1580 2153 non
1601 2123 1648 2154 sit

911 2177 1038 2198 verum.
1070 2166 1166 2198 Brut.
1191 2171 1223 2201 7.
1254 2168 1398 2198 maxime
1425 2165 1508 2196 mihi
1535 2175 1646 2196 occur-

911 2216 993 2242 runt
1014 2210 1168 2242 Athenae.
1198 2209 1279 2242 Nat.
1294 2211 1339 2241 D.
1354 2211 1378 2241 i.
1404 2212 1454 2240 14.
1483 2208 1576 2240 Deus
1599 2209 1651 2241 nil

912 2255 1059 2285 sentiens
1075 2264 1249 2294 nunquam
1266 2254 1360 2284 nobis
1371 2254 1524 2290 occurrit,
1536 2262 1648 2292 neque

913 2299 948 2328 in
964 2298 1129 2338 precibus,
1146 2307 1253 2337 neque
1268 2298 1304 2328 in
1315 2298 1411 2328 votis.
1424 2295 1526 2327 Acad.
1537 2297 1581 2327 iv.
1593 2299 1648 2328 40.

914 2349 1040 2378 nostro,
1057 2350 1098 2371 nc
1115 2340 1194 2380 quid
1217 2341 1362 2371 maxime
1379 2340 1514 2379 quidem
1530 2339 1650 2380 proba-

913 2385 978 2415 bile
994 2385 1051 2422 sit,
1066 2385 1218 2415 occurrit.
1241 2388 1261 2405 ²*
1276 2382 1483 2425 respondere.
1505 2383 1587 2414 Nat.
1603 2383 1648 2414 D.

914 2428 958 2459 iii.
975 2431 1028 2460 28.
1061 2428 1138 2458 huic
1160 2427 1232 2458 loco
1255 2429 1302 2458 sic
1329 2427 1443 2458 soletis
1468 2436 1648 2461 occurrere..

913 2473 1088 2502 *avertere
1104 2470 1240 2510 aliquid,
1257 2471 1383 2502 mederi
1406 2470 1466 2501 rei.
1507 2470 1603 2500 Verr.
1619 2479 1651 2501 v.

914 2520 945 2550 9.
976 2520 1055 2545 ante
1071 2515 1168 2545 istius
1186 2515 1302 2545 sceleri
1317 2523 1495 2544 occurrere.
1525 2513 1650 2543 *ante-

913 2563 1056 2595 vertere,
1071 2559 1266 2598 praevenire.
1295 2558 1337 2588 ad
1350 2557 1427 2588 Div.
1442 2557 1484 2586 iv.
1500 2558 1532 2587 5.
1562 2557 1652 2596 sapi-

914 2603 1005 2632 entia
1020 2601 1067 2630 rei
1082 2611 1258 2632 occurrere.
1280 2601 1300 2620 '¹⁶
1311 2600 1465 2631 celeriter
1478 2599 1651 2630 satisface-

914 2655 960 2676 re.
987 2645 1121 2675 Cluent.
1137 2647 1190 2676 23.
1214 2643 1455 2685 exspectationi
1470 2652 1650 2674 occurrere.

914 2689 1068 2727 “juvare.
1092 2688 1181 2719 Mur.
1198 2690 1250 2719 23.
1275 2696 1414 2719 occurro
1428 2690 1547 2716 vestrae
1561 2685 1652 2727 sapi·-

913 2733 1025 2762 entiae.
1061 2731 1126 2761 vid.
1153 2735 1221 2761 not.
1257 2730 1374 2770 Topic.
1405 2732 1455 2760 10.
1484 2729 1548 2760 loci
1575 2728 1649 2759 aliis

914 2774 1195 2815 disputationibus
1211 2777 1388 2804 occurrunt
1409 2771 1652 2809 abundantius,

914 2819 986 2849 aliis
1008 2818 1194 2858 angustius.
1224 2817 1266 2847 ad
1288 2817 1364 2848 Div.
1387 2816 1432 2847 xi.
1448 2817 1501 2847 20.
1530 2814 1654 2854 quibus

914 2862 1012 2893 rebus
1027 2861 1192 2894 veteranis
1207 2863 1320 2903 potest
1336 2861 1478 2900 uocum,
1487 2867 1652 2891 occurras.
