1800 3131
142 121 221 159 156

142 219 313 258 laudatur,
337 219 554 252 Cornificiam
579 223 620 263 Ω.
645 223 749 255 filiam
775 225 874 266 petit.

141 262 262 294 Melior
283 265 450 306 scriptura
471 271 518 296 est
539 265 684 307 Thalna,
705 272 744 299 ut
771 274 818 300 est
838 270 875 300 in.

143 305 234 338 Fast.
256 307 390 348 Capitol.

187 351 352 383 Tamisius
382 353 540 385 Mustela.
571 353 657 386 Phil.
688 356 722 386 ii.
750 358 782 386 4.
813 355 872 386 xii.

141 396 174 427 6.
204 405 236 425 v.
252 394 409 427 Mustela.

183 438 356 479 Tantalus,
372 441 443 471 Fin.
471 441 494 472 i.
522 445 572 473 18.
595 441 695 473 Tusc.
725 442 747 473 i.
772 445 802 474 5.
828 442 870 472 iv.

141 483 191 514 16.
211 483 269 514 &c.

181 526 360 565 Tamesim,
388 529 486 568 petit.
519 529 617 559 Cons.
655 529 686 560 2.
717 529 751 558 in
781 527 869 559 bello

139 570 278 601 Sullano
309 572 516 602 interfectus.
561 573 742 603 Palermus
772 570 869 612 conji-

134 615 237 645 ciebat
260 616 432 654 legendum
453 615 482 645 T
484 617 651 645 antzffiius:
675 615 759 655 quod
772 615 868 645 Asco-

134 660 208 689 nius
224 660 309 689 iuter
324 669 382 696 eos,
399 669 474 699 quos
494 660 527 688 in
544 660 774 698 proscnssptz'one
790 658 869 689 Sul-

136 704 216 732 lana
245 702 452 742 interjecerat
488 702 643 739 Catilina,
672 701 711 732 L.
742 701 868 733 Tanta-

135 746 222 776 sium
237 746 408 786 quemdam
426 750 663 776 commemorat.

179 789 314 826 Toraso,
333 800 361 819 v.
381 789 538 819 Tliaraso.

178 833 458 869 Tarcondimotus,
477 833 517 862 ad
534 832 611 863 Div.
626 842 678 863 xv.
700 835 728 863 l.
753 831 866 872 Regu-

134 878 186 907 lus
199 878 232 907 in
249 877 394 916 quadam
416 877 532 906 (ilic-ite
542 880 653 916 parte,
665 886 760 916 quem
782 878 866 907 (lice-

133 931 171 950 ro
199 920 432 950 fidelissimum
462 920 590 950 socium
622 920 738 960 populi
766 921 863 951 Rom.

132 964 440 1002 amicissimumque
465 968 557 993 trans
580 963 729 993 Taurum
755 966 864 1004 appel-

134 1009 194 1037 lat.
223 1007 517 1044 Tarcondimotus,
533 1012 645 1037 autem
659 1008 865 1038 scribendum

132 1061 209 1087 esse,
222 1061 291 1080 non
302 1050 605 1088 Tarcondomotus,
618 1051 791 1091 confirmat
803 1061 864 1081 nu-

130 1105 217 1132 mus,
235 1104 340 1135 nuper
361 1105 381 1124 α
397 1092 521 1133 Μοὲῗὲο
540 1095 646 1124 editus
662 1096 696 1124 z'n
711 1096 864 1135 Antiqui-

132 1143 192 1169 ἰαί.
216 1139 428 1178 Aquitanicis.
459 1138 512 1168 Sic
529 1142 564 1168 et
581 1139 652 1169 MS.
669 1144 794 1169 noster.

177 1182 379 1222 Tarquinius
411 1183 552 1212 Priscus.
583 1183 687 1221 Legg.
719 1184 740 1213 i.
776 1186 803 1213 l.
834 1183 864 1213 ei

133 1226 174 1255 ab
191 1226 303 1264 aquila
318 1236 401 1265 apex
422 1226 618 1266 imponitur.
646 1226 746 1256 Tusc.
763 1236 792 1256 ν.
810 1230 863 1260 37.

130 1269 308 1301 Demarati
332 1269 434 1300 filius.
463 1269 546 1300 Sull.
570 1273 601 1304 7.
634 1279 691 1300 rex
717 1271 864 1311 peregri-

131 1322 208 1343 nus,

178 1357 220 1388 L.
246 1357 456 1396 Tarquinius,
473 1357 654 1397 Superbus,
672 1358 748 1388 Div.
773 1358 793 1388 i.
810 1360 863 1388 92.

131 1401 300 1430 somnium
321 1401 522 1441 portendens
547 1402 714 1438 exsilium,
731 1401 812 1440 Leg.
829 1402 863 1431 ii.

131 1446 164 1474 4.
196 1455 234 1474 eo
261 1455 350 1482 rege,
378 1445 470 1474 nulla
501 1449 571 1475 erat
603 1445 653 1475 lex
680 1446 797 1476 Roniae
823 1445 863 1475 de

131 1489 267 1528 stupris,
291 1488 390 1518 Tusc.
407 1489 454 1519 iii.
475 1491 523 1520 19.
549 1489 663 1519 Cumis
679 1489 772 1519 senio
785 1499 864 1519 con-

131 1531 240 1561 fectus
257 1537 319 1562 est.

177 1576 220 1606 L.
238 1575 443 1615 Tarquitius,
455 1576 526 1606 Att.
544 1577 586 1606 vi.
605 1579 633 1606 3.
658 1575 786 1616 Popma
796 1586 861 1615 pu-

131 1623 182 1650 tat
205 1630 268 1649 esse
289 1630 377 1657 eum,
393 1618 488 1662 cujus
510 1630 562 1660 ap.
579 1619 730 1650 Plinium
748 1622 783 1650 in
803 1621 862 1650 Gi-

131 1665 191 1693 tal.
204 1664 334 1694 Auctor.
348 1665 370 1693 l.
382 1664 416 1693 ii.
438 1665 510 1694 libri
521 1665 560 1694 de
571 1664 741 1704 disciplina
753 1664 862 1695 Etru-

130 1716 187 1737 sca
201 1713 503 1738 commemorantur.

178 1751 220 1781 L.
248 1751 411 1781 Tarutius
437 1752 623 1789 firmanus,
646 1751 724 1782 Div.
751 1751 784 1781 ii.
808 1754 862 1785 47.

130 1792 306 1825 familiaris
331 1795 546 1833 Ciceronum,
562 1795 663 1825 homo
687 1795 721 1825 in
744 1795 862 1835 primis

133 1838 320 1868 Chaldaicis
344 1840 527 1869 rationibus
552 1839 716 1876 eruditus,
741 1839 864 1878 repetit

131 1881 280 1912 natalem
310 1883 424 1913 Romae
457 1893 475 1912 a
499 1882 676 1920 Parilibus,
700 1883 819 1921 quibus
843 1892 863 1912 a

131 1924 276 1956 Romulo
292 1926 427 1956 condita
449 1927 582 1956 dicitur.
627 1927 769 1957 Romam
786 1935 863 1956 con-

132 1969 239 1999 ditam
256 1970 350 2007 dicit,
365 1980 443 2000 cum
463 1971 497 2000 in
514 1970 599 2010 jugo
615 1969 697 2000 luna
712 1974 812 2008 esset,
828 1974 864 1999 et

131 2012 203 2052 ejus
218 2013 289 2042 fata
304 2013 465 2053 praedicit.

178 2056 216 2086 T.
242 2056 368 2095 Tatius,
392 2056 473 2087 Her.
506 2058 547 2087 iv.
575 2059 623 2088 12².
654 2068 713 2087 rex
730 2056 863 2087 Sabino-

130 2109 221 2137 rum,
237 2102 291 2140 qui
313 2102 347 2131 ob
370 2105 484 2140 raptas
500 2101 638 2132 Sabinas
653 2102 771 2132 bellum
787 2110 863 2131 cum

133 2144 269 2175 Romul*
283 2146 380 2183 gessit
395 2144 450 2185 &a

179 2187 366 2226 Tauriscus,
399 2189 455 2219 Or.
486 2188 534 2219 iii.
566 2191 618 2223 59.
655 2193 758 2219 actor.
790 2188 861 2228 ejus

132 2231 260 2261 dictum
277 2231 443 2263 laudatur.

176 2275 226 2305 M.
254 2275 394 2313 Taurus,
411 2277 451 2315 Q.
476 2275 527 2305 Pr.
554 2276 602 2306 iii.
630 2279 658 2306 l.
682 2277 713 2307 2.
744 2275 783 2305 de
806 2276 863 2306 hoc

131 2320 216 2348 nihil
230 2320 309 2348 mile-i
320 2324 442 2358 prceter
457 2321 512 2349 hoc
528 2324 662 2358 constat,
678 2319 762 2359 quod
769 2318 862 2358 fun-

132 2363 211 2392 dum
237 2363 349 2393 habuit
371 2363 528 2403 confinem
538 2363 652 2403 fundo
674 2363 719 2404 ρ.
740 2362 860 2394 Οἰωνο-

133 2416 195 2436 uis.

180 2449 324 2486 Taum,
340 2450 381 2479 ad
396 2450 472 2481 Div.
489 2451 545 2480 xii.
566 2451 619 2482 25.
649 2454 696 2480 est
710 2450 749 2486 is,
766 2459 861 2489 quem

134 2503 167 2523 α.
212 2493 252 2524 U.
298 2502 434 2524 Dccxv1.
479 2495 639 2524 consulem
683 2490 861 2533 suffectum

121 2536 233 2576 fuisse
248 2541 381 2576 putant,
397 2538 436 2567 T.
453 2538 617 2568 Statilius.
664 2537 803 2567 Videtur
818 2539 862 2568 le-

131 2585 234 2619 gatus
261 2580 390 2610 Calvisii
407 2580 521 2611 Sabini
531 2581 651 2621 juisse,
668 2582 725 2620 qui
740 2591 780 2610 ex
795 2592 861 2612 sor-

134 2625 247 2655 titione
275 2624 407 2654 Antonii
437 2624 589 2664 Africam
613 2625 754 2666 petebat,
785 2635 861 2655 cum

125 2666 204 2710 jam
236 2667 424 2708 Cornificius
448 2679 487 2699 ez·
518 2668 602 2699 SCffo
627 2670 787 2699 obtineret.
820 2669 862 2698 ef.

133 2712 357 2743 Minotaurus.
409 2711 487 2742 Cum
517 2717 628 2742 (tutem
658 2713 861 2752 prol-inciam

139 2755 295 2785 Calvisius
317 2760 387 2784 tum
409 2765 472 2784 non
494 2757 633 2786 obt-'nere
656 2761 770 2795 posset,
793 2754 863 2797 ejus

135 2801 263 2838 legatus
292 2802 402 2828 tamen
436 2799 568 2830 Taurus
591 2798 669 2839 suit
704 2809 784 2830 ann.
821 2799 862 2831 U.

134 2851 258 2873 Dccxv.

181 2885 346 2921 Tebassus,
362 2884 432 2916 Att.
456 2886 520 2916 xiv.
547 2889 596 2917 10.
626 2895 750 2917 nomen
771 2890 864 2917 vete-

134 2930 209 2963 tani
225 2929 415 2960 Caesariani.

651 133 798 163 INDEX
827 132 987 163 111st
993 135 1037 164 lc
1044 135 1109 164 Us-

967 224 1110 263 Telamo,
1125 224 1226 256 Tusc.
1250 225 1296 256 iii.
1323 227 1371 257 13.
1404 227 1514 266 patria.
1531 224 1654 268 pulsus

919 274 982 299 est.
1012 269 1069 299 Or.
1086 270 1120 299 ii.
1135 269 1189 300 46.
1220 268 1301 300 Nat.
1317 270 1361 301 D.
1378 269 1424 299 iii.
1442 272 1495 301 32.

963 312 1131 352 Telephus,
1145 313 1169 343 F
1172 312 1251 343 laec.
1268 315 1322 347 ⁶29.
1346 323 1402 343 rex
1416 313 1544 353 Mysiae,
1555 315 1644 346 viam

917 355 1066 386 ostendit
1079 356 1335 396 Agamemnoni.

961 399 1121 440 Tea-iope,
1137 400 1181 431 N.
1198 400 1242 431 D.
1259 401 1305 430 iii.
1323 402 1377 431 ⁶21.
1408 400 1508 432 Musa
1521 410 1561 432 ex
1578 401 1647 441 pri-

916 443 979 473 mis
996 448 1151 482 quatuor,
1168 444 1255 474 natis
1270 443 1351 475 Jove
1368 444 1485 474 altero.

962 485 1073 523 Tenes,
1089 486 1132 517 N.
1157 487 1200 518 D.
1223 487 1268 517 iii.
1287 491 1337 519 15.
1368 488 1522 518 conditor
1534 486 1646 518 Tene-

915 528 961 567 di,
979 533 1015 559 et
1030 529 1123 560 Deus
1138 531 1240 561 urbis.
1258 532 1345 562 conf.
1360 532 1453 562 verr.
1469 532 1491 562 i.
1511 535 1560 566 19.

961 572 1127 611 Terentia,
1162 573 1318 606 Ciceronis
1346 586 1441 613 uror,
1470 576 1516 606 ad
1542 583 1646 616 quan·

912 621 988 646 sunt
1003 617 1138 656 epistoloe
1154 617 1227 647 libri
1242 618 1307 649 xiv.
1336 620 1375 650 de
1394 629 1459 660 qua
1480 620 1552 650 vide
1571 619 1648 651 Cor<

912 660 1034 690 rodum
1049 661 1083 690 in
1098 660 1286 701 ,Quam-tura.

958 703 1127 734 Terentius
1139 704 1260 743 Vespa,
1277 705 1334 734 Or.
1351 705 1385 735 ii.
1400 705 1454 736 62.

958 747 1139 786 Terentius,
1156 747 1272 786 Poeta,
1289 748 1371 779 Lael.
1387 750 1440 780 24.
1468 748 1643 779 familiari·

911 790 1007 821 Laelii
1022 792 1082 821 &c.

954 835 996 865 A.
1031 835 1209 873 Terentius,
1241 835 1365 866 Caecin.
1401 839 1433 869 9.
1480 835 1576 865 testis
1607 835 1644 865 in

913 876 1092 908 Caecinam.
1139 879 1295 910 Eundem
1319 889 1383 909 esse
1408 882 1500 919 puto,
1523 879 1579 918 qui
1600 878 1648 909 ad

911 920 991 952 Div.
1008 923 1072 952 xvi.
1094 924 1142 953 1⁶2.
1166 923 1205 953 A.
1223 922 1327 953 Varro
1350 923 1484 959 (licitur,
1499 931 1594 962 quem
1609 931 1644 952 α.

912 971 1031 996 Βοκςι.
1063 971 1248 1006 quoestorem
1251 965 1361 1006 fuisse
1375 967 1506 1006 reperio.

954 1008 997 1038 L.
1013 1009 1195 1047 Terentius,
1209 1010 1279 1040 Att.
1297 1010 1341 1040 xi.
1362 1013 1411 1044 17.
1436 1009 1496 1040 Ex
1511 1007 1644 1049 Afi·ica‚

910 1056 1048 1092 tempore
1071 1054 1142 1083 belli
1162 1055 1274 1090 civilis,
1291 1055 1378 1084 clam
1400 1054 1564 1084 emittitur
1580 1063 1645 1094 per

910 1096 1091 1126 Nasidium
1108 1096 1358 1137 Pompeianum.

952 1139 1002 1170 M.
1037 1139 1220 1177 Terentius,
1249 1140 1343 1170 Verr.
1373 1141 1396 1171 i.
1439 1142 1493 1172 23.
1524 1140 1643 1172 consul

910 1193 988 1213 cum
1007 1183 1130 1214 Cassio.
1161 1183 1243 1223 legis
1266 1184 1497 1214 frumentariae
1513 1189 1643 1216 auctor.

909 1231 954 1257 est
978 1227 1026 1257 M.
1049 1227 1224 1264 Lucullus,
1249 1228 1286 1258 de
1307 1237 1369 1266 quo
1390 1237 1501 1267 supra.
1532 1229 1571 1258 de
1593 1227 1644 1259 M.

907 1271 1067 1301 Terentio
1082 1271 1244 1308 Varrone,
1261 1271 1434 1302 doctissimo
1450 1273 1503 1302 illo
1518 1272 1643 1303 Roma-

907 1324 1039 1351 norum,
1055 1325 1085 1345 v.
1101 1315 1150 1345 M.
1169 1315 1285 1345 Varro.

952 1358 997 1388 P.
1023 1358 1193 1389 Terentius
1219 1359 1334 1398 Hispo,
1357 1357 1429 1388 Att.
1452 1358 1495 1388 iv.
1526 1361 1559 1393 7.
1595 1358 1641 1390 xi.

908 1404 960 1433 40.
991 1412 1090 1441 eques
1114 1403 1298 1440 Romanus,
1318 1402 1515 1442 publicanus
1538 1402 1574 1432 in
1595 1401 1642 1432 A-

907 1456 966 1476 Sia.

952 1489 994 1530 Q.
1014 1488 1185 1520 Terentius
1209 1489 1313 1520 Culeo.
1345 1489 1490 1530 Harusp.
1507 1498 1592 1529 resp.
1609 1489 1642 1520 6.

907 1533 1056 1573 pontifex
1071 1533 1190 1564 minor.
1213 1533 1281 1563 Hic
1296 1537 1341 1563 est
1357 1534 1507 1563 tribunus
1523 1532 1642 1571 Culeo,

907 1578 962 1617 qui
971 1576 1288 1617 privilegium-*serre
1303 1577 1341 1607 de
1362 1576 1519 1607 Ciceronis
1533 1577 1642 1607 reditu

907 1622 1006 1651 voluit
1022 1631 1053 1650 α.
1076 1620 1115 1651 U.
1133 1629 1257 1651 Dcxcv.
1289 1620 1361 1650 Att.
1377 1621 1423 1650 iii.
1444 1623 1495 1651 15.

953 1664 988 1695 T
983 1675 1088 1701 erens,
1118 1665 1190 1694 Att.
1222 1664 1288 1694 xvi.
1318 1665 1349 1695 ⁶2.
1378 1668 1413 1693 et
1451 1667 1483 1694 5.
1527 1663 1642 1695 fabula

906 1707 1011 1745 Accii,
1029 1709 1068 1738 de
1089 1708 1209 1745 Tereo,
1226 1718 1303 1746 rege
1320 1708 1489 1738 772meum
1504 1710 1642 1739 seelera·

908 1753 1039 1789 tissima,
1056 1762 1085 1782 υ.
1107 1751 1205 1781 Ociti.
1217 1751 1297 1781 Met.
1314 1752 1357 1781 vi.
1373 1754 1452 1782 455.
1467 1762 1532 1791 sqq.

953 1795 1171 1833 Terminalia,
1188 1795 1272 1825 Phil.
1296 1795 1354 1824 xii.
1383 1798 1432 1826 10.
1461 1795 1533 1826 Att.
1549 1795 1590 1826 vi.
1611 1798 1640 1826 1.

906 1838 1089 1878 dies-festus
1107 1839 1179 1870 Deo
1197 1838 1348 1870 Termino
1362 1848 1463 1869 sacer.

949 1883 1000 1913 M.
1036 1882 1215 1922 Tei-polius,
1242 1882 1342 1913 corn.
1375 1884 1407 1913 2.
1440 1882 1520 1912 trib.
1551 1881 1639 1923 pleb.

907 1925 955 1957 D.
974 1926 1082 1957 Bruto
1097 1930 1128 1956 et
1142 1926 1192 1956 M.
1211 1925 1332 1965 Lepido
1348 1925 1426 1956 Coss.
1441 1927 1640 1957 contemtis-

908 1970 1031 2000 simum
1048 1979 1172 2000 nomen
1190 1970 1279 1999 inter
1294 1970 1459 1999 tribunos.

953 2013 1079 2051 Tertia,
1102 2014 1196 2044 Verr.
1225 2013 1272 2044 iii.
1303 2015 1356 2044 34.
1395 2012 1513 2042 Isidori
1542 2011 1640 2044 mimi

908 2056 988 2086 filia.
1038 2057 1212 2088 observent
1227 2058 1355 2094 tirones,
1370 2057 1455 2096 quod
1466 2057 1565 2095 vulgo
1572 2065 1642 2095 pu·

906 2105 1012 2137 tatur,
1032 2101 1149 2131 Tertioe
1166 2110 1278 2131 nomen
1293 2111 1355 2131 esse
1376 2110 1489 2130 nomen
1504 2100 1639 2137 ordinis,

905 2146 957 2175 vel
986 2146 1115 2175 numeri
1131 2144 1303 2185 filiarum,
1334 2145 1371 2174 id
1398 2153 1486 2183 teque
1501 2142 1640 2183 fizlsum

905 2198 980 2226 esse,
997 2198 1048 2225 ae,
1063 2190 1091 2218 si
1107 2190 1177 2228 quis
1192 2189 1323 2224 diceret,
1337 2187 1518 2227 Quintum,
1534 2188 1639 2227 signi-

893 2232 1007 2272 ficare
1022 2233 1175 2272 quintum
1190 2241 1324 2262 numero
1327 2231 1457 2270 filium.

952 2275 1077 2313 Tertia,
1109 2275 1185 2306 Div.
1215 2276 1238 2306 i.
1269 2275 1322 2306 46.
1358 2274 1428 2304 filia
1455 2272 1495 2304 L.
1519 2272 1640 2304 Paulli.

907 2319 975 2353 Sed
1003 2319 1046 2349 ad
1074 2320 1171 2350 Brut.
1202 2318 1314 2348 Germ.
1345 2321 1377 2355 3,
1408 2319 1440 2348 4.
1471 2321 1517 2347 est
1546 2327 1640 2348 soror

905 2362 1017 2400 Bruti,
1047 2373 1118 2403 quae
1159 2362 1261 2393 Cassio
1297 2363 1416 2402 nupsit.
1460 2360 1516 2391 De
1543 2358 1640 2402 cujus

906 2411 1008 2437 morte
1022 2417 1052 2437 r.
1070 2406 1174 2438 Tacit.
1191 2406 1238 2437 iii.
1251 2406 1304 2440 76.
1326 2406 1382 2436 ubi
1399 2415 1431 2436 v.
1448 2404 1538 2447 Lips.
1562 2404 1639 2436 Ea-

905 2451 976 2481 dem
995 2455 1060 2481 est:

951 2494 1114 2532 Tertulla,
1129 2493 1201 2524 Att.
1223 2494 1289 2525 xiv.
1319 2494 1372 2524 20.
1393 2501 1446 2522 xv.
1473 2494 1523 2522 ll.
1556 2492 1638 2522 Cas-

905 2538 945 2569 sii
977 2548 1079 2568 uxor:
1118 2538 1273 2568 abortum
1302 2536 1394 2566 fecit.
1451 2535 1526 2566 Viri
1555 2536 1639 2566 docti

905 2582 1039 2623 quidam
1064 2583 1209 2612 volebant
1239 2583 1344 2621 legere
1370 2579 1503 2611 Tertia:
1535 2589 1637 2619 quam

905 2629 1029 2656 constat
1049 2625 1147 2656 Cassii
1163 2635 1296 2656 uxorem
1306 2623 1426 2663 fuisse.
1473 2623 1541 2654 Sed
1553 2622 1637 2653 Ter-

905 2668 992 2700 tulla
1007 2673 1053 2699 est
1067 2669 1298 2700 diminutivum
1313 2677 1336 2697 α
1356 2666 1485 2705 Tertia,
1499 2671 1537 2698 ut
1554 2667 1637 2698 vidit

906 2712 1090 2743 stIanutius.

953 2756 1059 2793 Testa,
1077 2755 1120 2785 ad
1135 2755 1211 2786 Div.
1226 2755 1282 2786 vii.
1303 2757 1353 2786 13.
1379 2757 1431 2785 est
1444 2752 1635 2785 Trebatius,

906 2800 945 2830 de
959 2810 1018 2839 quo
1033 2798 1134 2838 infra.

953 2843 1091 2880 Testius,
1109 2842 1287 2878 Penarius,
1303 2841 1361 2872 Or.
1378 2841 1411 2872 ii.
1427 2842 1482 2872 66.
1507 2844 1634 2878 orator,

907 2887 965 2925 qui
988 2887 1022 2917 in
1039 2886 1179 2916 dicendo
1203 2889 1356 2915 mentum
1374 2886 1566 2924 intorquere
1580 2894 1634 2914 so-

906 2930 1007 2961 lebat.
1038 2929 1104 2960 Sed
1122 2929 1261 2960 Ursum
1274 2930 1384 2961 scribit
1397 2928 1438 2961 Τ.
1454 2928 1619 2961 Pinarius.
