1800 3131
160 64 247 101 388

169 160 251 191 nihil
282 162 425 193 deterius
465 164 497 193 in
535 173 582 202 re,
614 176 712 205 quam
745 167 900 206 possidet,

170 205 250 235 dum
267 205 305 235 lis
322 211 383 242 est,
398 206 576 238 ficturum.
598 209 691 240 V‹rr.
709 210 754 240 iii.
775 212 821 240 11.

218 249 359 288 Pngnus
392 249 476 280 Phil.
503 252 524 280 i.
549 255 579 282 5.
609 254 679 292 cogi
704 255 900 293 pinnarum&

172 291 230 322 Or.
253 293 298 323 iii.
327 296 352 324 l.
386 295 575 333 pignoribus
598 297 714 326 ablatis
739 301 902 327 ‹oei-cere.

172 335 250 366 ibid.
291 337 435 376 pignora
464 339 648 369 concidero.
681 341 702 369 i.
737 341 902 379 lrmrgvre,

171 380 410 410 comminuere.
454 381 529 411 Fuit
552 392 657 420 genus
679 384 902 419 coercitionis,

171 432 236 461 quo
275 423 456 454 utebantur
491 426 716 464 magistratus,
752 427 902 465 inprimis

174 466 347 504 Consules,
364 468 397 497 in
414 474 594 505 senatores,
611 470 665 507 qui
683 479 809 508 parere,
826 479 855 498 v.
871 480 901 499 e.

172 510 280 539 vocati
298 511 331 540 in
355 516 520 547 senatum,
538 512 676 542 nollent.
707 512 903 551 *eleganter

166 553 311 591 pignora
335 553 493 584 dicuntur
515 556 627 584 omnia
650 565 700 591 ea,
721 565 794 593 quae
818 556 903 585 fidu-

172 597 257 626 ciam
276 597 416 635 faciunt,
433 597 564 636 qualem
581 599 653 636 quis
677 608 711 627 se
736 599 903 637 praestitu—

171 648 227 670 rus
259 641 313 670 sit.
343 640 412 670 Att.
435 641 502 670 viii.
525 645 555 674 9.
587 642 695 671 minus
726 641 833 671 multa
855 642 903 671 illi

172 682 332 713 dederant
350 683 538 723 reipublicae
549 686 701 723 pignora.
734 685 816 714 Phil.
833 686 901 715 xiii.

170 728 203 756 4.
235 727 363 765 magnis
379 732 413 756 et
429 726 543 756 multis
561 729 752 766 pignoribus
776 729 822 759 M.
841 729 903 759 Le-

169 769 284 809 pidum
310 779 394 809 resp.
419 769 584 809 illigatum
609 776 714 801 tenet.
762 772 809 802 Ea
825 774 903 812 pig-

168 822 249 843 nora
266 813 383 842 deinde
400 818 609 850 enarrantur,
626 823 661 844 et
679 821 758 845 sunt
781 817 901 855 partim

170 857 345 886 commoda
361 856 479 893 multa,
497 867 569 896 quae
595 858 693 888 babet
717 860 750 888 in
775 859 901 898 republ.

169 905 203 928 et
227 910 247 929 a
277 899 402 938 republ.
427 906 561 939 propter
584 912 657 939 quae
682 903 710 931 ei
736 902 901 932 adversari

169 952 237 972 non
267 944 381 982 possit,
406 945 528 983 partim
556 944 756 975 documenta
780 947 901 976 amoris

169 986 204 1016 in
219 986 381 1026 rempubl.
399 988 438 1016 ab
455 998 494 1016 eo
504 989 574 1024 jam
593 989 693 1019 edita.

212 1030 304 1060 Pila.
330 1030 393 1060 Pis.
410 1033 463 1061 28.
486 1031 622 1061 claudus
633 1033 751 1072 pilam.
768 1043 799 1062 ν.
812 1032 902 1062 elau-

169 1072 241 1103 dus.

213 1117 322 1147 Pisas.
351 1118 392 1157 Ω.
409 1117 460 1148 Fr.
478 1119 512 1148 ii.
531 1120 579 1149 16.
611 1128 673 1157 ego
696 1129 736 1148 ne
748 1121 815 1159 pilo
831 1121 901 1159 qui-

169 1159 245 1190 dem
263 1163 373 1191 minus
398 1172 449 1190 me
474 1163 602 1193 amabo.
632 1163 726 1192 noso.
745 1165 782 1193 C.
799 1167 829 1197 7.
860 1174 900 1193 ne

167 1202 273 1234 ullum
284 1206 392 1244 pilum
410 1205 485 1234 boni
502 1206 563 1235 viri
579 1205 701 1236 habere
715 1207 854 1237 dicatur.

213 1247 368 1287 Pingere.
384 1258 512 1279 ornare.
536 1249 631 1279 Brut.
649 1253 701 1283 37.
716 1251 815 1279 verba
828 1251 901 1289 pin-

165 1300 263 1329 geme:
287 1291 373 1330 quod
397 1293 436 1321 fit
456 1293 559 1332 tropis
582 1297 615 1322 et
631 1292 766 1332 σχήμασι
789 1293 900 1331 λέξεως.

168 1334 240 1364 Att.
255 1335 296 1365 iv.
313 1339 342 1366 5.
372 1335 604 1365 bibliothecam
621 1338 701 1367 mihi
719 1340 901 1378 pinxerunt

168 1379 415 1408 construetione
432 1383 465 1408 et
480 1379 620 1419 sittybiS.

212 1420 365 1461 Pinguis,
391 1422 429 1452 de
454 1423 550 1452 rebus
577 1422 825 1463 philosophicis,
850 1429 900 1454 est

167 1464 278 1495 minus
295 1465 423 1495 subtilis
439 1470 473 1495 et
494 1473 625 1503 acutus,
642 1467 700 1496 sed
723 1467 900 1507 popularis.

166 1507 248 1539 Lael.
279 1512 309 1540 5.
350 1519 487 1548 agamus
513 1511 633 1548 pingui
668 1510 831 1547 Minerva,
861 1519 900 1541 ut

166 1551 280 1581 aiunt:
307 1553 337 1582 h.
355 1563 383 1582 e.
409 1562 474 1582 non
491 1559 627 1583 utamur
642 1553 698 1582 illa
714 1554 899 1584 subtilitate

166 1595 364 1626 Stoicorum.
395 1596 496 1626 Acad.
514 1597 555 1626 iv.
573 1599 624 1627 34.
651 1597 736 1635 quud
754 1597 814 1637 ipsi
831 1600 900 1628 An-

165 1638 277 1668 tiocho
293 1641 420 1679 pingue
443 1639 615 1669 videbun-1·
637 1645 672 1670 et
687 1641 745 1670 sibi
767 1646 900 1671 contra-

165 1682 264 1712 rium.
294 1682 437 1720 *dui-us,
456 1684 565 1713 minus
588 1685 709 1715 suavis.
732 1684 832 1715 Arch.
849 1688 898 1716 10.

159 1727 286 1766 pingue
301 1732 456 1756 sonantes
472 1730 590 1766 pos'jtae.

209 1768 334 1806 Pinna,
352 1779 456 1808 genus
480 1770 628 1799 coneha‘.
660 1780 689 1800 ν.
706 1771 786 1801 Nat.
804 1772 847 1801 D.
865 1772 899 1802 ii.

163 1815 217 1843 48.
256 1812 317 1842 *in
350 1813 493 1852 piscibus
518 1815 629 1852 pinna*
658 1820 752 1851 sunt,
775 1815 899 1844 instru-

165 1860 281 1885 menta
304 1856 454 1894 natandi,
480 1856 550 1886 loeo
583 1857 703 1896 pedum
736 1858 835 1895 datm,
859 1864 899 1888 ut

164 1900 212 1929 ait
236 1899 383 1938 Plinius;
413 1905 452 1929 ut
475 1900 509 1929 in
533 1901 647 1930 avibus
670 1907 749 1931 sunt
773 1902 897 1931 instru-

163 1946 278 1974 menta
293 1943 434 1973 volatus.
456 1944 544 1973 unde
563 1944 812 1983 proverbialiter
826 1945 896 1975 Att.

163 1987 204 2016 iv.
218 1988 248 2017 2.
267 1988 389 2026 pinnas
402 1987 502 2016 alieni
520 1988 664 2017 incidere
678 2001 683 2018 :
710 1989 765 2018 ubi
781 1992 896 2019 tamen

163 2029 337 2060 Graeviana
353 2029 452 2059 habet
462 2040 601 2070 pennas.

206 2072 548 2113 Pinnoteres,squilla.
565 2084 593 2104 v.
608 2074 678 2104 Fin.
692 2075 737 2105 iii.
753 2079 800 2108 19.
818 2074 896 2105 Nat.

162 2115 205 2147 D.
224 2117 258 2147 ii.
276 2120 328 2148 48.

205 2159 425 2198 Piscium-ius,
441 2161 496 2200 qui
515 2161 649 2199 piscinis
665 2170 894 2200 murenarum,

160 2203 368 2242 aliorumque
392 2205 612 2243 pretiosorum
632 2206 782 2244 piscium,
807 2205 896 2235 dele-

160 2252 293 2286 ctatum
318 2248 423 2287 qualis
438 2247 476 2278 L.
494 2247 655 2278 Lucullus
679 2248 755 2278 suit.
785 2248 856 2278 Att.
873 2250 893 2278 i.

163 2293 213 2325 19.
230 2293 281 2321 ⁶20.

205 2334 405 2371 Pistrimcm,
423 2344 536 2364 carc-er
559 2335 720 2375 privatus,
744 2339 778 2365 et
801 2344 895 2374 erga-

159 2377 298 2412 stulum.
332 2378 372 2417 Ω.
398 2378 447 2407 Fr.
472 2379 492 2407 i.
511 2380 540 2408 0.
557 2388 584 2408 e.
603 2382 634 2409 4.
666 2379 700 2408 in
725 2379 893 2418 publicam

158 2421 358 2458 custodiam,
375 2421 448 2451 vel'
442 2431 474 2450 in
486 2423 676 2472 pistrinmn.

204 2463 300 2494 Pius.
330 2465 371 2494 ad
393 2465 468 2494 Div.
484 2475 515 2495 x.
533 2467 586 2495 ⁴24.
612 2467 677 2504 μετ’
699 2462 892 2506 propinqui-

158 2511 256 2538 tates.
288 2507 380 2537 Bali).
417 2509 463 2538 16.
505 2509 564 2557 pia
598 2514 632 2539 et
661 2512 788 2540 aeterna
818 2519 891 2548 pax.

158 2550 243 2580 Phil.
268 2551 336 2581 xiii.
362 2554 410 2585 19.
441 2552 622 2597 piissimus,
652 2562 717 2581 non
749 2551 892 2583 latinum

156 2604 227 2630 ess-3
245 2594 325 2623 dicit
342 2594 467 2624 (icero.

156 2664 158 2666 ,
202 2637 355 2667 Ptaeare.
379 2636 478 2667 Tusc.
492 2648 524 2668 n.
538 2642 568 2671 9.
593 2638 663 2668 hoee
680 2638 795 2668 dextra
810 2637 890 2668 Ler-

157 2690 234 2711 nam
266 2686 413 2710 mactata
441 2687 588 2717 excetra,
613 2682 784 2721 placavit.-
816 2682 837 2711 i.
862 2693 891 2713 e.

155 2730 266 2754 tutam
284 2723 437 2753 reddidit.
471 2724 535 2754 Sed
551 2724 682 2754 videtur
698 2723 890 2763 legendum,

155 2768 295 2808 pacavit.
342 2765 479 2796 Placari
495 2767 629 2806 quidem
647 2777 738 2797 mare
755 2767 889 2806 dicitur,

145 2812 211 2841 ‘sed
227 2810 325 2840 aliam
342 2809 383 2839 ob
400 2819 550 2846 causam,
568 2820 688 2850 nempe
709 2811 788 2850 quia
803 2815 889 2841 tem—

149 2858 296 2902 >gestatas
312 2854 369 2888 irae
393 2853 494 2883 maris
520 2853 696 2895 dicuutur:
728 2864 806 2885 eum
831 2864 890 2885 au-

680 79 825 107 INDEX
858 78 1150 109 LA’mNI'rA‘ris.

944 174 1013 198 tom
1031 179 1050 198 a
1073 168 1282 208 praedonibus
1303 167 1476 206 liberatur,
1494 169 1602 209 pacari
1626 164 1679 199 dia

945 212 1031 241 citur
1048 222 1150 248 mare,
1176 221 1241 241 non
1261 213 1400 251 placari.
1445 212 1567 243 Similis
1584 214 1676 243 locus

944 260 995 284 est
1017 256 1145 293 Virgilii
1167 256 1242 285 AEn.
1269 255 1308 284 vi.
1333 259 1407 286 803.
1445 255 1485 285 de
1510 256 1673 286 Hercule:
1724 290 1726 293 ,

946 297 1140 337 Erymanthi
1161 300 1304 337 placarit
1328 308 1473 328 nemora.
1505 299 1561 328 ubi
1584 296 1684 329 reete'

945 351 962 369 e
975 341 1067 371 MSS.
1083 343 1207 381 pacarit
1219 342 1365 381 reposuit
1378 341 1552 371 Heinsius:
1575 351 1676 381 quem

945 384 1008 413 vid.
1027 384 1083 414 bas
1095 395 1188 414 voces
1206 386 1387 424 permutari
1401 391 1518 415 notum
1532 390 1592 415 est.
1607 385 1674 416 vid.

946 427 1117 457 Drakenb.
1135 428 1176 458 ad
1192 428 1309 458 Silium
1328 429 1359 457 ii.
1377 431 1451 459 483.

989 469 1158 501 placatus.
1189 471 1287 502 Tusc.
1305 473 1345 501 iv.
1367 475 1414 505 17.
1442 471 1501 501 sibi
1519 472 1588 511 ipse
1598 472 1676 510 pla-

944 517 1054 542 catus:
1068 514 1107 543 de
1122 514 1254 544 homine
1266 514 1437 554 tranquilli
1449 515 1562 545 animi.
1581 515 1676 554 Quir.

945 565 977 595 p.
1001 556 1041 586 R.
1072 560 1098 586 1.
1130 558 1155 586 si
1184 558 1264 587 mibi
1291 561 1424 598 plat-ala
1456 559 1570 588 oinnia
1594 558 1675 587 fnis-

944 605 1035 628 sent:
1062 600 1094 629 b.
1111 610 1139 629 e.
1164 602 1190 630 si
1215 601 1260 631 nil
1284 602 1408 631 adversi
1433 601 1514 632 mihi
1539 601 1677 631 accidis-

948 646 1008 672 set.
1513 667 1516 671 .

988 685 1099 715 Plane
1122 685 1193 715 sine
1215 690 1322 726 tropo.
1363 688 1446 719 Phil.
1469 687 1524 719 vii.
1547 689 1579 719 6.
1618 687 1674 727 qui

939 730 1041 768 plane
1056 733 1090 758 et
1107 728 1208 759 latine
1226 729 1418 769 loquuntur.

988 771 1239 810 Planguncula,
1261 784 1362 813 pupa,
1385 774 1599 805 simulacrum
1623 785 1677 805 ee-

945 825 1037 845 reum
1062 826 1101 844 ex
1125 816 1240 846 Graeco
1270 816 1437 856 πλαγγῶν.
1484 817 1556 848 Att.
1580 819 1621 848 vi.
1648 822 1677 850 1.

944 859 1088 888 inventae
1107 866 1186 889 sunt
1203 861 1348 898 quinque
1359 863 1593 900 plungzmculae
1608 871 1676 891 ma-

943 906 1128 931 tr.onarum
1160 913 1189 933 v
1209 904 1324 933 Rosius
1349 905 1390 934 ad
1414 904 1444 934 h.
1471 904 1493 934 l.
1511 905 1567 943 qui
1590 904 1677 935 hanc

944 955 1058 975 vocem
1073 946 1223 976 Ciceroni
1237 948 1394 985 restituit,
1406 948 1566 987 probante
1578 948 1678 978 Lam-

926 984 1034 1025 bino,
1058 989 1173 1026 Junio,
1198 993 1257 1019 «xc.
1293 1001 1369 1020 cum
1394 998 1473 1020 ante
1497 996 1583 1021 esset
1605 991 1677 1021 sine

943 1041 1043 1062 sensu
1067 1032 1131 1062 lz=1n
1125 1034 1293 1071 gunculae,
1313 1034 1401 1084 <mod
1423 1035 1564 1064 servavit
1586 1034 1677 1064 Grae-

945 1077 1025 1105 vius.
1072 1075 1209 1115 Repetit
1233 1078 1334 1106 etiam
1359 1078 1392 1107 in
1417 1077 1496 1108 C.o‹1
1513 1078 1679 1108 Bessario-

944 1120 994 1148 nis
1016 1119 1201 1150 Manutius.
1233 1121 1274 1150 cs.
1292 1121 1471 1160 Spanhem.
1487 1121 1528 1151 ad
1545 1121 1678 1152 Callim

943 1172 975 1202 p.
993 1166 1067 1196 711.

987 1206 1131 1243 Planus,
1156 1207 1326 1247 impostor.
1350 1207 1491 1240 ‚Cluent.
1507 1209 1559 1240 26.
1588 1207 1676 1238 hane

942 1259 1055 1278 vocem
1088 1250 1157 1280 Viri
1189 1251 1276 1281 docti
1313 1252 1534 1282 restituerunt
1563 1252 1675 1283 etiam

944 1291 1121 1333 Capitolin.
1147 1294 1182 1323 in
1210 1296 1335 1325 Anton.
1361 1294 1445 1325 Phil.
1469 1305 1498 1326 c.
1527 1298 1576 1326 13.
1615 1294 1676 1325 Est

942 1336 1042 1366 etiam
1058 1337 1106 1366 bis
1131 1347 1183 1377 ap.
1200 1338 1286 1368 Plin.
1301 1348 1395 1368 xxxv.
1415 1342 1463 1368 10.

985 1380 1155 1417 Ρῐιιίίιίιά,
1173 1381 1252 1410 avis.
1276 1392 1307 1411 v.
1323 1381 1366 1412 N.
1384 1382 1426 1412 D.
1443 1383 1478 1413 ii.
1493 1384 1547 1416 49.

985 1423 1189 1461 Plauszhilis,
1227 1424 1319 1455 valde
1373 1425 1508 1464 placens
1545 1424 1681 1465 populo.

940 1466 1041 1497 Tusc.
1060 1467 1106 1498 iii.
1132 1470 1183 1498 21.
1215 1469 1371 1507 quoniam
1397 1468 1467 1499 haee
1484 1466 1686 1509 1:³lausibt'licu⁴

942 1519 1009 1539 non
1027 1516 1120 1547 sunt,
1138 1511 1172 1540 in
1188 1512 1264 1541 sinu
1281 1512 1497 1551 gaudeamus.

986 1553 1141 1584 Plausus.
1165 1555 1241 1585 Div.
1251 1555 1286 1585 ii.
1298 1556 1349 1586 26.
1365 1555 1451 1585 Galli
1465 1559 1566 1585 cantu
1573 1556 1675 1595 plau-

940 1607 1040 1636 suque
1054 1597 1120 1628 alas
1137 1604 1306 1638 premunt.
1328 1599 1476 1638 *gratian
1492 1599 1575 1629 laus.
1595 1598 1676 1629 Clu-

941 1646 1009 1670 ent.
1027 1644 1080 1675 47.
1111 1651 1149 1671 ex
1172 1646 1246 1671 tota
1267 1643 1332 1672 ista
1353 1642 1596 1682 subscriptione
1620 1652 1677 1672 ru-

941 1693 1068 1714 morem
1080 1685 1252 1723 ,quendam
1267 1689 1302 1715 et
1308 1687 1464 1726 plausum
1481 1685 1674 1726 popularem

941 1737 1011 1757 esse
1030 1729 1220 1766 quaesitum.

985 1770 1123 1809 Plenus,
1141 1772 1240 1802 dives.
1272 1771 1314 1802 ad
1336 1772 1413 1802 Div.
1432 1771 1486 1801 vii.
1504 1775 1536 1806 9.
1567 1772 1676 1802 serius

934 1815 1051 1853 ,potius
1067 1816 1108 1845 ad
1126 1825 1197 1852 nos,
1215 1816 1295 1845 dum
1305 1816 1444 1855 plenior.
1471 1815 1674 1845 *abundans

941 1858 1040 1887 etiam
1066 1859 1100 1888 in
1124 1859 1245 1888 malam
1274 1864 1414 1899 partem.
1454 1858 1548 1888 Prov.
1573 1858 1674 1889 Cons.

941 1904 971 1932 8.
1001 1902 1073 1940 quis
1090 1904 1217 1941 plenior
1240 1903 1453 1932 inimicorum
1471 1902 1536 1931 fuit
1553 1901 1673 1932 Mario.

940 1945 1122 1984 *mag-tuus,
1137 1946 1298 1985 copiosus.
1322 1945 1419 1976 Rose.
1437 1945 1474 1975 A.
1490 1948 1520 1977 2.
1544 1946 1579 1975 in
1596 1945 1677 1975 alie-

940 1997 1017 2018 nam
1037 1990 1226 2028 pecuniam,
1241 1993 1311 2019 tam
1323 1991 1458 2029 plenam
1474 1995 1574 2028 atque
1590 1998 1674 2028 prae-

940 2031 1077 2066 claram,
1098 2033 1267 2062 invaserit.
1313 2033 1471 2063 Ceterum
1496 2031 1582 2062 male
1606 2032 1672 2062 huc

938 2076 1042 2105 traxit
1058 2076 1205 2106 Graevius
1214 2078 1352 2116 plenum
1365 2076 1549 2106 convivium
1563 2085 1581 2105 e
1592 2075 1674 2105 Sue-

938 2119 1043 2148 tonio.
1076 2119 1139 2149 vid.
1163 2119 1325 2149 Burman.
1344 2119 1385 2149 ad
1408 2119 1500 2149 Suet.
1518 2119 1602 2149 Caes.
1620 2121 1674 2153 49.

938 2162 1103 2202 *plenum
1134 2162 1258 2192 dicitur
1288 2173 1406 2202 corpus
1435 2172 1614 2192 carnosum
1637 2169 1672 2192 et

937 2205 1170 2235 succulentum
1185 2217 1194 2244 3
1219 2207 1463 2246 opponiturque
1481 2205 1672 2236 macilento.

937 2259 966 2278 v.
984 2249 1122 2281 Salmas.
1139 2249 1181 2279 ad
1198 2249 1301 2279 Solin.
1317 2260 1350 2289 p.
1365 2251 1439 2280 203.
1462 2249 1548 2279 unde
1564 2252 1674 2279 trans·

936 2292 1045 2323 fertur
1073 2293 1114 2323 ad
1144 2293 1341 2330 orationem,
1365 2298 1400 2323 et
1423 2293 1603 2332 opponitur
1617 2292 1673 2331 je-

929 2335 1030 2373 juno,
1059 2337 1233 2375 exsangui,
1260 2337 1367 2366 tenui.
1402 2336 1467 2367 Off.
1492 2336 1514 2365 i.
1541 2339 1568 2366 1.
1598 2345 1673 2365 ora-

936 2380 1064 2409 tionem
1090 2379 1228 2410 latinam
1254 2381 1375 2409 efficies
1392 2381 1581 2419 pleniorem.
1611 2380 1670 2409 Or.

936 2423 982 2452 iii.
1005 2426 1053 2453 14.
1085 2423 1125 2452 de
1150 2422 1287 2453 horridis
1304 2424 1400 2453 rebus
1425 2422 1543 2459 nitida,
1558 2423 1598 2452 de
1614 2422 1668 2460 je-

930 2466 1023 2505 junis
1034 2467 1192 2505 plena‚de
1205 2467 1407 2506 pervulgatis
1420 2476 1505 2496 nova
1515 2466 1666 2505 quaedam

935 2514 986 2538 est
1001 2510 1107 2540 oratio
1122 2513 1191 2540 tua.
1216 2510 1295 2540 ibid.
1311 2512 1363 2540 52.
1387 2510 1413 2539 si
1430 2509 1579 2539 habitum
1597 2518 1672 2538 ora-

934 2553 1034 2583 tionis
1051 2559 1085 2583 et
1101 2554 1193 2592 quasi
1211 2553 1352 2582 colorem
1369 2552 1513 2592 aliquem
1531 2552 1671 2591 requiri-

934 2597 990 2632 tis,
1018 2602 1069 2626 est
1095 2602 1129 2626 et
1146 2598 1249 2636 plena
1276 2595 1441 2635 quaedam,
1469 2595 1528 2626 sed
1549 2600 1668 2625 tamen

933 2644 1032 2669 teres.
1050 2640 1109 2670 ἃς.
1143 2643 1161 2661 *⁵
1173 2641 1207 2669 in
1224 2649 1301 2669 voce
1319 2641 1454 2679 plemma
1472 2644 1524 2668 est
1538 2638 1624 2676 laus,
1641 2639 1670 2669 si

933 2682 1064 2719 adjecta
1078 2687 1128 2713 est
1145 2683 1299 2713 suavitas.
1329 2683 1422 2713 Orat.
1440 2684 1460 2713 i.
1477 2685 1529 2717 99.
1562 2682 1669 2712 nemi-

934 2735 1010 2755 nem
1028 2736 1107 2756 voce
1117 2727 1295 2766 pleniorem
1306 2734 1365 2756 aut
1382 2726 1567 2756 suaviorem
1583 2724 1667 2755 mihi

932 2769 1045 2799 videor
1061 2769 1201 2799 audisse.
1230 2769 1294 2799 Sed
1309 2770 1410 2799 etiam
1429 2770 1463 2799 in
1480 2769 1667 2805 vitio‚.cum

932 2812 1025 2843 abest
1061 2813 1218 2848 suavium,
1249 2821 1283 2842 et
1321 2813 1490 2852 significat
1523 2816 1668 2842 vastum.

931 2854 988 2886 Or.
1005 2856 1051 2887 iii.
1079 2857 1129 2888 12.
1161 2856 1256 2896 cujus
1278 2860 1318 2888 tu
1337 2855 1397 2887 illa
1418 2855 1487 2890 lata
1508 2863 1668 2889 nonnun-
