1804 3235
640 171 784 200 mmex
807 171 1171 201 GEoanPmctrs.
1605 166 1652 203 51

145 268 220 299 (χιιι
235 262 285 291 est
303 259 379 290 urbs
396 259 515 291 Siciliae
528 258 664 291 celebris
676 268 709 291 ct
720 266 835 302 portus
849 263 881 292 iu

144 307 239 342 parte
255 303 464 334 occidvntali.

141 354 144 357 ’
188 345 437 387 Paphlagmain,
469 347 560 386 regio
598 346 684 377 Aziae
723 348 805 378 min.
840 348 880 378 ad

143 386 288 421 Pontum
314 390 481 422 Euxinum
509 390 598 420 inter
624 389 816 431 Bithyniam
846 398 879 422 ct

143 430 301 464 Pontum.

187 475 338 517 Paphus,
357 477 433 507 urbs
448 476 734 517 Cyprinotissirna
744 483 879 519 propter

142 518 271 551 cultum
288 519 439 558 Veneris,
453 528 526 559 qum
545 520 621 550 inde
639 520 782 560 Paphia.

187 561 346 594 Pariana
381 564 507 600 ‹iz-itas,
540 563 580 593 ad
618 564 694 595 Div.
727 565 793 595 xiii.
824 568 875 597 53.

141 604 323 637 Pariorum
341 606 375 637 in
393 605 612 647 Hellesponto
627 608 717 643 uri-«s,
736 608 854 639 Paros.

184 647 329 687 Parma,
342 650 418 680 urbs
429 649 545 680 Galliae
559 650 764 691 Cispadanae.
787 651 874 682 unde

139 691 351 725 parmenses.

182 735 320 774 Parthi,
342 737 472 778 proprie
496 737 609 778 populi
632 738 763 774 Persiae,
782 737 873 770 ultra

138 778 366 822 Euphratem:
399 780 518 811 deinde
548 791 676 819 omnm,
706 782 761 821 qui
791 781 870 812 olim

136 823 256 855 Persic.

181 866 355 905 Parthini,
371 867 405 897 in
429 867 539 898 Pison.
559 870 613 899 40.
633 867 746 907 populi
770 869 803 898 in
826 868 868 899 n-

136 909 249 951 lyrico.
262 911 500 942 v.Outlend.V.
513 911 550 942 C.
563 910 604 946 ad
616 912 707 941 Suet.
720 911 803 951 Aug.
820 915 868 947 19.

181 954 364 992 Pataram,
376 964 435 995 pro
447 954 553 985 Flacc.
565 955 617 986 323.
630 954 720 984 urbis
730 955 869 986 Pataroe

135 995 171 1028 in
185 996 288 1038 Lycia
301 998 398 1028 cives.
413 1009 418 1012 ·
480 1009 482 1011 ’

179 1040 310 1080 Patre,
323 1041 402 1072 urbs
416 1041 591 1071 notissima
605 1041 749 1072 Achaiae.

179 1082 370 1123 Pedanam,
385 1083 428 1115 ad
443 1084 512 1115 Att.
529 1084 572 1114 ix.
593 1087 640 1115 18.
656 1085 817 1125 praedium
831 1086 865 1117 in

133 1136 213 1167 agro
234 1127 366 1158 Pedano
387 1127 421 1159 h.
440 1137 470 1158 e.
491 1138 594 1168 prope
614 1128 757 1164 Pedum,
772 1130 865 1170 oppi-

131 1170 214 1245 ilum
236 1172 328 1208 inter,
347 1171 528 1210 Praeneste,
551 1171 579 1202 T
582 1172 656 1202 ibux·
681 1178 715 1203 et
737 1172 865 1204 Tuscu-

147 1224 215 1246 um.

174 1258 326 1298 Pelasgi,
341 1257 455 1300 populi
470 1257 618 1289 Graeeiae.

141 1304 146 1306 ’
175 1301 352 1342 Pelignus,
375 1311 392 1332 e
417 1301 573 1342 Pehgnis,
596 1301 718 1342 populo
744 1302 864 1341 ltaliae,

131 1343 264 1383 Marsis,
286 1346 498 1382 Marrucinis,
515 1353 549 1376 et
570 1345 763 1376 Ferentanis
785 1357 864 1377 con-

131 1389 202 1420 fini.

173 1432 288 1463 Pelion
318 1433 459 1468 A'emas,
482 1431 523 1462 ad
547 1431 670 1463 Hercu.
695 1433 728 1463 ii.
752 1435 804 1464 2²2.
828 1434 862 1464 in

130 1482 244 1506 monte
262 1475 351 1506 Pelio
367 1477 402 1506 in
417 1475 598 1506 Thessalia.

172 1519 291 1550 Pelius
306 1519 412 1557 Mons,
430 1519 470 1548 de
487 1519 556 1550 Fat.
576 1522 625 1549 15.

172 1562 284 1601 Pella,
293 1562 334 1593 ad
344 1562 414 1594 Att.
428 1563 475 1592 iii.
488 1566 517 1593 8.
534 1568 634 1604 caput
643 1563 862 1602 Macedoniae,

125 1606 216 1637 unde
246 1616 339 1646 reges
375 1606 594 1644 Macedoniae,
627 1607 798 1648 Philippus
829 1615 863 1640 et

124 1647 314 1680 Alexander
328 1649 446 1680 Pellaei
461 1650 554 1680 dicti.
587 1649 776 1691 Philippum
795 1652 862 1682 De-

125 1693 317 1724 mosthenes
338 1692 378 1723 de
400 1693 531 1724 corona
552 1698 742 1725 contemtus
763 1706 864 1726 causa

125 1736 271 1778 appellat
287 1737 314 1768 ἰν
329 1735 438 1768 Πέλλη
453 1736 611 1779 egwinum,
628 1742 662 1767 et
682 1748 758 1768 cum
784 1749 862 1769 con—

123 1783 235 1811 temtu
259 1780 299 1811 de
321 1790 362 1810 ea
383 1769 464 1810 urlie
490 1780 647 1820 loquitur.
679 1781 718 1811 de
741 1792 806 1822 qua
828 1793 861 1814 re

124 1823 191 1855 vid.
204 1823 403 1864 Wesseling.
419 1823 461 1854 ad
476 1823 555 1854 Ant.
574 1824 652 1855 ltin.
668 1835 698 1864 p.
715 1829 788 1860 319.

167 1867 419 1908 Peloponnesus,
450 1877 573 1908 magna
597 1868 784 1908 peninsula,
811 1879 861 1899 re-

123 1910 223 1951 liquae
252 1910 389 1941 Graeciae
424 1909 552 1941 Isthmo
591 1911 765 1942 Corinthio
804 1913 861 1944 ad-

124 1954 265 1986 haerens.

167 1997 341 2037 Pelorum,
370 1998 637 2039 promontorium
668 1998 710 2029 ad
739 1999 860 2031 Siciliae

121 2041 259 2073 fretum.

167 2083 369 2122 Pentelt'ear,
385 2084 427 2114 ad
441 2084 512 2115 Att.
528 2085 549 2115 i.
567 2088 596 2117 8.
619 2085 759 2118 Hermes
775 2087 860 2118 Pen-

120 2127 255 2168 telieus,
283 2133 336 2159 est
364 2133 478 2158 statua
505 2131 576 2168 ejus
601 2130 743 2169 generis,
772 2130 860 2171 quod

121 2171 269 2216 Hermas
277 2172 454 2210 vocabant,
461 2171 551 2203 facta
558 2182 576 2202 e
586 2182 764 2212 marmore,
772 2174 861 2213 quod

118 2215 433 2256 praestantissimum
457 2226 475 2245 e
499 2221 613 2246 monte
629 2215 749 2247 Atticae
774 2217 859 2248 Pen-

118 2258 234 2298 telico,
263 2263 399 2290 auctore
427 2259 593 2290 Pausania
621 2259 642 2290 1.
669 2260 691 2290 i.
725 2264 774 2295 19.
805 2263 858 2293 32.

118 2302 176 2334 vii.
199 2304 253 2334 23.
275 2304 329 2335 25.
350 2302 406 2334 26.
431 2303 658 2342 excidebatur,
685 2303 857 2335 ini-entore

120 2346 214 2386 Byze
230 2345 355 2378 Naxio.
394 2345 556 2377 Pentelici
574 2348 858 2387 marmor-ismen-

117 2390 168 2421 tio
192 2394 244 2421 est
269 2390 371 2420 etiam
404 2399 456 2430 ap.
488 2390 684 2420 Strabonem
711 2390 733 2421 1.
758 2391 800 2422 ix.
824 2402 857 2432 p.

118 2433 193 2467 619.
216 2433 268 2464 ed.
291 2432 452 2464 Almeiov.
475 2439 510 2464 et
531 2433 619 2474 apud
640 2433 856 2466 Plutarchum

118 2476 155 2507 i‘n
168 2475 302 2508 Valerio
317 2475 490 2508 Publicola
502 2487 534 2517 p.
553 2480 624 2509 105.
640 2477 692 2508 ed.
707 2477 856 2509 Wechel.

163 2519 293 2560 Perga,
308 2520 386 2551 urbs
402 2519 617 2562 Pamphyliae.

162 2563 368 2604 Pergamus,
383 2563 462 2595 urbs
483 2563 599 2605 Mysiae
621 2565 755 2606 majoris
771 2564 856 2596 cele-

88 2605 93 2610 ’
119 2606 275 2645 berrima;
289 2604 380 2638 unde
396 2607 613 2647 Pergameni.

163 2650 370 2689 thoebia,
386 2651 422 2681 in
446 2651 556 2682 Pison.
578 2654 730 2692 40.'pars
751 2650 856 2682 Thes-

116 2693 208 2724 saliae
222 2705 232 2733 ;
249 2693 304 2724 alii
320 2699 437 2725 tamen
453 2694 496 2725 ad
510 2694 756 2733 Macedoniam,
773 2695 855 2725 item

118 2736 162 2768 ad
175 2737 335 2768 AEtoliam
352 2737 514 2768 referunt.

139 2778 147 2788 ⁴
163 2779 308 2819 Persice,
324 2780 365 2811 ad
388 2781 459 2812 Att.
482 2792 534 2812 xv.
554 2785 586 2816 9.
606 2781 754 2822 porticus
770 2780 856 2811 cele-

118 2823 263 2854 berrima
276 2823 517 2856 Lacedaemone
534 2825 611 2862 fuit,
627 2834 701 2864 quae
717 2824 780 2854 hoc
796 2833 855 2854 no-

117 2867 210 2897 mine
240 2867 483 2908 appellabatur,
513 2868 602 2908 quod
639 2878 656 2898 e
690 2867 856 2898 manubiis

117 2909 294 2941 Persarum
316 2910 483 2941 aedificata
505 2917 587 2942 erat.
632 2910 762 2941 Vitruv.
785 2911 805 2941 i.
824 2912 855 2941 2.

116 2952 169 2985 Ad
185 2953 271 2984 hane
286 2952 437 2985 alludens
453 2954 578 2986 Brutus
599 2955 634 2985 in
651 2953 730 2985 villa
744 2954 857 2985 Lanu-

926 261 1001 290 vina
1029 263 1192 300 porticum
1225 261 1376 292 Persicon
1405 263 1601 304 appellabat.
1629 275 1659 295 v.

925 304 1083 334 Eurotas.

969 346 1137 381 lus-sinus,
1153 349 1229 377 urbs
1251 346 1498 378 Gallo-Graeoioe
1518 359 1543 379 s.
1559 349 1655 380 Culm-

920 390 991 426 tire,
1009 391 1096 419 uude
1117 391 1357 420 Pani-mmmm.

967 433 1111 470 l'elrini,
1130 435 1162 464 in
1180 434 1270 464 Vei-r.
1289 435 1334 464 iii.
1352 437 1402 468 39.
1419 434 1524 464 Petra»
1541 437 1652 476 oppidi

921 476 955 506 in
972 477 1083 506 Sicilia
1099 479 1196 507 cives.

965 519 1155 557 Petrinum,
1173 520 1213 550 ad
1237 520 1312 550 niv.
1330 521 1372 549 vi.
1392 523 1440 553 19.
1457 521 1614 559 pra-dium
1634 534 1652 551 a

918 562 990 592 vico
1016 563 1163 601 Petrino,
1187 563 1243 603 qui
1267 564 1331 594 fuit
1355 564 1388 593 in
1415 572 1494 602 agro
1519 566 1650 594 sinum-

917 613 1009 637 sano.

962 650 1128 689 Pheras-es,
1159 650 1214 682 Br.
1254 652 1302 680 18.
1348 649 1461 689 populi
1500 650 1648 690 Corcyra!

916 693 1101 724 mollissimi
1118 706 1127 731 ;
1152 703 1291 734 quorum
1307 692 1562 731 m‹›llitiemjam
1582 693 1649 723 Ηυ-

916 745 1025 767 merus
1041 738 1074 767 in
1091 738 1236 778 Odyssea
1252 736 1440 766 celebravit.

959 780 1157 818 Phalereus,
1187 786 1237 811 est
1269 788 1454 819 cognomen
1482 780 1647 810 Demetrii

913 821 1067 862 rhetoris,
1094 835 1113 854 a
1138 834 1222 865 pago
1249 823 1373 861 Attico,
1397 823 1431 852 in
1458 833 1523 863 quo
1549 831 1647 854 natus

913 871 994 897 erat.
1375 872 1377 874 ’

955 910 1186 948 Pharsalicus,
1217 920 1237 940 a
1274 909 1428 940 Pharsalo
1464 909 1644 940 Thessalioe

910 954 1002 984 urbe.

956 997 1118 1036 Phaselis,
1134 997 1211 1028 urbs
1230 996 1351 1028 ultima
1366 997 1487 1036 Lyciae,
1503 996 1544 1027 ad
1561 996 1646 1027 fines

910 1039 1124 1082 Pamphyliae.

954 1084 1143 1123 Phaselim,
1159 1084 1276 1125 Agrar.
1298 1084 1330 1114 ii.
1355 1086 1404 1114 18.
1420 1082 1537 1114 incolae
1553 1083 1643 1113 urbis

909 1127 1109 1158 Phaselidos.

952 1171 1143 1206 Phenealoe,
1159 1171 1199 1201 de
1221 1171 1300 1201 Nat.
1321 1171 1364 1202 D.
1385 1171 1431 1200 iii.
1447 1171 1500 1201 29.
1515 1180 1536 1200 a
1554 1169 1642 1201 Phe-

907 1224 977 1251 neo,
992 1215 1112 1255 oppido
1128 1215 1287 1245 Arcadiae.

953 1258 1084 1296 Pheroe,
1101 1258 1140 1289 de
1162 1258 1276 1288 Divin.
1298 1258 1319 1287 i.
1340 1259 1392 1287 ⁶25.
1408 1257 1486 1287 urbs
1500 1256 1640 1286 Thessa·

907 1300 981 1340 liae3
998 1302 1086 1332 unde
1105 1302 1249 1338 Pher-cei,
1266 1301 1305 1330 de
1323 1300 1452 1330 luvent.
1468 1301 1502 1329 ii.
1519 1303 1570 1333 49.

950 1345 1171 1376 Philomelam
1195 1355 1221 1375 s.
1246 1345 1490 1379 Philomelium,
1508 1343 1548 1372 ad
1571 1343 1641 1373 Art.

906 1398 935 1419 v.
962 1391 1014 1420 530.
1041 1389 1082 1419 ad
1110 1390 1186 1420 Div.
1212 1389 1258 1418 iii.
1283 1391 1313 1419 8.
1336 1389 1370 1418 in
1396 1387 1489 1417 Verr.
1515 1387 1561 1416 iii.
1589 1390 1642 1417 813.

907 1433 983 1463 urbs
1000 1432 1149 1474 Phrygia*
1173 1432 1316 1470 majoris.
1361 1430 1458 1460 Unde
1476 1430 1639 1460 Philome-

906 1477 1031 1513 lienses,
1048 1477 1081 1506 in
1097 1476 1190 1506 Verr.
1207 1476 1252 1505 iii.
1269 1478 1320 1506 83.

950 1519 1102 1558 Phineia,
1120 1520 1153 1549 in
1169 1519 1261 1549 verr.
1279 1519 1324 1548 iii.
1347 1520 1398 1548 83.
1415 1516 1572 1558 oppidum
1591 1518 1640 1547 Si-

905 1562 1002 1594 ciliae.
1087 1575 1091 1580 ¹

949 1607 1082 1643 Phlius,
1099 1605 1141 1635 ad
1167 1606 1237 1636 Att.
1264 1606 1306 1635 vi.
1331 1607 1362 1635 2.
1392 1604 1469 1634 urbs
1494 1604 1638 1640 Achaiae,

904 1650 993 1681 unde
1019 1650 1162 1680 Phliasiz'
1186 1654 1221 1679 et
1244 1649 1422 1679 Phlc'zmtv'i.
1466 1647 1529 1677 Sed
1557 1647 1639 1678 illud

903 1699 1019 1724 tamen
1034 1693 1201 1723 usitatius.
1233 1691 1333 1722 Tusc.
1349 1693 1390 1722 iv.
1407 1695 1437 1722 3.

947 1737 1076 1774 Phocii,
1095 1737 1128 1766 in
1146 1737 1255 1766 Pison.
1272 1738 1324 1766 40.
1344 1735 1457 1775 populi
1475 1734 1638 1765 Phocidis.

948 1781 1113 1816 Phoenice,
1141 1779 1241 1810 Acad.
1267 1780 1309 1809 iv.
1336 1781 1387 1809 90.
1419 1788 1493 1818 pars
1516 1778 1639 1818 Syriae:

903 1825 965 1854 etsi
979 1823 1148 1854 interdum
1163 1823 1203 1852 ab
1217 1833 1256 1852 ea
1272 1822 1490 1861 distinguitur
1505 1828 1640 1861 propter

903 1867 1112 1898 nobilitatem
1129 1871 1163 1896 et
1180 1866 1459 1904 magnitudinem.
1495 1864 1578 1894 Phil.
1595 1865 1637 1894 xi.

908 1914 955 1942 14.
996 1910 1157 1941 Cellarius
1187 1909 1308 1948 aliique
1339 1914 1462 1948 negant
1493 1908 1634 1938 latinum

902 1964 994 1985 esse:
1035 1954 1204 1985 Phoenicia
1236 1952 1286 1983 Cl.
1317 1952 1467 1982 Schwarz
1499 1951 1637 1981 adduxit

902 2003 1019 2029 contra
1041 1997 1149 2028 locum
1173 1997 1331 2026 Varronis
1355 1995 1394 2025 de
1417 1996 1456 2026 L.
1479 1995 1516 2025 L.
1541 1995 1581 2024 iv.
1606 1995 1638 2024 G.

901 2041 966 2072 Sed
981 2041 1081 2071 etiam
1098 2040 1138 2070 de
1155 2040 1224 2070 Fin.
1242 2040 1284 2069 iv.
1298 2041 1350 2070 530.
1372 2038 1534 2070 editiones
1547 2047 1636 2077 quae-

901 2084 978 2115 dam
996 2085 1121 2115 habent
1138 2084 1319 2114 Phoenicia.
1365 2082 1404 2112 ln
1425 2082 1636 2112 Gronoviana

901 2134 1015 2159 autem
1038 2132 1088 2158 est
1111 2138 1128 2157 e
1152 2127 1323 2163 Phoenica‚
1346 2136 1406 2166 pro
1429 2136 1445 2156 e
1473 2125 1637 2155 Phoenice.

901 2171 988 2212 quod
1002 2177 1184 2211 utrumque
1199 2174 1289 2200 recte
1304 2169 1369 2199 dici
1384 2173 1504 2209 potest.
1545 2167 1633 2198 Nam

900 2215 1016 2246 multae
1028 2224 1122 2245 voces
1134 2214 1222 2254 apud
1234 2214 1384 2250 Latinos,
1396 2215 1510 2252 poetas
1518 2216 1633 2241 tamen

901 2260 1057 2296 maxime,
1071 2263 1105 2289 et
1116 2258 1264 2288 Graecam
1277 2261 1311 2287 et
1322 2256 1476 2287 Latinam
1490 2254 1631 2284 formam

899 2302 1034 2333 habent.
1084 2302 1137 2332 Sic
1179 2301 1340 2340 Penelope
1378 2303 1412 2329 et
1454 2299 1632 2338 Penelopa,

905 2347 1006 2384 Circe,
1033 2346 1137 2377 Circa.
1168 2354 1197 2374 v.
1216 2344 1309 2383 Voss.
1329 2343 1370 2383 de
1386 2342 1482 2372 Anal.
1501 2342 1535 2371 ii.
1552 2343 1583 2372 2.
1599 2346 1633 2371 et

900 2390 1017 2421 Heius.
1038 2389 1079 2420 ad
1093 2389 1184 2427 Vir-g.
1201 2387 1277 2417 AEn.
1297 2387 1343 2418 iii.
1359 2386 1434 2417 386.
1456 2385 1512 2415 ubi
1529 2385 1629 2415 etiam

899 2433 1053 2472 exempla
1075 2442 1092 2463 e
1114 2431 1281 2472 prosaicis.
1325 2429 1480 2466 Librarii‚
1496 2429 1551 2467 qui
1571 2427 1634 2457 ho(-

899 2477 1104 2514 nesciebant,
1143 2485 1160 2505 e
1184 2474 1336 2514 phoem'ea-
1362 2472 1470 2503 fecere
1495 2473 1633 2512 poetica,

897 2520 988 2551 unde
1013 2519 1190 2550 Manutius
1213 2516 1293 2547 fecit
1321 2516 1506 2552 Phaenicia,
1533 2524 1631 2558 quem

899 2563 1019 2594 deinde
1035 2562 1090 2593 alii
1105 2561 1211 2592 secuti
1226 2566 1318 2592 sunt.

943 2607 1110 2646 Phryges,
1127 2603 1242 2645 populi
1257 2603 1342 2634 Asiae
1360 2603 1508 2633 minoris.

942 2649 1112 2690 Phrygia,
1129 2648 1220 2688 regio
1235 2647 1320 2678 Asiae
1337 2646 1420 2676 min.
1443 2645 1485 2675 ad
1505 2644 1633 2674 Helles-

898 2699 1039 2734 pontum
1058 2697 1093 2723 et
1105 2693 1256 2731 AEgaeum
1273 2699 1376 2720 mare.

942 2737 1083 2772 Phthia,
1111 2736 1186 2766 urbs
1213 2732 1427 2769 Phthiotidis,
1452 2730 1631 2762 Thessaliae

897 2782 1013 2822 partis.
1059 2778 1155 2809 Unde
1186 2777 1357 2818 Phthiota,
1385 2775 1485 2805 Tusc.
1514 2774 1579 2813 Qu.
1616 2776 1637 2804 i.

944 2866 1089 2897 Picenus
1102 2875 1197 2904 ager,
1214 2864 1248 2894 in
1265 2862 1375 2900 Italia,
1393 2861 1539 2892 Umbriae
1556 2871 1634 2891 con-

901 2910 988 2940 finis.
1019 2909 1084 2949 Qui
1101 2913 1136 2939 ct
1153 2907 1272 2938 Pit-em
1287 2915 1382 2945 ager,
1398 2905 1437 2934 de
1454 2906 1585 2934 Senect.
1602 2907 1634 2935 4.

900 2963 931 2984 v.
953 2953 1060 2984 Graev.
1079 2958 1114 2983 et
1136 2952 1221 2982 viros
1241 2950 1355 2980 doctos
1377 2948 1417 2978 ad
1440 2947 1525 2978 Flor.
1542 2950 1563 2978 i.
1583 2951 1634 2981 19.

927 2999 984 3028 132
