1800 3131
124 98 207 135 164

128 195 247 238 pulum
265 195 298 226 in
315 200 429 227 monte
445 197 545 228 Sacro
559 198 698 237 sedavit,
715 200 855 240 indeque

133 239 303 270 Maximus
320 239 428 271 dictus
446 246 509 278 est,
524 243 607 282 quod
622 253 736 274 nomen
747 244 859 284 sami—

134 284 186 313 22*ae
201 284 300 314 hoesit.
315 294 347 313 a.
365 284 404 315 U.
422 293 536 315 ceux.
559 287 604 316 ad
624 288 655 317 Ιι.
671 297 704 318 a.
719 298 748 318 v.
767 288 859 327 Sigo-

133 327 220 357 m'us.
251 328 285 357 in
300 329 445 367 vulgatis
461 331 545 359 male
560 334 604 360 est
621 331 668 360 M.

177 370 227 400 M.
253 371 416 409 Valerius,
441 372 488 402 M.
517 372 552 402 F.
581 373 713 411 Corvus,
737 375 813 405 Div.
838 375 858 404 i.

137 415 190 444 24.
229 414 344 445 consul
375 426 451 445 cum
480 416 564 446 Aulo
593 418 747 447 Cornelio
776 418 861 449 Cosso

136 457 170 486 in
194 456 280 487 bello
304 459 498 489 Samnitico.
528 469 560 490 a.
584 460 623 490 U.
649 470 774 491 ccccx.
805 463 861 500 qui

135 501 252 531 teo-tius
274 499 344 543 ejus
365 505 549 533 consulatus
560 503 651 543 fiat,
669 514 746 534 nam
765 506 860 543 quin-

134 545 222 584 quies
236 545 439 585 consulfuit,
455 548 499 576 bis
515 547 666 584 dictator,
677 549 776 577 semel
789 558 861 577 een-

134 598 199 625 sor,
214 590 314 619 sexies
325 594 459 629 ρνφίον,
476 595 592 629 quater
608 591 718 620 oedilis.
765 590 861 621 Corvi

135 641 251 662 nomen
275 634 409 672 primus
439 635 535 665 tulit,-
572 634 684 663 unde?
716 635 862 664 omnibus

135 679 250 705 ‘notum
266 681 320 706 est.
335 677 399 706 vid.
417 676 490 706 Lm
507 676 561 705 vii.
578 678 630 707 26.

181 719 226 749 Ρ.
255 719 408 749 Valerius
433 720 614 756 Publicola,
639 719 719 759 Leg.
747 721 781 750 ii.
808 723 862 753 23.

137 762 172 792 in
196 762 276 792 urbe
300 763 464 802 sepulum,
481 762 580 801 idque
604 765 726 802 posteri
743 769 863 794 tenue-

137 812 228 835 runt.
261 805 406 845 Hal-usp.
431 815 515 846 resp.
541 809 570 837 3.
604 817 661 846 pro
686 808 812 838 meritis
828 809 862 838 in

136 859 242 888 remp.
267 849 402 879 domum
428 849 463 879 in
480 849 614 889 publica
628 850 705 880 villa
721 853 861 891 accepit.

136 893 300 933 Quomodo
322 893 387 922 viri
416 893 497 923 docti
527 894 642 924 verba:
673 895 705 924 in
730 895 864 934 publica

138 935 226 971 villa,
264 937 435 974 tentarint,
473 937 591 967 docebit
638 938 785 969 Groevius
820 940 865 969 ad

137 981 168 1009 Ῐι.
187 981 207 1008 l.

180 1022 225 1052 P.
243 1022 392 1053 Phlerz'us
409 1023 556 1061 Flaccus,
574 1024 658 1055 Phil.
682 1035 711 1055 v.
736 1028 786 1055 10.
816 1024 864 1055 le-

136 1073 233 1105 gatus
258 1066 485 1098 Romanorum
509 1068 551 1097 ad
581 1068 804 1098 Hannibalem
828 1070 863 1099 in

137 1109 311 1149 Hispania.

181 1153 224 1183 P.
251 1153 413 1191 Valerius,
433 1154 515 1184 Phil.
539 1156 560 1185 i.
580 1158 611 1186 3.
644 1166 754 1186 comes
771 1157 864 1187 Cice-

136 1198 239 1234 ronis,
271 1207 347 1227 cum
379 1199 525 1238 primum
556 1199 620 1229 iter
642 1200 676 1230 in
699 1200 861 1230 Graeciam

135 1246 211 1280 post
226 1247 368 1271 mortem
388 1242 525 1272 Caesaris
541 1242 754 1273 instituisset.
785 1245 863 1275 ibid.

135 1288 170 1313 et
186 1284 256 1314 Att.
273 1285 338 1314 xvi.
356 1289 386 1319 7.
415 1286 527 1315 villam
547 1286 664 1316 habuit
680 1287 721 1316 ad
736 1288 865 1317 Leuco-

135 1332 280 1367 petram,
299 1329 332 1358 in
356 1339 455 1368 quam
478 1334 553 1359 tum
578 1330 693 1360 Cicero
717 1331 862 1361 divertit.

136 1371 208 1401 Att.
224 1382 253 1400 v.
270 1374 323 1403 21.
354 1383 373 1402 a
388 1373 548 1403 Deiotaro
571 1378 793 1412 sustentatur,
808 1376 864 1405 de—

133 1414 224 1445 bitor
245 1415 361 1446 Attici.
399 1417 483 1446 idem
514 1421 571 1454 est,
595 1427 689 1456 quem
721 1418 762 1447 ad
786 1419 864 1449 Div.

137 1459 201 1488 xiv.
226 1461 256 1489 2.
290 1461 436 1490 nominat
465 1460 637 1491 hominem
668 1462 863 1492 officiosum.

139 1502 204 1531 m'd.
226 1502 377 1533 Valerius
392 1505 560 1543 interpres.

179 1546 223 1587 Q.
244 1546 407 1584 Valerius,
421 1547 581 1585 ‘Sor-anus,
598 1547 653 1578 ΒΓ.
669 1548 721 1578 46.
746 1548 864 1580 ‹loctus

135 1588 261 1619 Graecis
288 1590 393 1620 literis
420 1598 455 1621 et
480 1592 621 1622 Latinis.
653 1591 710 1622 Or.
737 1593 783 1622 iii.
814 1596 863 1623 11.

135 1632 383 1664 litteratissimus
400 1635 550 1665 omnium
569 1634 778 1665 Latinorum.

179 1676 222 1716 Q.
243 1677 407 1714 ῙῗιίεΊ-ἰιιε,
422 1679 462 1718 Ω.
477 1679 511 1709 F.
532 1678 631 1716 Orc-a,
645 1680 678 1708 in
696 1679 772 1709 Sen.
790 1684 866 1719 post

137 1720 235 1750 redit.
259 1725 290 1755 9.
320 1726 442 1760 praetor
466 1722 500 1752 P.
524 1721 670 1752 Lentulo
687 1723 864 1763 Spinthere

139 1763 213 1794 Cos.
244 1764 286 1794 ad
308 1765 385 1794 Div.
408 1766 476 1795 xiii.
502 1768 534 1796 4.
569 1765 698 1805 legatus
722 1776 866 1806 proprae-

135 1812 210 1837 tore
241 1818 259 1837 a
289 1807 417 1838 Caesare
447 1810 645 1849 praepositus
672 1811 758 1849 agris
785 1811 866 1840 divi-

139 1851 277 1888 «lendin
311 1858 426 1891 postea
448 1853 626 1893 proconsul
647 1854 780 1891 Africae,
799 1864 865 1884 non

138 1894 316 1924 consulatu
333 1900 437 1935 gesto.
461 1896 503 1926 cf.
521 1906 572 1936 ep.
590 1898 620 1927 6.

188 1937 219 1968 C.
235 1938 371 1977 Μαρίας
383 1939 583 1979 Hippianus,
595 1941 635 1970 ad
648 1941 722 1971 Div.
733 1942 800 1971 xiii.
813 1942 866 1975 76.

137 1982 234 2011 idem-
245 1987 302 2020 est,
321 1984 375 2022 qui
397 1983 436 2023 Ω.
462 1983 606 2023 Hippius
625 1986 659 2014 in
675 1985 785 2014 eadem
802 1987 867 2025 epi-

137 2027 217 2055 stola
233 2028 431 2065 appellatur.
458 2027 495 2057 C.
513 2027 649 2067 Valgius
667 2029 771 2058 dictus
784 2034 831 2059 est
846 2039 867 2059 a

133 2073 245 2108 patre,
269 2071 323 2109 qui
345 2080 420 2100 eum
442 2071 618 2110 adoptavit.
651 2072 688 2102 C.
711 2072 867 2111 Valgium

138 2113 313 2152 quendam,
331 2116 387 2153 quz'
409 2115 448 2144 de
463 2124 523 2144 usu
539 2116 716 2145 herbarum
731 2116 776 2145 ad
797 2117 867 2146 Au-

136 2160 273 2194 gustum
287 2158 426 2198 scripsit,
439 2164 666 2189 commemorat
682 2159 777 2189 Plin.
794 2170 867 2190 xxv.

186 2243 335 2282 lf'algius,
348 2244 463 2284 Agrar.
476 2246 522 2276 iii.
540 2249 568 2276 1.
593 2246 628 2275 P.
647 2246 736 2276 Rulli
753 2256 867 2285 gener,

139 2287 196 2324 qui
221 2288 344 2318 multos
367 2298 462 2328 agros
485 2295 636 2330 tempore
660 2289 797 2323 Sullano
813 2300 868 2320 oc-

140 2337 292 2370 cuparat.

189 2374 222 2404 C.
244 2374 299 2404 Cn.
317 2380 352 2405 et
370 2375 410 2405 J..
429 2376 564 2413 Vareni,
581 2376 633 2406 Fr.
656 2376 712 2406 Or.
729 2386 788 2416 pro
804 2377 868 2407 Va-

140 2426 238 2447 reno:
263 2419 319 2458 qui
335 2418 483 2459 defensus
505 2424 550 2449 est
573 2429 595 2449 a
623 2419 778 2457 Cicerone,
794 2430 869 2451 ‘reus

139 2463 226 2490 inter
252 2463 397 2499 sicarios,
426 2464 509 2503 quod
550 2462 664 2494 Caium
694 2464 867 2504 occidisset,

144 2503 266 2534 Oneum
281 2507 492 2536 vulnerasset.
680 2508 681 2511 ’

185 2548 351 2586 Vargula,
369 2551 426 2580 Or.
443 2550 477 2579 ii.
494 2550 546 2581 60.
577 2550 672 2580 dicax
686 2549 798 2581 homo.
829 2551 865 2581 C.

139 2591 220 2621 ,iulii
237 2592 389 2629 Caesaris,
408 2593 491 2630 ejus,
509 2595 565 2632 qui
590 2594 625 2623 in
640 2593 731 2624 libris
748 2594 798 2624 his
816 2595 866 2624 in-

139 2634 286 2671 ducitur,
303 2637 441 2666 amicus.

187 2678 219 2708 C.
239 2678 474 2717 Wrrgunteius,
491 2679 572 2709 Suu.
590 2682 621 2710 2.
645 2681 798 2719 Senator,
814 2691 866 2711 so-

138 2721 209 2751 cius
234 2721 400 2760 Catilinae,
419 2724 474 2761 qui
497 2724 691 2754 Ciceronem
708 2725 742 2754 in
758 2725 866 2755 lectu-

138 2764 171 2794 lo
188 2766 375 2795 interficere
393 2766 508 2795 voluit.

181 2808 225 2838 P.
244 2808 402 2847 Varinus,
420 2809 526 2839 Plano.
550 2813 599 2843 19.
628 2815 752 2850 praetor
764 2811 864 2849 Asiae,

136 2861 168 2881 a.
199 2851 239 2882 U.
262 2861 414 2884 nc1.xxx.
445 2853 584 2892 Appian-
614 2855 705 2884 Civil.
729 2856 770 2886 B.
788 2856 808 2884 i.
828 2865 864 2894 p.

135 2896 210 2927 2¹05.
234 2898 376 2936 appellat
387 2897 559 2927 varinium
579 2896 761 2932 Glabrum.;
784 2899 867 2937 quod

635 110 780 138 INDEX
810 110 1090 142 HISTORICUS.

899 213 1071 241 cognomen
1102 205 1132 233 ei
1159 201 1325 244 abjudicat
1357 203 1508 244 Sigonius
1529 204 1574 235 acl
1593 214 1629 235 ’(ι.

901 254 1052 277 ηοιΧΧΧ.
1084 250 1198 278 asserit
1224 249 1408 279 Bimardus
1432 258 1473 278 ar
1498 248 1628 287 antiqui

900 292 1097 321 mommzentz·
1121 291 1325 330 fragmento,
1350 293 1383 322 in
1414 301 1474 331 quo
1493 293 1629 322 historia

902 334 974 362 helei
987 336 1110 364 servilis
1131 335 1291 375 descripta
1302 335 1377 375 sm!
1393 344 1446 374 ap.
1462 334 1628 365 blm-ator.

904 376 996 406 Thes.
1013 387 1082 408 nov.
1105 379 1204 409 [mer.
1223 379 1260 409 T.
1277 379 1298 408 i.
1311 389 1345 419 p.
1363 381 1394 408 4.

944 419 993 450 Μ.
1020 421 1214 459 Ρὶινὶςίτίὶτιε,
1239 423 1279 452 ad
1304 423 1378 453 Div.
1402 432 1434 452 x.
1458 425 1489 455 7.
1516 424 1553 451 et
1579 423 1627 451 12.

903 472 1003 501 eques
1019 464 1201 495 Romanus.

949 506 989 536 L.
1009 508 1130 538 Varius
1149 509 1287 548 CotyIas,
1305 508 1388 539 Phil.
1406 508 1474 538 xiii.
1496 509 1545 538 12.
1575 516 1630 536 eo-

903 547 1018 580 lumen
1049 552 1232 582 amicorum
1260 553 1408 582 Antonii.
1449 551 1533 581 Phil.
1560 551 1628 580 viii.

906 595 956 622 10.
974 598 1008 623 et
1027 597 1075 624 ll.
1095 593 1224 632 legatus
1241 595 1377 625 Antonii
1395 595 1435 625 ad
1452 596 1626 624 Senatum.

949 635 993 666 P.
1012 637 1144 675 Pierius,
1161 638 1232 669 Att.
1249 640 1269 668 i.
1290 642 1317 669 1.
1341 640 1471 670 videtur
1477 637 1630 678 foenera-

905 678 1079 719 torjicisse.

947 724 990 764 Q.
1004 724 1125 754 Varius
1134 724 1298 764 Hybrida,
1310 724 1530 763 Sucronensis,
1540 726 1631 755 Sext.

904 769 958 800 47.
986 768 1174 798 seditiosus.
1205 769 1234 798 ei
1258 769 1383 799 restitit
1406 769 1453 799 M.
1477 770 1631 799 Scaurus.

905 811 999 840 Orat.
1017 812 1038 841 i.
1056 814 1107 842 25.
1139 811 1238 841 homo
1261 817 1372 842 vastus
1392 817 1427 841 et
1439 812 1557 848 foedus,
1573 811 1631 841 sed

905 853 1097 893 eloquentia
1118 865 1275 894 magnam
1299 856 1442 895 gratiam
1473 864 1632 884 consecu-

904 902 971 928 tus.
997 899 1092 928 Brut.
1108 901 1160 932 49.
1177 900 1229 930 62.
1260 899 1366 929 bonus
1382 905 1503 929 orator.
1534 898 1631 928 Brut.

907 944 957 975 89.
988 951 1049 971 sua
1063 942 1136 981 lege
1152 942 1330 973 damnatus
1347 947 1410 979 est,
1427 943 1466 972 de
1480 951 1547 981 qua
1561 941 1633 971 vide

906 985 980 1014 Ind.
1005 985 1146 1023 Legum.
1185 986 1228 1016 N.
1258 987 1302 1017 D.
1326 986 1373 1016 iii.
1398 988 1450 1017 33.
1482 986 1633 1016 Drusum

905 1027 992 1058 ferro
1004 1033 1038 1058 et
1052 1028 1229 1059 Metellum
1242 1039 1370 1059 veneno
1382 1028 1532 1065 sustulit,
1542 1038 1634 1058 sum-

906 1081 962 1101 mo
986 1073 1134 1102 cruciatu
1161 1073 1229 1112 ipse
1253 1073 1363 1112 periit.
1395 1084 1428 1113 p.
1452 1072 1499 1103 M.
1518 1073 1632 1102 Scaur.

906 1110 946 1145 fr‘.
970 1116 1018 1146 M.
1035 1115 1198 1146 Scaurum
1222 1117 1406 1156 principem
1423 1117 1456 1146 iu
1474 1115 1635 1155 proditio-

907 1159 958 1189 nis
983 1159 1108 1189 crimen
1132 1163 1229 1189 vocat
1248 1159 1321 1199 lege
1337 1170 1409 1197 sua,
1425 1160 1484 1190 sed
1498 1159 1633 1191 frustra,

906 1203 994 1232 conf.
1021 1203 1130 1233 Valer.
1154 1203 1248 1233 Max.
1273 1204 1318 1233 iii.
1342 1207 1373 1237 7.
1406 1213 1501 1243 quem
1523 1212 1635 1242 repre-

906 1247 1016 1277 hendit
1033 1246 1262 1286 H'esselz'ngius
1279 1247 1316 1276 V.
1338 1247 1370 1277 C.
1390 1246 1461 1277 obs.
1478 1247 1499 1276 i.
1520 1249 1569 1276 ll.

949 1290 993 1331 Q.
1012 1290 1144 1328 Varz'us,
1156 1290 1248 1320 Verr.
1266 1290 1300 1320 ii.
1316 1291 1369 1321 48.
1391 1290 1487 1320 testis
1503 1290 1539 1320 in
1553 1289 1635 1320 Ver-

906 1343 988 1364 rem.
1019 1344 1063 1364 an
1083 1335 1134 1363 hic
1149 1339 1207 1371 est,
1223 1335 1278 1373 qui
1293 1335 1380 1364 inter
1393 1332 1523 1375 judices
1537 1333 1636 1365 Milo.-

906 1376 1097 1417 nz'anosfuz't
1108 1378 1124 1407 ?
1147 1377 1221 1408 Mil.
1237 1380 1289 1412 27.

949 1421 989 1451 A.
1023 1421 1128 1451 Varro
1157 1421 1316 1458 Murena,
1347 1432 1364 1451 e
1394 1420 1566 1458 Terentiis,
1593 1418 1639 1450 ad-

906 1464 982 1495 Div.
1009 1465 1072 1495 xvi.
1103 1466 1151 1494 12.
1182 1465 1431 1495 amantissimus
1457 1463 1637 1495 Ciceronis.

905 1508 990 1538 idem
1012 1510 1152 1538 occurrit
1175 1509 1216 1538 ad
1246 1509 1321 1539 Div.
1348 1508 1417 1538 xiii.
1443 1510 1496 1539 22.
1522 1511 1644 1548 posteo>

905 1551 1093 1591 eonsulsuz‘t
1108 1562 1140 1582 a.
1161 1552 1201 1582 U.
1216 1560 1361 1582 Dccxxx.

955 1595 986 1625 C.
1006 1595 1123 1632 Varro,
1139 1605 1156 1625 e
1173 1595 1340 1625 Ίὲνετιίὶἰε.
1371 1594 1469 1625 Brut.
1496 1597 1546 1628 19.
1577 1594 1636 1632 qui

906 1639 940 1668 in
965 1638 1057 1668 clade
1083 1639 1251 1669 Cannensi
1274 1649 1350 1668 cum
1375 1637 1491 1668 Paullo
1508 1636 1636 1676 collega

908 1682 1042 1718 cecidit,
1065 1693 1119 1713 an.
1150 1683 1191 1713 U.
1213 1691 1362 1712 Dxxxvn.
1390 1693 1420 1712 v.
1443 1682 1482 1712 de
1503 1692 1536 1711 eo
1559 1680 1634 1711 Liv.

907 1726 986 1756 xxii.
1006 1728 1057 1757 25.
1080 1736 1125 1765 sq.

956 1770 988 1800 C.
1014 1770 1131 1807 Varro,
1147 1781 1163 1799 e
1187 1768 1335 1806 Vwelliis,
1353 1779 1444 1808 prOV.
1468 1777 1559 1798 cons.
1584 1770 1635 1802 17.

908 1814 1124 1843 consobrinus
1142 1813 1324 1843 Ciceronis.
1348 1813 1441 1842 Verr.
1457 1812 1479 1841 i.
1497 1813 1549 1843 28.
1574 1812 1637 1841 tri-

907 1857 1017 1886 bunus
1050 1857 1198 1886 militum
1230 1857 1264 1886 in
1303 1856 1393 1892 Asia,
1423 1860 1565 1895 praetore
1597 1855 1635 1885 C.

908 1901 1055 1937 Nerone,
1071 1899 1112 1940 ef.
1136 1900 1168 1931 C.
1185 1899 1337 1930 Visellius
1354 1900 1470 1930 Varro.

951 1944 1001 1974 M.
1020 1944 1139 1981 Varro,
1158 1954 1173 1973 e
1199 1943 1367 1973 Terentiis.
1396 1942 1493 1972 Brut.
1516 1941 1568 1973 56.
1596 1939 1635 1970 L.

907 1987 1033 2018 AElium
1062 1992 1301 2028 proeceptorem
1332 1986 1461 2016 habuit.
1492 1985 1534 2015 ad
1558 1985 1636 2015 Div.

908 2031 976 2060 xiii.
1002 2034 1052 2061 10.
1095 2032 1251 2071 Quaestor
1281 2031 1330 2061 M.
1360 2029 1457 2059 Bruti
1486 2028 1637 2069 praetoris

909 2074 1024 2104 Galliae
1040 2074 1232 2114 Cisalpinae,
1244 2074 1322 2104 ibid.
1338 2074 1383 2104 xi.
1403 2077 1453 2104 10.
1476 2072 1547 2111 ejus
1562 2072 1639 2101 the-

908 2118 1011 2156 sauri,
1034 2118 1098 2148 vicl.
1127 2117 1259 2148 Corrad.
1282 2122 1313 2148 et
1333 2117 1467 2147 Manat.
1489 2117 1535 2146 ad
1555 2117 1587 2144 Ιι.
1612 2117 1633 2146 I.

908 2161 979 2192 Att.
997 2162 1065 2192 xiii.
1086 2165 1134 2192 13.
1156 2162 1204 2192 16.
1221 2165 1256 2190 et
1274 2164 1322 2192 18.
1353 2161 1447 2200 cupit
1469 2158 1592 2197 aliquid
1616 2168 1641 2188 a.

911 2205 1071 2234 Cicerone
1094 2205 1156 2234 sibi
1179 2205 1327 2241 inscribi,
1341 2201 1635 2245 'sumerton-ram.

910 2248 951 2277 ad
968 2249 1043 2278 Div.
1060 2249 1103 2278 ix.
1125 2251 1173 2279 13.
1205 2248 1335 2287 legatus
1354 2247 1503 2286 Pompeii
1518 2246 1552 2275 in
1575 2245 1636 2274 Hi-

909 2292 1027 2332 spania
1034 2291 1198 2322 ulteriori.
1209 2292 1287 2322 Div.
1295 2292 1316 2321 i.
1325 2292 1377 2321 32.
1393 2290 1511 2320 doetus
1521 2289 1636 2328 homo,

909 2340 1118 2374 perterretur
1136 2335 1294 2365 vaticinio
1318 2333 1491 2372 cujusdam
1514 2332 1637 2363 Rhodii

910 2379 1055 2418 remigis.
1086 2378 1170 2408 Phil.
1186 2378 1220 2408 ii.
1234 2381 1288 2409 41.
1317 2379 1386 2415 eius
1405 2376 1519 2407 villam
1535 2385 1634 2405 oecu-

909 2427 969 2462 pat
986 2423 1032 2453 M.
1049 2422 1227 2452 Antonius.
1244 2422 1303 2452 διο.
1329 2422 1367 2451 de
1382 2431 1414 2450 eo
1428 2430 1461 2451 v.
1477 2420 1569 2450 Ptin.
1586 2419 1637 2450 H.

910 2466 960 2497 N.
976 2466 1030 2496 vii.
1047 2469 1100 2496 30.

955 2509 998 2540 P.
1014 2509 1133 2546 Varus,
1144 2509 1265 2539 Attius.
1285 2507 1358 2546 Lig.
1371 2508 1401 2538 2.
1420 2506 1539 2536 Africae
1551 2515 1637 2545 prae·

909 2557 975 2589 tor,
987 2553 1133 2583 Africani
1153 2553 1249 2582 initio
1264 2551 1342 2581 belli
1359 2549 1463 2580 civilis
1486 2550 1634 2589 privatus

908 2602 1064 2636 occupat,
1096 2606 1172 2626 cum
1203 2595 1302 2625 Italia
1332 2594 1542 2634 profugisset.
1570 2593 1636 2624 vid.

914 2640 1022 2670 Coesar
1045 2641 1084 2670 de
1107 2640 1184 2669 bello
1204 2639 1289 2669 civil.
1305 2639 1327 2669 i.
1343 2640 1396 2668 31.
1440 2636 1508 2668 Hic
1530 2641 1576 2667 est
1599 2635 1636 2666 P.

906 2683 1035 2720 Attius,
1047 2685 1119 2713 Att.
1134 2683 1190 2713 vii.
1210 2686 1259 2712 13.

952 2726 1043 2757 Sext.
1063 2727 1183 2763 Varus,
1209 2725 1250 2755 ad
1268 2724 1344 2754 Div.
1371 2734 1402 2753 x.
1430 2724 1482 2754 32.
1512 2722 1634 2764 Hispa-

909 2770 972 2799 niae
999 2769 1187 2810 proconsul.
1215 2770 1377 2798 incertum
1401 2771 1458 2803 est,
1485 2768 1541 2807 qui
1568 2769 1634 2800 sit.-

907 2814 1036 2852 quando
1067 2813 1156 2844 Sext.
1183 2812 1385 2852 Quintilium
1414 2810 1543 2840 Varum
1570 2811 1633 2842 Hi-

906 2858 1028 2896 spam'oe
1037 2857 1257 2895 proconsulem
1260 2853 1373 2894 fuisse
1384 2863 1474 2884 nemo
1480 2855 1634 2896 prodidit.

907 2900 1114 2933 vallamur.
1129 2900 1175 2930 ad
1189 2901 1220 2928 Ιι.
1231 2900 1259 2930 A.
