1800 3131
144 47 231 98 380

190 145 324 177 Passer.
356 143 424 175 Fin.
449 143 484 175 ii.
510 144 562 176 23.
593 153 667 185 quae
687 144 872 186 passeribus

148 194 230 221 nota
244 192 296 219 est
308 188 472 219 omnibus.

191 231 400 273 Patefacere,
417 230 578 271 exquisite
593 229 718 261 dieitur
740 230 781 261 ad
797 231 872 262 Div.

149 277 193 307 vi.
213 280 263 307 10.
287 276 326 306 iis
349 279 461 306 totum
486 284 539 306 me
555 273 719 314 patefeci:
745 275 765 304 i.
782 284 810 304 e.
833 274 873 304 iis

147 320 263 351 omnia
287 328 362 349 mea
384 318 505 357 obtuli,
530 318 644 348 omnia
658 327 733 348 mea
758 322 872 358 patere

148 363 315 395 Trebiano
331 362 410 393 dixi.

192 405 401 447 Patefactus,
415 406 582 436 inventus.
598 405 675 435 Div.
691 405 712 434 i.
728 407 781 438 39.
797 413 872 440 nec,

147 454 226 480 ante
242 449 484 490 philosophiam
503 447 815 489 patefactam—hac
831 447 871 477 de

148 503 183 525 re
201 493 389 524 communis
405 493 473 523 vita
487 491 664 522 dubitavit.

193 536 342 574 Patella,
359 536 420 566 diis
446 535 590 576 propria,
607 534 640 563 in
665 543 731 572 qua
746 533 785 562 iis
809 532 873 562 cibi

148 584 330 620 ponuntur.
365 579 436 610 Fin.
453 580 486 609 ii.
505 582 535 612 7.
560 578 608 607 ita
632 586 699 606 non
716 575 874 614 religiosi,

148 628 190 654 ut
203 624 304 654 edant
316 624 355 653 de
369 624 505 662 patella.
519 629 550 650 v.
560 620 716 651 Torreut.
730 619 771 649 ad
793 618 874 648 Sue·

147 671 221 699 ton.
250 666 363 697 Vitell.
393 669 443 696 13.
473 665 566 695 Verr.
593 664 636 694 iv.
660 665 713 694 21.
745 664 875 701 patella

149 710 298 750 grandis,
314 718 391 740 cum
412 707 528 748 sigillis
545 711 581 737 et
595 706 781 738 simulacris
797 705 874 736 deo-

149 763 237 786 rum.

194 797 311 828 Pater.
346 795 411 826 Pis.
444 798 496 827 33.
541 794 600 824 διο.
640 794 753 824 Patres
788 793 875 824 Con-

151 841 278 880 scripti.
307 839 397 870 unde
424 840 567 869 Senatus
596 838 643 867 sic
676 837 820 874 dicatur,
844 848 874 866 v.

150 884 221 914 Liv.
238 884 272 913 ii.
291 886 320 913 1.
357 882 377 901 ⁴*
392 883 426 912 in
445 881 555 913 Caecil.
570 883 623 912 21.
642 884 756 920 patres
773 881 875 920 majo-

151 937 268 966 resque
284 930 414 956 nostros
430 935 496 955 non
515 924 707 965 poenitebat.
745 924 794 954 Ex
811 934 876 962 quo

150 970 223 1001 loco
256 970 387 1000 discant
413 970 552 1006 tirones,
584 968 618 998 in
645 977 743 1008 prosa
761 973 876 1008 patres

148 1014 281 1055 proprie
298 1013 375 1049 dici,
388 1023 456 1043 non
472 1013 511 1043 de
534 1011 727 1049 majoribus,
745 1017 785 1041 ut
804 1011 875 1041 vul-

150 1067 195 1097 go
217 1061 351 1099 putant.
377 1055 538 1096 Exempla
552 1055 727 1085 Menkenii
743 1055 777 1084 in
792 1055 872 1086 Obs.

149 1101 189 1132 L.
212 1100 253 1131 L.
277 1100 391 1131 omnia
406 1104 486 1130 sunt
502 1099 621 1129 aliena.
647 1099 758 1128 Poetae
775 1099 874 1129 modo

149 1145 198 1177 ita
213 1144 342 1175 dicunt.
373 1144 393 1162 ²*
407 1144 528 1174 Patres
543 1152 602 1183 pro
619 1142 691 1172 Diis
719 1142 875 1172 videntur

148 1197 220 1219 esse
235 1187 338 1228 Legg.
356 1187 390 1218 ii.
410 1190 459 1217 10.
483 1187 540 1217 ubi
556 1196 585 1216 v.
603 1190 673 1216 not.

193 1232 327 1263 Patere.
356 1231 396 1261 ad
417 1231 495 1261 Div.
518 1230 559 1260 vi.
578 1232 627 1260 10.
650 1229 764 1259 omnia
782 1229 875 1259 Cice-

149 1276 239 1308 ronis
255 1279 370 1316 patere
390 1273 575 1304 Trebiano:
602 1272 635 1302 h.
651 1282 681 1302 e.
704 1272 743 1302 iis
759 1272 874 1303 Trebi-

150 1329 234 1349 anus
252 1319 301 1349 uti
316 1322 440 1358 potest,
459 1321 495 1347 ut
507 1317 584 1347 suis.
600 1315 695 1346 Rosc.
712 1315 749 1346 C.
765 1318 795 1347 2.
815 1325 875 1345 no-

150 1371 229 1398 rnen
253 1363 289 1393 in
314 1361 507 1392 adversariis
527 1363 631 1400 patet.
656 1359 699 1388 cs.
726 1359 810 1389 Phil.
838 1359 872 1390 ii.

149 1408 203 1439 37.
228 1406 303 1437 Div.
326 1405 360 1436 ii.
377 1406 409 1436 2.
432 1408 472 1434 ut
497 1403 630 1434 nullum
656 1402 873 1443 philosophiae

148 1448 261 1480 locum
278 1458 348 1479 esse
364 1452 569 1488 pateremur,
594 1447 650 1486 qui
673 1455 738 1476 non
763 1446 873 1476 latinis

147 1491 253 1524 literis
268 1492 455 1522 illustratus
465 1494 605 1531 pateret.
622 1489 686 1519 Off.
703 1489 725 1519 i.
738 1492 789 1520 21.
814 1490 875 1520 mi-

149 1545 214 1567 nus
238 1535 348 1566 multa
362 1539 480 1576 patent
503 1535 538 1564 iu
562 1543 677 1564 eorum
703 1533 782 1570 vita,
800 1543 874 1573 quae

147 1580 287 1611 fortuna
315 1579 424 1610 feriat.
455 1577 540 1608 Phil.
571 1587 600 1608 v.
632 1576 681 1607 16.
704 1577 816 1607 omnia
846 1577 875 1607 ei

144 1627 299 1665 paterent
320 1622 362 1652 ad
372 1621 568 1662 perniciem.
591 1619 633 1651 ad
647 1620 723 1651 Div.
740 1620 806 1650 viii.
829 1623 876 1655 17.

152 1676 253 1707 quam
270 1676 330 1696 nos
347 1670 546 1706 pateremus

195 1708 463 1748 Paterfamilias,
491 1718 550 1749 pro
571 1707 706 1738 homine
730 1706 878 1745 indocto,

151 1757 187 1784 et
210 1753 258 1784 rei
282 1752 453 1783 familiaris
478 1756 612 1782 tantum
637 1750 797 1781 studioso.
819 1751 877 1781 Or.

153 1797 176 1832 i.
193 1798 245 1832 29.
269 1797 338 1835 qui,
351 1797 441 1827 sicut
455 1805 542 1826 unus
552 1794 808 1836 paterfamilias,
824 1794 876 1825 bis

152 1839 194 1870 de
207 1840 304 1870 rebus
317 1840 444 1879 loquor.

196 1883 466 1923 Patoepatratus.
483 1882 576 1913 Orat.
589 1881 609 1911 i.
620 1885 672 1913 40.
688 1881 874 1912 Caecin.34.

152 1927 208 1967 qui
227 1927 283 1965 sit,
301 1926 398 1957 docet
411 1927 484 1957 Liv.
501 1926 522 1956 i.
536 1927 589 1956 ⁶24.

198 1970 365 2008 Patibz'lz's,
396 1969 590 2001 tolerabilis.
611 1968 711 2000 Tusc.
748 1968 791 2000 iv.
822 1970 876 1999 23.

147 2014 293 2056 patibilis
327 2013 421 2044 dolor
459 2011 640 2053 putandus.
677 2012 696 2030 ⁵*
710 2011 745 2042 in
776 2022 875 2051 quem

150 2057 319 2099 perpessio
335 2057 452 2088 cadere
467 2059 587 2096 potest.
609 2056 687 2087 Nat.
704 2056 747 2086 D.
763 2055 808 2086 iii.
828 2056 876 2085 1⁶2.

153 2110 253 2131 omne
284 2101 409 2132 animal
428 2101 598 2141 patibilem
630 2101 784 2130 naturam
820 2098 878 2129 ha-

154 2144 243 2175 bere.

199 2187 354 2219 Patrare
391 2187 555 2229 promissa
592 2186 633 2217 ad
669 2185 741 2217 Att.
766 2185 788 2216 i.
832 2188 880 2216 14.

151 2236 237 2262 extr.

196 2275 380 2311 Patricius,
411 2274 468 2314 qui
493 2284 512 2303 e
540 2273 668 2304 familia
690 2271 801 2311 aliqua
823 2281 878 2302 eo-

152 2328 226 2348 rum
243 2320 435 2348 senatorum
452 2321 544 2348 ortus
570 2322 633 2354 est,
657 2326 738 2355 quos
753 2316 878 2346 Romu-

152 2361 204 2391 lus
219 2365 254 2391 et
268 2361 469 2400 Tarquinius
494 2361 626 2391 Priscus
643 2360 819 2399 legerunt3
844 2361 879 2388 et

151 2405 209 2444 qui
227 2405 266 2434 ab
282 2405 346 2435 illis
362 2404 496 2443 quidem
519 2405 584 2434 orti
603 2408 696 2440 sunt,
714 2404 878 2442 majorum

152 2448 320 2487 gentium,
352 2448 407 2486 qui
436 2448 477 2478 ab
508 2447 571 2485 his,
598 2448 767 2477 minorum
798 2454 878 2485 gen-

149 2492 239 2521 tium
263 2492 432 2522 dicuntur.
476 2490 635 2522 Patriciis
660 2494 879 2531 opponuntur

151 2534 285 2574 plebeii.
309 2535 350 2564 ad
379 2535 456 2565 Div.
491 2535 535 2565 ix.
568 2537 620 2565 21.
654 2534 694 2563 de
725 2533 880 2573 patriciis

151 2577 234 2608 satis
262 2577 390 2608 dictum
414 2579 451 2608 in
474 2578 587 2609 Lexic.
612 2576 720 2613 Fabri,
739 2581 774 2606 et
799 2576 878 2606 scri-

152 2626 264 2661 ptores
280 2620 419 2654 laudati.
443 2621 462 2639 ⁴*
479 2621 520 2651 ad
534 2622 630 2651 Brut.
643 2624 672 2652 5.
692 2620 773 2650 dum
789 2629 877 2650 unus

151 2663 216 2694 erit
234 2665 398 2704 patricius
424 2665 654 2704 magistratus,
671 2663 822 2703 auspicia
837 2662 880 2693 ad

150 2711 260 2748 patres
273 2708 378 2737 redire
396 2717 463 2738 non
481 2712 630 2747 possunt.
646 2707 792 2738 Patrieiz'
808 2716 878 2737 ma-

151 2751 314 2790 gistratus
349 2755 430 2781 sunt
465 2751 681 2788 Consulatus,
714 2751 876 2788 Praetura,

149 2794 303 2829 AEdilitas
321 2795 380 2825 διο.
404 2795 482 2833 quia
496 2794 575 2825 olim
586 2795 738 2835 patriciis
754 2794 877 2835 proprii

147 2837 256 2878 fuere,
271 2845 307 2871 et
322 2847 342 2870 a
350 2839 503 2881 patriciis
529 2839 603 2880 capi
619 2842 769 2880 potuere.
794 2837 875 2878 Leg.

646 55 792 86 INDEX
823 54 1119 84 LATINITATIS.

913 143 948 174 ii.
971 147 1003 175 3.
1027 143 1186 174 Fibrenus
1203 143 1394 184 praeeipitat
1420 144 1589 185 in'Lirim,
1606 149 1642 178 et

911 191 1085 226 tamquam
1102 188 1136 218 in
1156 189 1336 227 patriciam
1359 187 1521 221 familiam
1540 200 1639 221 vene-

914 231 971 268 rit,
991 231 1119 261 amittit
1136 241 1259 261 nomen
1275 231 1457 262 obscurius.

958 273 1110 312 Patrius,
1124 285 1143 304 a
1156 275 1334 312 majoribus
1351 275 1486 308 relictus
1498 278 1533 306 et
1540 276 1643 307 tradi-

913 320 982 355 tus,
1000 318 1168 357 antiquus.
1192 319 1286 348 Orat.
1305 318 1326 348 i.
1347 321 1394 349 18.
1419 328 1489 349 mos
1508 321 1642 359 patrius

913 360 1113 391 Academiae.
1136 361 1224 392 Mur.
1250 365 1303 392 41.
1326 371 1421 392 sacra
1437 363 1564 402 patria.
1587 363 1642 394 Sic

914 404 1017 433 etiam
1029 404 1123 434 Verr.
1147 405 1168 435 i.
1193 408 1224 436 3.
1248 406 1303 436 Dii
1316 407 1435 444 patrii,
1453 408 1543 444 sunt,
1561 415 1642 445 quo-

915 456 988 476 rum
1006 446 1117 477 cultus
1134 458 1154 478 a
1169 449 1349 486 majoribus
1366 451 1466 480 venit.
1488 449 1585 480 Rosc.
1601 449 1641 480 A.

914 493 945 522 9.
983 490 1179 529 Sepulcrum
1213 493 1367 532 patrium
1405 493 1429 522 i.
1466 493 1643 532 majorum.

913 532 932 550 *Ψ
949 540 1120 572 paternus.
1143 535 1238 564 Rosc.
1266 535 1305 566 A.
1337 536 1386 566 16.
1419 536 1552 566 animus
1578 545 1644 575 pa·

913 577 1000 606 trias
1017 576 1050 606 in
1078 576 1209 607 liberos.
1234 577 1296 608 hoc
1323 582 1499 619 propterea
1522 578 1642 618 adjeci,

915 619 993 658 quia
1010 619 1089 656 vidi,
1105 621 1159 659 qui
1187 620 1394 658 dubitarent,
1411 623 1458 653 sic
1475 622 1541 652 dici
1568 622 1646 653 lati·

915 671 969 700 ne,
987 667 1021 692 et
1035 662 1111 693 inde
1137 663 1302 694 haererent
1321 665 1356 695 in
1372 665 1444 696 loco
1461 665 1545 697 Livii
1559 666 1593 696 ii.
1611 669 1641 697 5.

913 706 1084 736 eminente
1113 707 1225 736 animo
1242 709 1353 747 patrio
1383 708 1469 739 inter
1498 709 1643 750 publicae

915 758 1021 789 poenae
1036 750 1260 780 ministerium
1276 762 1282 780 :
1307 751 1364 781 ubi
1381 751 1560 782 dicendum
1571 756 1646 783 erat

915 794 1026 823 animo
1055 798 1218 833 paterno3
1244 801 1283 825 ut
1306 804 1358 834 ap.
1383 794 1502 825 Horat.
1528 795 1642 827 earm.

915 836 949 866 ii.
967 838 998 867 2.
1023 837 1117 868 Prov.
1139 838 1237 868 Cous.
1255 841 1284 869 8.
1309 838 1453 877 gravitas
1475 840 1605 878 patria,
1621 839 1644 870 i.

914 889 944 910 e.
959 881 1076 920 patris,
1092 881 1147 911 ubi
1164 888 1280 911 tamen
1291 881 1366 911 edd.
1381 891 1431 921 pr.
1445 881 1571 913 habent
1581 891 1640 921 pa-

914 926 1024 957 terna.
1046 923 1065 941 *
1080 923 1176 954 Rosc.
1202 925 1242 955 A.
1261 928 1291 956 8.
1314 924 1378 955 foci
1398 926 1506 965 patrii
1522 925 1646 964 aliique

915 970 1063 1006 penates.
1089 967 1144 997 ubi
1168 971 1283 998 tamen
1306 974 1502 1008 suspectum
1519 973 1645 1010 estpa-

914 1011 983 1040 trii.
1007 1020 1086 1040 nam
1102 1010 1312 1050 intelligendi
1330 1016 1412 1042 sunt
1436 1022 1456 1042 a
1481 1017 1576 1053 patre
1594 1022 1646 1043 re·

914 1053 1000 1090 licti,
1025 1058 1065 1084 ut
1091 1054 1179 1084 bona.
1207 1059 1346 1094 paterna
1372 1055 1547 1094 dicuntur,
1575 1062 1644 1087 non

914 1097 1038 1137 patria.

957 1141 1144 1179 Pam-imus,
1174 1141 1226 1172 cui
1257 1144 1354 1181 pater
1383 1145 1551 1182 superstes
1582 1145 1645 1174 est.

915 1183 995 1214 Har.
1014 1184 1053 1214 R.
1076 1187 1124 1215 11.
1140 1194 1170 1215 v.
1186 1185 1346 1215 Heinecc.
1362 1184 1481 1224 Antiq.
1493 1184 1526 1216 ὖ.
1541 1185 1581 1216 R.
1597 1185 1640 1217 ad

915 1227 998 1258 [nst.
1013 1227 1105 1258 sust.
1118 1228 1138 1258 i.
1161 1231 1209 1258 10.
1228 1231 1259 1259 5.

958 1271 1125 1309 Pam-ilus,
1149 1272 1290 1311 patrias.
1314 1270 1416 1302 Tusc.
1447 1271 1469 1302 i.
1499 1274 1548 1306 19.
1580 1281 1647 1312 pa·

912 1315 1028 1344 tritam
1058 1314 1150 1345 illam
1181 1318 1216 1345 et
1243 1315 1367 1345 avitam
1387 1314 1642 1356 philosophiam.

913 1357 977 1388 Sed
999 1358 1176 1388 lectionem
1202 1363 1350 1389 veterem
1373 1359 1526 1400 patriam
1550 1360 1647 1391 resti-

911 1401 975 1432 tui.

959 1445 1134 1475 Patronus.
1159 1443 1222 1475 Off.
1247 1444 1293 1476 iii.
1324 1447 1374 1476 18.
1401 1449 1583 1485 patronum
1611 1455 1648 1477 a-

915 1488 964 1528 gri
981 1488 1106 1526 Sabini,
1122 1488 1293 1528 explicant
1315 1487 1416 1528 vulgo
1437 1489 1613 1521 dominum
1630 1501 1642 1529 ς

918 1532 1017 1562 male.

961 1574 1128 1612 Patruus,
1138 1573 1369 1614 reprehensor,
1378 1575 1547 1614 magister.
1563 1576 1646 1609 Coel.

920 1621 969 1649 ll.
992 1619 1057 1648 fuit
1080 1618 1244 1657 pertristis
1256 1622 1415 1658 patruus,
1432 1627 1561 1656 censor,
1577 1629 1649 1650 ma-

918 1663 1032 1702 gister.
1049 1661 1119 1692 scil.
1138 1661 1217 1700 quia
1228 1661 1302 1700 plus
1314 1661 1428 1692 vident
1443 1660 1595 1693 homines
1612 1667 1648 1694 et

918 1705 1169 1746 reprehendunt
1184 1705 1329 1734 severius
1345 1705 1381 1734 in
1403 1704 1548 1736 fratrum
1565 1705 1648 1736 libe-

918 1750 974 1786 ris,
992 1758 1091 1787 quam
1106 1748 1141 1778 in
1153 1749 1232 1778 suis.
1255 1757 1285 1778 v.
1308 1747 1392 1779 lntt.
1408 1748 1450 1778 ad
1465 1749 1584 1781 Horat.
1603 1749 1641 1781 C.

918 1793 951 1822 ii.
974 1795 1023 1823 13.
1046 1794 1081 1822 et
1095 1791 1184 1822 aiibi.
1199 1791 1372 1822 Drakenb.
1389 1791 1430 1822 ad
1447 1791 1567 1824 Silium
1586 1803 1639 1824 xv.

920 1839 970 1867 10.
994 1835 1134 1866 Casaub.
1150 1834 1192 1865 ad
1208 1835 1357 1865 Persium
1373 1846 1407 1876 p.
1420 1837 1471 1866 52.

961 1879 1099 1916 Pavz're,
1127 1878 1237 1909 ferire.
1269 1878 1347 1909 Div.
1378 1879 1414 1909 ii.
1443 1881 1498 1911 34.
1519 1882 1646 1913 terram

913 1924 1034 1964 pavire
1049 1923 1107 1952 διο.
1295 1918 1301 1928 “

962 1966 1085 1997 Paullo
1114 1974 1192 1995 cum
1222 1964 1378 2005 positiva
1402 1963 1470 1996 Att.
1496 1965 1564 1997 viii.
1597 1967 1648 1998 12.

919 2010 1064 2041 consiliis
1074 2010 1190 2049 paullo
1205 2008 1403 2039 salubribus.

962 2054 1136 2084 Paullum.
1153 2053 1209 2083 Or.
1225 2052 1247 2082 i.
1264 2054 1315 2083 53.
1326 2053 1484 2092 paullum
1498 2052 1646 2094 partium

919 2097 949 2127 εἰ
965 2097 1094 2127 tribuit.

963 2139 1052 2171 Pax.
1094 2141 1130 2170 in
1159 2138 1311 2170 formulis
1352 2148 1501 2179 precum.
1533 2138 1648 2170 Rabir.

920 2183 1084 2214 Perduell.
1110 2186 1141 2214 2.
1160 2192 1275 2223 pacem
1301 2192 1338 2211 ac
1354 2183 1487 2213 veniam
1502 2186 1595 2223 peto.

962 2227 1227 2259 Pavimentatas.
1241 2227 1305 2266 Qu.
1320 2225 1371 2256 Fr.
1384 2227 1431 2256 iii.
1445 2229 1472 2256 l.
1485 2235 1514 2256 c.
1528 2229 1555 2256 1.
1574 2235 1650 2266 por-

920 2272 1007 2302 ticus
1026 2272 1259 2311 pavimentata
1286 2279 1331 2299 sc.
1347 2279 1446 2309 opere
1462 2268 1646 2300 tessellato.

921 2325 950 2345 v.
967 2316 1067 2354 Spon.
1085 2313 1227 2344 Miscell.
1245 2312 1348 2343 Erud.
1365 2313 1445 2344 Ant.
1462 2323 1495 2353 p.
1506 2315 1561 2344 40.

964 2358 1136 2389 Peccatus.
1173 2356 1267 2387 Verr.
1294 2356 1328 2386 ii.
1358 2359 1411 2391 78.
1445 2357 1481 2387 in
1506 2359 1648 2397 peccatu

921 2401 1098 2432 manifesto
1110 2401 1300 2431 tenebatur.
1499 2410 1502 2413 ·

966 2446 1162 2481 Pecuarius,
1200 2444 1257 2482 qui
1297 2443 1451 2482 gregibus
1487 2451 1648 2483 pecorum

922 2489 1047 2519 alendis
1065 2495 1229 2528 quaestum
1243 2487 1375 2526 quaerit,
1391 2486 1449 2518 sed
1464 2496 1482 2516 e
1494 2484 1648 2526 publicis,

920 2542 979 2572 pro
996 2536 1087 2563 certo
1111 2530 1264 2570 vectigali
1290 2530 1477 2567 conductis,
1501 2529 1648 2569 pascuis,

921 2586 995 2615 quae
1024 2584 1105 2606 sunt
1134 2575 1169 2604 in
1200 2573 1338 2603 saltibus
1369 2572 1521 2613 publicis.
1559 2571 1649 2611 Nam

921 2620 995 2650 aiiae
1016 2622 1094 2649 sunt
1120 2618 1275 2648 villatieae
1299 2617 1481 2656 pastiones,
1508 2625 1582 2655 quae
1607 2614 1650 2646 ad

921 2662 1160 2703 agriculturam
1189 2660 1393 2697 referuntur,
1421 2669 1484 2690 nec
1517 2658 1650 2690 faciunt

919 2707 1104 2746 pecuarios,
1121 2709 1161 2735 ut
1181 2703 1286 2734 tradit
1317 2703 1412 2733 Varr.
1433 2703 1475 2735 R.
1498 2703 1539 2734 R.
1553 2702 1602 2733 iii.
1621 2705 1649 2733 1.

919 2750 1011 2780 Verr.
1028 2750 1061 2780 ii.
1077 2749 1108 2779 6.
1133 2747 1261 2782 Fontei.
1282 2749 1308 2776 1.
1325 2747 1439 2777 Deiot.
1453 2751 1485 2782 9.
1509 2755 1565 2777 rex
1579 2745 1649 2777 Do-

920 2794 1045 2824 iotarus
1064 2792 1241 2832 pecuarius
1262 2790 1397 2821 dicitur.
1431 2789 1520 2821 Sunt
1532 2788 1650 2826 etiam,

918 2837 975 2878 qui
1007 2836 1200 2878 publicanos
1225 2835 1399 2874 pecuarios
1425 2833 1532 2871 dictos
1563 2829 1650 2866 arbi-
