1800 3131
175 189 256 226 230

175 286 303 315 wionem
317 287 454 315 tuorum
476 286 667 324 temporum
683 284 828 315 contuli:
853 288 904 315 te-

181 338 257 359 cum
273 328 519 358 communicavi.

230 371 457 403 communitas.
495 371 565 401 Fin.
598 371 643 401 iii.
674 373 726 402 20.
764 380 904 401 commu-

179 417 268 456 nitas
289 415 463 446 naturalis,
487 415 530 445 ib.
554 416 766 445 communitas
788 414 902 444 civilis.

180 460 224 490 ib.
252 469 282 489 V.
313 461 362 490 14.
394 459 503 498 prima
525 460 738 488 communitas
764 463 904 488 naturae.

181 503 246 534 Off.
278 503 299 533 i.
327 506 358 537 7.
390 502 468 532 vitae
494 503 718 532 communitas.
750 501 827 532 ibid.
854 501 903 531 16.

180 547 394 577 communitas
408 550 441 575 et
463 546 602 576 societas
618 545 777 575 humana.
792 544 811 563 ¹*
821 544 904 584 Top.

181 590 213 621 6.
250 599 300 619 res
325 589 490 628 disjuncta
513 600 532 619 a
545 589 783 624 communitate,
801 588 821 618 i.
840 597 868 617 e.
887 597 906 617 a

183 643 304 673 genere
320 631 361 663 ad
376 633 519 672 speciem
536 632 701 668 traducta,
715 635 785 669 aut,
800 631 833 660 in
850 630 906 660 de-

183 678 347 713 finitione,
361 676 496 715 adjectis
509 675 648 715 propriis
661 674 701 704 ad
711 675 904 704 communia.

232 720 481 751 Commutabc'lis.
513 719 583 749 Inv.
609 718 629 748 i.
649 721 697 749 18.
727 722 905 748 commula-

182 765 242 795 bile
258 763 440 793 exordium.

232 807 445 842 (ommutccrffi
469 815 545 835 cum
578 804 641 834 abl.
671 805 742 835 sine
766 814 904 845 praepos.

182 851 260 890 Agr.
278 851 298 880 i.
313 853 341 879 5.
366 849 577 889 possessionis
590 848 748 878 invidiam
764 849 907 888 pecunia

181 897 388 924 commutent.
403 893 456 922 ubi
474 902 504 922 v,
516 891 704 922 Turnebus.
729 892 802 922 add.
821 893 905 923 Dra-

183 937 284 967 kenb.
309 936 351 966 ad
373 935 444 966 Liv.
462 935 529 966 xlii.
549 939 577 966 5.
609 936 716 966 Simili
739 945 837 966 sensu
865 936 906 966 ad

184 980 308 1010 Heren.
339 980 373 1010 ii.
404 982 451 1013 19.
487 985 538 1009 est
567 979 638 1008 leve
670 979 905 1019 compendium

179 1023 294 1054 fraude
309 1024 456 1053 maxima
466 1027 757 1053 commutaverunt.
771 1022 905 1053 Cluent.
913 1046 923 1055 ,.

181 1068 235 1099 46.
261 1066 360 1097 fidem
384 1076 477 1098 suam
496 1070 530 1096 et
544 1066 737 1105 religionem
764 1067 906 1106 pecunia

182 1111 404 1147 commutavit,
423 1111 443 1140 i.
461 1120 489 1140 e.
508 1110 667 1140 vendidit.

229 1155 405 1194 Compacto.
437 1153 508 1183 adv.
532 1153 602 1183 Att.
627 1164 657 1183 x.
681 1155 728 1184 12.
760 1157 800 1184 ut
823 1163 905 1184 com-

174 1203 273 1238 pacto
293 1197 448 1239 prohibiti
464 1197 647 1228 videamur.

229 1242 410 1282 Compages.
436 1241 631 1272 Seneet.21.
656 1250 823 1281 compages
835 1251 905 1271 cor-

181 1287 279 1327 poris.

229 1330 374 1371 Compar.
399 1327 547 1373 (erdem-ov]
568 1329 603 1359 in
619 1328 789 1359 rhetoricis
802 1329 902 1368 quid?

182 1373 223 1403 ad
239 1374 319 1404 Her.
336 1375 377 1404 iv.
394 1377 446 1404 90.

229 1417 460 1458 Confluat-abile,
478 1417 597 1447 simile.
623 1416 693 1446 InV.
711 1417 732 1446 i.
750 1419 802 1448 42.
827 1420 879 1447 30.

228 1461 433 1502 Comparare.
456 1461 548 1490 Verr.
564 1461 585 1490 i.
606 1464 633 1490 l.
657 1461 904 1491 accusationem

180 1515 383 1544 comparare,
403 1505 526 1535 dicitur
548 1508 641 1534 actor
662 1514 739 1534 cum
763 1514 802 1534 ea
827 1514 905 1534 con-

180 1549 294 1587 quirit,
311 1549 404 1585 fecit,
423 1557 496 1587 quae
517 1547 559 1577 ad
574 1552 663 1577 recte
680 1548 903 1578 accusandum

179 1593 360 1632 pertinent.
388 1592 458 1622 Inv.
483 1593 504 1621 i.
528 1594 577 1621 15.
601 1591 752 1621 animum
776 1592 905 1621 audito-

179 1637 223 1665 ris
257 1636 373 1666 idonce
398 1644 585 1675 comparare
609 1635 649 1664 ad
672 1634 833 1674 reliquam
857 1635 905 1664 di—

181 1681 340 1717 ctionem,
358 1679 390 1709 h.
409 1689 437 1710 e.
454 1679 575 1715 facere,
592 1683 631 1708 ut
654 1678 808 1708 attendat
830 1678 905 1708 reli-

180 1733 254 1762 quae
277 1723 429 1753 orationi.
459 1722 596 1762 Quinct.
621 1725 651 1752 3.
685 1721 778 1752 Verr.
804 1722 825 1752 i.
851 1723 903 1752 36.

182 1776 246 1803 res,
263 1777 336 1806 quae
354 1767 387 1797 in
405 1765 513 1795 Gallia
528 1766 815 1806 comparabantur,
826 1771 906 1796 sunt

178 1810 307 1840 fructus
323 1810 521 1849 praediorum
534 1808 737 1839 Gallicorum
753 1810 810 1838 διο.
823 1809 903 1839 item

180 1863 254 1892 quae
270 1855 304 1883 in
322 1853 428 1883 Golia
444 1856 605 1883 emuntur
619 1856 653 1882 et
668 1853 808 1882 Romam
827 1854 906 1882 mit-

179 1901 301 1927 tuntur
329 1899 386 1926 8.(3.
410 1897 612 1935 omninoque
636 1906 695 1936 pro
718 1905 841 1932 emere,
866 1901 906 1926 ut

179 1940 272 1973 Verr.
291 1941 323 1971 ii.
341 1943 393 1971 34.
425 1940 591 1979 *Quinct
613 1941 662 1970 16.
687 1941 826 1978 majores
847 1949 905 1969 no-

180 1985 240 2014 stri
254 1988 537 2024 comparmvmmt,
555 1984 588 2013 id
604 1987 655 2013 est
669 1995 676 2012 τ
701 1986 904 2021 statuerunt,

180 2028 247 2057 sive
277 2029 400 2067 potius,
432 2027 572 2066 legibus,
603 2027 712 2064 sctis,
745 2031 804 2056 aut
833 2026 905 2057 aliis

181 2071 287 2101 modis
304 2072 499 2108 effecerunt,
512 2081 555 2100 sc.
574 2074 633 2100 aut
649 2080 689 2100 ne
706 2070 785 2109 quid
798 2070 904 2108 fieret,

180 2118 239 2145 aut
262 2122 300 2144 ut
325 2114 449 2154 aliquid
473 2116 578 2144 fieret.
596 2114 693 2154 plura
709 2124 726 2143 e
746 2114 904 2144 Cicerone

181 2164 337 2198 suggeret
362 2158 566 2188 Passeratius
590 2158 631 2188 ad
654 2157 687 2188 h.
716 2158 737 2188 1.
761 2158 801 2187 ad
827 2158 904 2188 Div.

180 2203 237 2232 xii.
263 2205 315 2233 30.
346 2201 469 2232 honore
498 2202 588 2240 digni
616 2211 692 2231 curn
722 2201 906 2241 ignominia

180 2246 289 2285 dignis
309 2255 376 2275 non
392 2248 488 2275 erant
503 2245 725 2284 comparandi,
743 2245 774 2274 h.
792 2254 820 2274 e.
838 2254 904 2274 non

180 2289 297 2320 eodem
311 2289 408 2319 modo
417 2288 593 2318 tractandi.
606 2289 686 2318 item
700 2298 757 2328 pro
769 2288 905 2318 institu-

179 2343 235 2362 ere
260 2333 348 2362 Mur.
372 2333 423 2362 36.
450 2333 521 2362 hzec
545 2332 684 2369 majores
703 2332 806 2361 nostri
823 2341 905 2361 com-

175 2380 396 2416 paraverunt.
435 2376 495 2406 Est
512 2376 611 2405 etiam
629 2376 685 2405 ubi
699 2375 833 2412 dicitur,
846 2386 905 2415 pro

181 2420 395 2460 comparando
407 2419 646 2449 demonstrare.
663 2419 727 2449 Off.
744 2419 778 2448 ii.
796 2422 826 2449 5.
849 2419 905 2448 ‹lc-

181 2463 258 2493 inde
270 2468 449 2503 comparat,
463 2465 587 2503 quanto
601 2463 660 2492 &c.
677 2463 730 2492 Sic
742 2467 776 2491 et
792 2462 903 2492 Livius

181 2507 264 2536 dixit
281 2508 313 2537 ii.
329 2509 381 2537 32.
397 2512 480 2537 extr.
504 2506 641 2545 Quinct.
660 2509 687 2536 1.
703 2510 741 2536 ut
753 2515 813 2544 ego
826 2516 903 2535 cum

181 2555 321 2590 patrono
334 2550 551 2580 disertissimo
567 2558 742 2589 comparer.
760 2548 904 2587 Elegans

180 2595 266 2623 ratio
283 2604 300 2623 e
317 2594 395 2624 ludo
413 2593 635 2633 gladiatorum
653 2593 766 2629 ducta,
783 2593 838 2631 qui
856 2592 905 2622 di-

180 2643 305 2667 cuntur
327 2638 521 2677 comparari,
539 2646 614 2666 cum
636 2636 729 2675 paria
744 2636 904 2675 gladiato-

181 2690 254 2710 rum
273 2680 479 2720 deliguntur,
492 2680 524 2710 h.
543 2691 571 2709 e.
589 2680 819 2716 constituitur,
832 2680 904 2718 quis

181 2733 257 2753 cum
293 2733 421 2762 quoque
445 2723 638 2754 contendat.
689 2722 906 2762 (hmparatur

179 2776 258 2806 ergo
282 2772 440 2807 patronus
461 2776 538 2796 cum
555 2771 706 2808 patrono,
725 2767 803 2805 quia
818 2767 906 2796 inter

178 2820 214 2841 se
245 2810 284 2839 de
315 2811 453 2840 victoria
483 2810 701 2839 contendunt.
737 2809 754 2828 ²*
772 2810 906 2839 Dicitur

177 2855 280 2883 etiam
298 2854 470 2892 eleganter
481 2853 640 2893 elliptiee,
654 2863 713 2893 pro
729 2863 780 2882 res
793 2863 905 2883 neces-

178 2896 293 2933 sarias,
318 2898 427 2936 copias
453 2906 652 2936 comparare.
676 2896 718 2926 ad
740 2896 817 2926 Div.
841 2898 904 2926 xvi.

182 2943 231 2970 11.
263 2941 399 2970 omnino
423 2950 463 2969 ex
486 2940 548 2969 hac
571 2950 702 2978 quoque
723 2945 816 2979 parte
833 2940 905 2969 dili-

179 2984 372 3023 gentissime
387 2987 618 3023 comparatur:
643 2984 699 3013 ubi
716 2983 780 3013 vid.
798 2983 904 3013 luter-

694 195 839 225 INDEX
860 196 992 224 LA'rlN
999 192 1152 225 ITATIS.

947 289 1057 325 pretes
1081 290 1115 315 et
1137 283 1212 315 add.
1235 284 1377 316 Gronov.
1401 286 1442 317 ad
1463 287 1534 318 Liv.
1558 286 1669 319 xxxvi.

948 332 978 359 3.
1011 333 1045 358 et
1076 329 1208 359 xxxviii.
1238 331 1286 360 152.
1317 334 1351 359 et
1377 336 1582 370 comparatus
1607 342 1667 372 pro

949 372 1134 402 instructus
1164 372 1205 402 ad
1233 372 1357 412 aliquid
1383 374 1560 413 agendum.
1586 376 1667 406 Her.

947 416 993 445 iii.
1016 419 1047 446 3.
1071 416 1188 446 iisdem
1212 416 1290 446 locis
1305 422 1338 446 et
1355 417 1396 447 ad
1411 417 1616 448 suadendum
1633 422 1668 449 et

947 458 989 488 ad
1001 459 1258 489 dissuadendum
1272 460 1394 490 erimus
1407 463 1598 501 comparati.
1614 462 1667 492 sic

947 505 982 531 et
992 502 1236 533 substantivum
1250 503 1372 534 «licitur
1387 504 1421 534 in
1436 504 1507 535 loco
1519 505 1668 545 epistolae

948 544 989 574 ad
1001 545 1066 584 Qu.
1083 545 1133 575 Fr.
1152 547 1207 585 qui
1224 556 1299 577 moe<
1320 548 1496 587 profertur.

996 588 1250 628 comparativus.
1283 589 1352 620 Inv.
1371 592 1403 621 ii.
1421 593 1473 622 ⁶25.
1502 601 1668 632 compara-

947 632 1014 661 tiva
1023 631 1205 670 judicatio:
1231 635 1308 672 quid
1323 635 1379 671 sit,
1397 635 1441 664 ibi
1458 634 1606 666 docetur.

995 674 1205 715 Comparatio.
1235 677 1300 716 Qu.
1320 677 1370 708 Fr.
1389 679 1408 708 i.
1427 681 1456 709 Q,
1488 682 1571 709 extr.
1595 678 1670 718 qui-

947 717 1008 747 bus
1031 728 1092 758 ego
1115 719 1161 748 ita
1184 720 1293 758 credo,
1318 726 1356 751 ut
1380 721 1463 752 nihil
1486 721 1526 752 de
1542 732 1669 762 compa-

947 763 1071 792 ratione
1098 771 1174 792 mea
1203 762 1406 794 diminuam:
1442 765 1475 795 h.
1505 775 1534 795 e.
1565 765 1671 796 nihilo

947 805 1058 835 minus
1082 815 1135 835 me
1153 811 1269 836 contra
1284 817 1338 837 eos
1354 817 1554 848 comparem.
1578 809 1668 840 Mur.

948 850 999 879 21.
1031 851 1226 889 comparatio
1249 851 1400 881 testium.
1431 851 1487 881 ΒΓ.
1512 852 1565 886 76.
1598 854 1671 892 ipsa

947 895 1144 931 comparatio
1155 893 1392 933 disciplinaque
1405 894 1546 925 dicendi.
1565 895 1586 914 ᾗ
1597 895 1670 926 l11V.

948 936 969 965 i.
990 939 1038 966 ll.
1069 937 1271 976 Comparatio
1293 943 1343 967 est
1369 948 1443 978 pars
1458 938 1671 969 constitutio-

948 988 999 1009 nis
1015 981 1215 1011 assumtivae.

995 1023 1200 1063 Compellare.
1224 1024 1477 1065 reprehendere,
1493 1025 1668 1065 objurgare

948 1065 1111 1106 aliquem:
1136 1068 1217 1098 item
1239 1078 1393 1098 accusare
1408 1069 1443 1098 in
1453 1068 1594 1108 judicio,
1610 1074 1671 1099 aut

949 1113 1036 1140 certe
1061 1120 1183 1141 nomen
1207 1111 1353 1141 deferre:
1386 1113 1516 1152 proprie
1538 1112 1671 1143 videtur

948 1153 1036 1183 idem
1060 1163 1142 1192 esse,
1159 1155 1246 1193 quod
1261 1156 1475 1195 interrog-are.
1498 1156 1569 1186 Att.
1585 1157 1620 1186 ii.
1637 1159 1668 1187 ⁶2.

946 1196 1100 1237 Nigidius
1125 1199 1274 1228 minatur
1297 1199 1519 1236 inconcione,
1535 1199 1672 1239 sejudi-

948 1251 1034 1278 cem,
1051 1243 1107 1280 qui
1132 1251 1197 1271 non
1221 1242 1376 1280 adfuerit,
1392 1243 1670 1283 compellaturum.

948 1285 988 1314 ad
999 1285 1075 1315 Div.
1088 1286 1153 1315 viii.
1171 1287 1217 1316 12.
1237 1285 1321 1316 Cum
1336 1295 1453 1326 parum
1465 1287 1670 1327 procederet,

947 1333 986 1358 ut
995 1328 1065 1358 ulla
1076 1328 1147 1368 lege
1161 1329 1243 1358 mihi
1256 1333 1482 1360 accusatorem
1494 1334 1671 1370 ponerent,

946 1374 1131 1413 compellari
1157 1382 1196 1402 ea
1218 1373 1326 1412 legem
1351 1383 1368 1403 e
1392 1373 1580 1411 voluerunt,
1605 1384 1672 1413 qua

948 1416 1007 1445 ἃς.
1039 1416 1079 1445 ad
1103 1416 1251 1446 Herenn.
1270 1418 1291 1446 i.
1312 1419 1359 1447 14.
1389 1417 1511 1447 mimus
1534 1417 1671 1456 quidam

947 1459 1085 1489 Accium
1113 1463 1245 1499 poEtain
1276 1462 1475 1500 compellavit
1500 1461 1534 1490 in
1560 1470 1671 1491 scena.

948 1503 1031 1533 Phil.
1049 1503 1094 1533 iii.
1109 1507 1139 1538 7.
1164 1503 1256 1533 Ideni
1269 1505 1308 1544 Ω.
1325 1505 1520 1534 Ciceronem
1536 1506 1671 1544 compel-

948 1549 995 1577 lat
1019 1546 1139 1584 edicto,
1157 1556 1219 1577 nec
1235 1548 1395 1587 intelligit
1409 1548 1671 1579 commendatio-

948 1600 1023 1620 nem
1040 1600 1110 1620 esse
1126 1593 1396 1631 compellationem.
1410 1601 1517 1621 suam.

995 1635 1206 1674 Compellatio.
1223 1635 1448 1674 reprehensio,
1458 1635 1672 1674 vituperatio,

947 1679 1124 1708 accusatio.
1140 1678 1222 1708 Phil.
1236 1679 1282 1708 iii.
1295 1683 1325 1712 7.
1340 1688 1400 1708 nee
1413 1678 1572 1718 intelligit
1583 1688 1673 1708 com-

947 1721 1198 1751 mendationem
1208 1732 1278 1752 esse
1289 1722 1558 1761 compellationem
1565 1731 1673 1752 suam.

996 1764 1154 1805 Compelli.
1182 1765 1223 1795 ad
1239 1766 1315 1796 Div.
1332 1766 1354 1795 i.
1371 1769 1402 1799 9.
1426 1765 1513 1795 Cum
1529 1765 1564 1795 in
1579 1765 1671 1795 hune

947 1818 1081 1838 sensum
1107 1809 1233 1839 alliciar
1248 1809 1417 1839 beneficiis
1432 1808 1622 1847 hominum,
1637 1815 1673 1838 et

946 1854 1120 1891 compellar
1135 1851 1276 1891 injuriis.

996 1896 1235 1935 Compendc'zcm,
1249 1896 1391 1926 lucrum.
1405 1895 1503 1926 Rosc.
1515 1895 1608 1926 Com.
1623 1896 1674 1926 16.

946 1940 1167 1979 compendium
1175 1939 1294 1969 facere.
1308 1939 1348 1969 ad
1362 1940 1441 1970 Her.
1453 1939 1495 1969 iv.
1504 1941 1556 1970 40.
1571 1944 1671 1980 turpe

946 1983 1168 2022 compendium
1180 1983 1206 2012 ἃ
1211 1993 1227 2012 c
1232 2006 1239 2013 .

996 2027 1212 2066 Compensare.
1245 2026 1350 2056 Flacc.
1375 2028 1427 2061 29.
1459 2026 1597 2057 Catonis
1619 2032 1672 2057 est

947 2069 1095 2101 dictum:
1119 2070 1256 2110 pedibus
1273 2071 1471 2110 compensari
1481 2069 1672 2110 pecuniam.

948 2114 1007 2143 Est
1043 2113 1082 2142 de
1113 2114 1249 2144 remotis
1280 2113 1338 2143 sed
1367 2113 1546 2144 salubriter
1574 2114 1672 2144 emtis

948 2157 1095 2197 pra-diis:
1122 2158 1156 2187 in
1181 2157 1243 2194 his,
1269 2157 1351 2187 Cato
1374 2158 1527 2197 putabat,
1551 2157 1672 2188 itinera

948 2207 1081 2240 propter
1097 2200 1376 2240 longinquitatem
1391 2204 1526 2230 tantum
1544 2200 1674 2241 impen-

948 2254 991 2273 sae
1008 2244 1142 2281 habere,
1155 2249 1214 2274 aut
1231 2248 1318 2274 certe
1333 2243 1507 2281 molestiae,
1525 2249 1564 2274 ut
1578 2253 1672 2283 aeque

947 2297 1024 2316 cara
1035 2297 1104 2317 esse
1117 2298 1154 2317 ac
1168 2288 1352 2327 propinqua
1360 2287 1546 2318 videantur.
1560 2286 1671 2317 *Fon-

946 2330 1002 2360 tei.
1024 2335 1051 2361 1.
1078 2332 1163 2361 Socii
1187 2331 1389 2361 Gallicorum
1407 2330 1571 2362 bellorum
1585 2331 1673 2370 peri-

948 2374 1024 2404 cula
1042 2375 1164 2415 populo
1179 2375 1218 2405 R.
1235 2375 1330 2405 coriis
1347 2374 1512 2414 remisque
1528 2384 1672 2414 compen-

946 2423 1076 2449 sarum.

996 2462 1290 2502 Comperendz'mtre.
1315 2462 1387 2492 Aet.
1401 2462 1422 2491 i.
1436 2461 1528 2492 Verr.
1549 2464 1598 2492 ll.
1622 2465 1674 2491 est

942 2505 1059 2543 jubere
1088 2515 1181 2535 reum
1213 2506 1336 2535 iterum
1360 2505 1486 2543 adesse,
1510 2508 1550 2535 ut
1572 2514 1673 2535 causa

946 2548 1093 2578 secunda
1109 2549 1179 2578 vice
1195 2553 1325 2588 agatur,
1339 2553 1373 2578 et
1385 2548 1518 2587 quidem
1531 2549 1566 2578 in
1581 2548 1670 2579 diem

947 2592 1181 2631 perendinum,
1212 2597 1250 2622 ut
1286 2591 1389 2622 tradit
1422 2592 1596 2622 Asconius.
1630 2591 1672 2622 cf.

952 2634 1263 2675 Comperendinatus.

995 2679 1287 2719 Cmnperemlinatio
1303 2681 1338 2708 et
1357 2678 1671 2716 comperendinatus.

946 2723 1039 2752 Verr.
1055 2723 1075 2753 i.
1093 2727 1122 2757 9.
1147 2722 1241 2752 Brut.
1266 2724 1317 2753 22.
1341 2731 1461 2759 unum,
1478 2721 1572 2760 quasi
1587 2731 1672 2751 com-

940 2766 1186 2806 perendinatus,
1205 2765 1350 2796 medium
1366 2765 1454 2795 diem
1470 2764 1583 2795 fuisse.

995 2810 1183 2850 Comperit-e.
1215 2809 1285 2839 Att.
1311 2809 1332 2838 i.
1356 2812 1405 2839 14.
1437 2807 1670 2838 Clodius—me

945 2856 1081 2883 tantum
1097 2854 1278 2892 comperisse
1293 2853 1406 2882 onmia
1422 2851 1673 2882 criminabatur.

948 2897 1063 2926 Cicero
1079 2896 1114 2925 in
1130 2906 1230 2926 causa
1246 2895 1442 2926 Catilinaria
1457 2895 1570 2925 crebro
1581 2894 1672 2924 dixe-

948 2943 1010 2976 rat,
1027 2941 1162 2979 comperi
1182 2940 1303 2969 omnia.
1323 2939 1372 2969 Ea
1387 2948 1438 2969 res
1453 2938 1564 2969 locum
1580 2937 1672 2968 ded1t

947 2984 1092 3014 dicteriis
1104 2983 1139 3013 in
1153 2982 1362 3021 Ciceronem,
1375 2992 1453 3013 cum
1467 2991 1546 3013 eum
1558 2981 1672 3012 omnia
