1790 3219
635 63 779 92 INDEX
810 62 910 90 LA‘rl
917 62 943 90 N
950 63 1103 92 ΙΤΑΤΙΒ.

94 149 182 190 quod
204 150 265 191 ipsi
289 150 424 191 probare
445 159 511 181 non
534 154 686 191 possunt,
702 158 762 179 suo
778 154 827 179 te-

93 194 250 225 ntimonio
267 196 402 235 probare
418 195 502 224 vult.

141 237 292 278 supplet.
317 239 405 269 Mur.
419 241 472 269 40.
497 241 606 266 vester
620 238 669 265 est
683 236 829 275 supplet,

94 288 156 320 ΡΠ.)
173 283 273 311 §uisis-

141 324 349 365 Sapphiweio,
365 328 416 354 est
432 322 577 353 solemne
598 321 743 362 plurium
761 321 828 351 ‹lie-

97 376 171 397 runi
189 380 228 398 ex.
245 370 344 403 δίζω,
362 377 426 405 quo
450 365 521 396 Diis
545 366 660 404 gratiae
685 369 831 404 aguntur

95 410 137 440 ob
156 420 204 441 res
221 410 306 441 bello
319 410 459 440 feliciter
471 417 590 448 gestas.
616 410 767 438 Ciceroni
781 415 829 438 ta—

97 463 174 483 men
188 453 248 484 boc
262 453 401 492 contigit
416 453 486 488 uui,
497 459 531 482 ut
548 459 681 491 propter
693 462 760 482 rein
774 451 830 482 do-

96 498 143 527 mi
167 504 292 536 gestam
309 495 508 536 supplicatio
528 496 558 525 ei
583 496 828 525 decerne-retur.

98 539 197 570 Catil.
217 541 257 570 iv.
279 543 325 571 10.
357 541 415 569 sed
437 545 516 569 sunt
539 540 640 569 etiam
664 539 830 579 supplica-

94 583 202 613 tiones
237 582 407 619 funerum,
437 593 563 622 eisquc,
601 590 639 612 ut
676 581 830 612 Manutio

94 625 215 666 placet,
239 626 338 656 unius
361 625 436 656 divi.
468 626 579 656 vatin.
603 627 652 656 12.
683 626 765 656 scire
788 635 827 654 ex

93 674 127 699 te
151 669 261 709 cupio,
285 679 350 708 quo
373 669 522 706 consilio,
546 675 604 699 aut
628 679 693 708 qua
716 676 828 698 mente

94 710 223 749 feceris,
247 718 285 743 ut
308 713 342 742 in
366 713 464 753 epulo
485 714 525 752 Q.
543 713 628 742 Arrii
651 721 726 742 cum
751 719 830 750 toga

94 754 188 795 pulia
216 756 603 786 accuniberes?—Dices
625 757 829 795 supplicatio-

92 808 150 829 nes
166 799 238 829 illas
254 805 288 829 te
302 809 367 829 non
381 800 544 839 probasse.
575 798 721 838 Optime.
746 798 829 828 Nul-

95 840 135 872 lae
152 842 276 873 suerint
291 844 547 883 supplicationes.
585 841 655 872 Has
670 843 830 882 supplica-

94 887 193 916 tiones
221 887 352 916 videtnr
374 887 475 916 etiam
503 885 618 915 Cicero
645 886 829 926 improbare

95 928 181 960 Phil.
203 930 223 959 i.
240 930 271 960 6.
299 931 351 960 An
375 939 428 959 me
451 929 592 959 censetis
616 929 827 959 decreturum

94 971 208 1010 fuisse,
226 978 263 1002 ut
286 972 469 1012 parentalia
492 982 567 1002 cum
592 974 830 1012 supplicationi·

94 1016 152 1046 bus
166 1016 396 1053 miscerentur,
413 1025 451 1046 ut
466 1015 680 1056 inexpiabiles
696 1015 828 1056 religio-

95 1068 154 1089 nes
177 1060 210 1089 in
235 1059 396 1100 rempubl.
417 1059 679 1090 inducerentur?
713 1064 750 1090 ut
774 1059 829 1089 de-

95 1110 314 1133 cernerentur
330 1104 574 1142 sulqvlicationes
590 1103 744 1133 mortuo?
772 1104 830 1132 Rc.

95 1145 271 1176 Abramius
301 1146 364 1176 boc
395 1147 442 1176 ita
467 1146 636 1183 conciliat,
663 1152 701 1176 ut
728 1147 828 1183 dicat,

93 1192 354 1230 eumelicationem
391 1189 482 1219 illam
521 1191 553 1220 in
588 1190 675 1220 Arrii
714 1189 829 1220 funere

95 1232 263 1263 decretam
281 1233 381 1263 fuisse
400 1233 559 1263 honorem
584 1233 726 1269 civilem,
744 1233 828 1263 hanc

95 1281 223 1314 autem,
248 1276 369 1307 Caesari
393 1277 575 1313 decretam,
600 1276 758 1307 honorem
783 1276 831 1306 di-

94 1320 224 1357 vinum,
247 1320 335 1359 quod
361 1321 389 1350 ei
417 1320 641 1360 supplicatum
664 1321 721 1358 sit,
744 1327 831 1350 tam-

96 1373 196 1403 quam
226 1363 309 1394 Deo.
353 1364 462 1403 Atque
492 1364 560 1404 ipse
591 1363 706 1394 Cicero
737 1362 831 1403 paul-

96 1406 129 1437 lo
152 1411 245 1447 post:
286 1406 404 1437 adduci
436 1416 501 1436 non
526 1416 672 1447 possum,
699 1414 750 1443 ut,
774 1417 831 1436 cu-

91 1450 147 1490 Jus
170 1449 361 1490 sepulcrum
385 1459 547 1489 nusquam
572 1454 678 1487 extet,
694 1451 750 1480 ubi
774 1460 831 1490 pa-

97 1499 262 1531 tentetur,
286 1494 316 1523 ei
338 1495 544 1533 supplicetur.
590 1493 654 1524 Sed
687 1503 753 1523 non
776 1493 833 1523 ab·

94 1536 195 1567 surda
209 1538 309 1567 etiam
333 1536 404 1566 haec
427 1538 509 1567 ratio
532 1537 675 1574 videtur,
692 1537 719 1567 si
743 1537 831 1567 dica-

94 1589 184 1617 mus,
211 1580 406 1610 Ciceronem
437 1580 523 1610 hanc
552 1581 831 1620 supplicationem

94 1623 254 1654 invidiose
277 1624 326 1654 ita
348 1624 571 1664 interpretari,
594 1624 687 1662 quasi
711 1623 832 1655 Caesari

94 1664 230 1699 decreta
242 1667 299 1705 sit,
316 1671 354 1697 ut
369 1667 400 1696 ei
423 1667 643 1708 supplicetur,
657 1672 830 1706 tamquam

93 1707 181 1748 Deo,
209 1719 286 1740 cum
315 1715 448 1741 tantum
487 1710 619 1741 honoris
649 1720 761 1749 causa,
791 1716 832 1741 ut

95 1753 182 1790 aliis,
198 1758 237 1784 ut
259 1753 529 1794 imperatoribus,
544 1760 584 1784 ut
602 1755 755 1792 mortuis,
770 1753 833 1784 Ar-

95 1797 146 1827 rio
168 1796 226 1827 fite.
259 1796 392 1827 decreta
414 1801 510 1827 esset.
555 1797 751 1837 Agebantur
773 1807 832 1828 au-

95 1844 180 1877 tem,
194 1839 305 1880 credo,
321 1840 356 1871 in
379 1841 430 1871 his
452 1842 736 1881 supplicationibus
758 1851 832 1881 gra-

95 1883 152 1914 tiae
177 1884 264 1921 Diis,
288 1893 348 1924 pro
373 1884 557 1922 beneficiis,
585 1894 658 1924 quae
684 1884 747 1925 ipsi
773 1894 833 1926 per

95 1931 267 1958 mortuum
285 1927 379 1958 illum
395 1927 535 1968 reipubl.
551 1928 758 1958 tribuissent.

140 1969 345 2010 Supplicare.
376 1971 448 2001 Pin.
463 1981 493 2001 v.
509 1973 563 2002 25.
593 1976 646 2009 tu,
670 1971 757 2009 Piso,
772 1971 832 2002 ho·

97 2012 150 2044 die
174 2014 223 2044 ita
245 2014 310 2044 ista
327 2015 461 2055 (nempe
485 2014 717 2054 Peripatetica)
735 2024 831 2045 nosse

96 2057 184 2088 visus
205 2066 254 2094 es,
277 2063 328 2095 ut,
345 2057 372 2087 si
395 2058 491 2098 copia
512 2057 563 2087 tui
585 2067 718 2098 semper
738 2058 833 2089 nobis

96 2100 207 2138 fieret,
233 2109 300 2131 non
329 2100 473 2131 multum
500 2100 624 2131 Graecis
634 2103 832 2142 -supplican-

95 2143 175 2175 dum
191 2149 358 2184 putarem.

70 2217 74 2221 .
141 2186 305 2228 Sulmlon'o
320 2188 372 2225 fit,
388 2197 465 2217 cum
488 2186 571 2227 pede
594 2186 702 2218 solum
717 2197 835 2228 percu-

97 2230 211 2264 timus.
242 2231 275 2261 id
305 2231 343 2261 fit
375 2230 415 2260 ab
445 2236 588 2267 oratore,
617 2234 651 2261 et
680 2237 732 2261 est
758 2241 834 2272 pars

97 2274 236 2304 actionis
267 2274 433 2311 oratoriae,
464 2284 529 2312 qua
566 2274 601 2304 in
638 2274 754 2305 rasse.
785 2275 835 2304 iu-

95 2317 230 2348 tei-dum
252 2322 408 2348 utuntur.
439 2318 496 2348 Or.
513 2317 558 2348 iii.
574 2320 626 2352 59.
648 2317 728 2348 ibid.
743 2318 764 2348 i.
782 2321 833 2349 53.

97 2361 158 2392 διο.

142 2403 341 2444 supponere,
364 2403 577 2434 substituere.
605 2403 702 2434 Rosc.
725 2403 764 2434 A.
781 2407 834 2436 38.

97 2456 206 2488 operae
232 2451 353 2478 nostrae
385 2447 509 2477 vicaria
537 2446 619 2478 fides
650 2447 834 2479 amicorum

97 2491 299 2531 sumitur.
329 2490 395 2521 vid.
413 2490 452 2520 de
476 2490 537 2521 bac
560 2491 591 2521 vi
607 2490 696 2521 verbi
719 2490 835 2523 Burm.

98 2533 141 2564 ad
156 2533 251 2565 Ovid.
269 2533 348 2564 Her.
364 2534 408 2564 ix.
429 2537 478 2565 18.
509 2534 527 2552 ⁸
541 2532 581 2563 ln
604 2532 694 2564 libris
717 2533 758 2563 de
777 2534 836 2565 In-

99 2577 254 2608 ventione
280 2577 450 2608 interdum
478 2576 602 2607 dicitur
622 2586 682 2617 pro
706 2577 834 2616 afferre,

100 2629 373 2658 commemorare,
398 2625 435 2651 ut
458 2621 492 2650 ii.
512 2622 564 2654 37.
594 2620 778 2651 rationibus
802 2626 837 2652 et

100 2663 381 2695 infirmatiouibus
417 2665 587 2694 rationum
615 2665 837 2704 supponendis,

101 2706 395 2744 adjudicationem
412 2707 596 2747 pervenire.

144 2749 341 2788 Sufflresn'o.
388 2750 522 2781 Cluent.
552 2753 605 2782 25.
645 2752 838 2790 suppressio-

99 2801 158 2824 πει
185 2792 360 2832 judiciales
395 2800 488 2832 sunt,
519 2803 596 2824 cum
630 2795 704 2833 quis
739 2803 838 2834 pecu-

102 2835 193 2867 niam
220 2835 310 2876 apud
333 2844 368 2867 ue
391 2835 590 2878 depositam,
613 2843 651 2869 ut
669 2837 838 2878 judicibus

1524 55 1609 101 447

871 149 990 186 solvat,
1006 150 1067 179 sibi
1091 155 1210 189 servat,
1230 152 1361 190 avertit,
1385 156 1550 192 negatque
1572 163 1607 184 κ

872 201 944 221 eain
960 193 1135 231 accepisse.

916 234 1122 273 suppressus.
1153 238 1209 266 Or.
1228 241 1279 268 (35.
1312 244 1347 269 ut
1373 248 1464 275 voce,
1487 241 1533 269 sic
1557 245 1607 270 ct·

871 278 936 308 iam
953 278 1102 307 oratione
1124 284 1338 319 suppremum
1363 283 1402 312 de
1420 292 1539 322 genere
1557 284 1606 313 di-

871 320 966 351 cendi
986 322 1092 351 tenui.

916 364 1134 404 Supprimere.
1162 364 1235 395 Clu.
1254 368 1307 402 251,
1325 369 1376 398 26.
1403 370 1605 409 supprimere

871 410 1060 448 pecuniam.
1084 418 1114 438 v.
1129 411 1325 448 suppressio.

916 451 1094 491 Suppudet,
1139 451 1266 481 duobus
1313 454 1417 483 modis
1462 456 1602 487 dicitur:

873 504 993 534 nempe
1010 495 1129 535 primo.
1147 494 1271 533 vulgari
1289 495 1358 532 illo,
1375 507 1450 526 cum
1469 508 1526 528 nos
1544 510 1606 539 pu-

872 537 929 568 ‹li-t
957 538 1082 577 aliquid
1111 539 1240 576 fecisse,
1270 538 1409 577 alicujus
1444 541 1513 570 vitii
1545 545 1604 573 ἃς.

873 580 1003 618 deinde,
1031 591 1108 612 cum
1137 592 1288 612 veremur
1314 582 1471 622 aliquem,
1499 594 1606 623 neque

873 624 1032 655 audemus
1061 626 1093 654 in
1128 626 1199 664 ejus
1237 631 1450 666 conspectum
1483 629 1606 665 venire,

873 674 1008 708 propter
1038 668 1143 709 culpae
1182 668 1321 708 alicujus
1355 670 1605 701 conscientiam.

872 712 948 742 Div.
964 712 1007 741 ix.
1027 714 1053 742 l.
1075 713 1274 752 suppudebat
1291 722 1343 742 me
1360 713 1519 744 librorum
1535 715 1595 745 διο.

916 754 1072 793 Surgere.
1104 757 1193 786 oriri.
1223 756 1264 786 ad
1281 757 1357 787 Div.
1374 757 1439 786 viii.
1457 760 1487 788 8.
1518 757 1608 788 fama.

870 800 1026 828 surrexit.
1067 803 1149 828 *est
1173 800 1312 830 oratoris
1342 801 1532 840 incipientis
1558 801 1608 831 di-

872 851 958 879 cere,
974 841 1062 871 unde
1077 848 1128 872 est
1144 852 1202 882 pro
1224 841 1342 873 dicere.
1373 844 1468 874 noso.
1483 846 1558 875 Am.
1580 848 1608 876 l.

873 894 949 915 tum
975 889 1028 916 tot
1052 886 1176 915 summi
1199 893 1346 916 oratori-s
1372 887 1522 925 sedeant,
1546 897 1608 927 ego

871 929 1080 968 potissimum
1096 931 1306 960 surrexerim.
1330 930 1348 947 *
1359 937 1409 961 est
1420 932 1520 961 etiam
1535 941 1609 971 pro-

873 972 1105 1002 ficiscentium.
1150 973 1220 1002 Att.
1253 975 1314 1003 xvi.
1350 977 1399 1004 13.
1437 975 1479 1003 vi.
1513 975 1607 1014 Idus,

873 1025 948 1045 cum
966 1022 1044 1045 ante
1061 1015 1168 1046 lucem
1187 1016 1226 1046 de
1239 1016 1438 1047 Sinuessano
1448 1021 1608 1049 surrexis-

870 1069 948 1096 sem,
965 1060 1203 1098 venisseinque.
1230 1060 1317 1090 *sed
1341 1061 1491 1101 inprimis
1507 1071 1610 1092 venu-

873 1110 943 1132 stus
959 1102 1049 1132 locus
1066 1109 1116 1133 est
1135 1113 1175 1133 ex
1199 1103 1260 1133 hoc
1284 1105 1381 1134 verbo
1405 1104 1496 1134 Verr.
1514 1106 1535 1136 i.
1553 1108 1607 1136 40.

873 1145 961 1176 Nam
988 1150 1025 1176 ut
1051 1152 1173 1185 praetor
1198 1147 1305 1177 sactus
1328 1152 1390 1185 est,
1414 1149 1468 1187 qui
1495 1149 1608 1189 auspi-

873 1196 948 1219 cato
978 1199 998 1219 a
1028 1188 1209 1219 Chelidone
1247 1193 1451 1230 surrexisset,
1482 1198 1608 1223 sortem

874 1239 993 1262 nactus
1023 1237 1073 1262 est
1099 1234 1232 1264 urbanae
1262 1235 1452 1274 provinciae.
1504 1235 1609 1266 Ludit

874 1285 994 1316 nempe
1025 1276 1060 1306 in
1090 1277 1309 1316 ambiguitate
1335 1279 1424 1309 verbi
1450 1288 1605 1318 surgere,-

874 1320 962 1357 quod
985 1325 1036 1350 est
1059 1329 1125 1350 non
1150 1320 1247 1351 modo
1270 1320 1396 1352 lectum
1421 1322 1610 1362 relinquen·

872 1363 929 1400 tis,
945 1363 1003 1392 sed
1026 1364 1126 1393 etiam
1150 1364 1184 1393 in
1208 1365 1423 1405 auspicando,
1439 1376 1516 1396 cum
1539 1376 1611 1397 ma-

875 1407 1045 1445 gistratus,
1068 1407 1178 1437 oblato
1201 1409 1349 1449 auspicio
1371 1409 1494 1448 fausto,
1518 1419 1536 1439 e
1559 1415 1611 1440 ta-

874 1450 1054 1480 bernaculo
1076 1451 1196 1490 surgit,
1220 1457 1255 1481 et
1277 1462 1318 1482 ex
1345 1452 1474 1492 templo
1495 1453 1610 1484 statim

874 1493 957 1530 abit,
975 1503 1016 1523 ne
1033 1493 1181 1524 faustum
1207 1496 1393 1535 auspicium
1416 1496 1481 1526 alio
1501 1496 1612 1527 insau-

875 1540 927 1566 sto
950 1537 1123 1567 turbetur:
1154 1537 1193 1567 (le
1217 1548 1281 1578 quo
1297 1539 1362 1570 ritu
1380 1550 1397 1570 e
1421 1540 1572 1580 Dionysii
1589 1539 1612 1572 l.

876 1579 909 1610 ii.
928 1589 956 1610 v.
974 1579 1113 1611 Casaub.
1132 1581 1173 1611 ad
1196 1583 1333 1613 Sueton.
1348 1584 1434 1622 Aug.
1449 1587 1502 1617 95.
1532 1584 1610 1614 ‹Jam

875 1633 914 1653 eo
944 1623 1085 1654 facetius
1123 1623 1185 1655 hoc
1221 1625 1344 1656 dicitur
1380 1636 1400 1656 a
1436 1626 1610 1665 Cicerone,

876 1666 966 1706 quod
1003 1666 1194 1699 Chelidonis
1230 1670 1429 1708 meretricis,
1466 1680 1611 1710 quacum

875 1720 953 1740 eum
980 1711 1132 1741 cubuisse
1158 1722 1199 1742 ea
1224 1716 1321 1743 nocte
1350 1714 1461 1753 fingit,
1488 1724 1610 1745 nomen

875 1758 925 1784 est
948 1753 1150 1792 hirundinis,
1169 1756 1236 1786 avis
1260 1756 1408 1796 urbanae,
1424 1767 1498 1797 quae
1522 1767 1614 1788 eom-

876 1797 972 1828 mode
995 1807 1074 1828 saue
1103 1806 1216 1838 posset
1239 1805 1420 1839 praeturam
1449 1801 1611 1832 urbanam

876 1839 1086 1914 poxioendere,
1103 1847 1141 1872 ut
1157 1843 1289 1874 monuit
1302 1844 1374 1883 jam
1392 1844 1555 1875 Asconius
1570 1844 1614 1876 ad

922 1927 1114 1968 Surreptus,
1141 1928 1238 1960 malis
1263 1930 1387 1961 artibus
1417 1933 1452 1961 et
1478 1930 1615 1962 clancu-

876 1971 947 2002 lum
963 1971 1105 2003 ablatus.
1134 1972 1204 2003 Att.
1222 1984 1254 2004 x.
1270 1976 1302 2005 4.
1332 1985 1372 2005 ex
1395 1974 1484 2005 SCto
1501 1984 1614 2005 surre-

871 2019 948 2056 pto.-
973 2015 1005 2045 h.
1029 2025 1058 2046 e.
1082 2016 1170 2054 quod
1192 2026 1252 2056 per
1273 2017 1533 2057 infrequentiam
1557 2019 1615 2049 Se-

878 2063 978 2089 natus
995 2064 1164 2099 captatam
1182 2059 1300 2090 callide
1316 2061 1444 2092 factum
1460 2066 1557 2092 esset.
1582 2072 1613 2093 v.

877 2101 1021 2133 Gronov.
1049 2102 1090 2132 ad
1117 2103 1188 2134 Liv.
1214 2105 1323 2135 xxxix.
1350 2108 1380 2136 5.
1417 2105 1500 2135 *sic
1529 2105 1616 2136 Phil.

877 2145 943 2175 xiv.
958 2148 990 2176 3.
1022 2145 1141 2176 Parma
1161 2152 1313 2187 surrepta
1335 2149 1518 2189 opponitur
1538 2149 1614 2179 urbi

879 2196 986 2229 captae
1002 2199 1062 2229 per
1076 2190 1142 2219 vim
1158 2195 1193 2220 et
1208 2200 1311 2221 arma.

923 2232 1071 2272 Surripi,
1102 2232 1274 2273 eleganter
1311 2233 1436 2264 dicitur
1472 2234 1512 2266 de
1545 2245 1618 2274 reo,

879 2285 958 2306 cum
981 2275 1196 2307 clandestinis
1219 2276 1450 2317 largitionibus
1477 2278 1616 2318 aliisque

880 2318 976 2350 malis
1004 2320 1130 2350 artibus
1160 2320 1315 2360 efficitur,
1346 2326 1386 2351 ut
1415 2321 1616 2352 absolvatur.

879 2361 973 2393 verr.
997 2362 1018 2392 i.
1034 2365 1065 2394 4.
1093 2372 1135 2393 ne
1157 2367 1250 2394 actor
1271 2364 1405 2404 quidem
1430 2369 1482 2395 est
1504 2365 1544 2404 is,
1561 2366 1618 2396 cui

880 2415 955 2435 reus
981 2412 1051 2435 tam
1080 2407 1378 2437 nocens—occulte
1399 2409 1535 2448 surripi,
1558 2412 1618 2439 aut

881 2449 1018 2488 impune
1055 2449 1137 2489 eripi
1168 2450 1281 2490 possit.
1335 2451 1388 2481 Sic
1423 2451 1499 2482 Act.
1528 2453 1550 2483 i.
1581 2453 1617 2482 in

879 2491 973 2522 Verr.
998 2494 1029 2523 2.
1066 2500 1281 2533 opponuntur
1305 2494 1367 2524 sibi
1396 2496 1560 2536 surripere
1583 2498 1619 2526 et

880 2544 1008 2575 rapere.

926 2578 1111 2619 Susceptus,
1127 2579 1166 2610 de
1191 2579 1370 2619 laboribus,
1392 2591 1475 2620 quos
1497 2586 1618 2623 sponte

881 2629 994 2652 nostra
1016 2622 1168 2653 facimus.
1199 2625 1380 2664 opponitur
1397 2625 1428 2655 ei
1451 2630 1618 2666 receptus,

881 2665 970 2704 quod
985 2665 1108 2697 dicitur
1123 2666 1163 2696 de
1181 2667 1290 2705 rebus,
1306 2677 1388 2706 quas
1404 2668 1546 2699 aliorum
1567 2679 1620 2699 ro-

881 2709 1122 2747 gatu„iussuve
1138 2709 1290 2741 facimus.
1314 2711 1370 2742 Or.
1384 2711 1416 2742 ii.
1430 2714 1483 2743 24.
1499 2713 1533 2742 in
1551 2722 1617 2752 quo

881 2756 932 2782 est
949 2751 1006 2781 illa
1021 2761 1144 2792 magna
1158 2752 1307 2792 offensio,
1322 2754 1373 2785 vel
1388 2754 1617 2794 negligentiae,

879 2796 1031 2835 susceptis
1059 2796 1169 2834 rebus,
1200 2797 1252 2827 vel
1281 2798 1440 2838 perfidiae,
1465 2799 1619 2839 receptis.

880 2836 1103 2881 &concepti-is.
1126 2839 1244 2873 Manil.
1260 2844 1291 2874 3.
1315 2841 1448 2873 macula
1461 2846 1621 2883 sucepta.
