1800 3131
162 103 240 140 116

166 201 234 234 Sed
251 200 402 241 Polybius
413 200 506 242 fucit
532 200 663 233 Caium.
678 201 743 233 m'd.
760 205 896 244 interpr.

167 247 257 277 Lt'm'i
271 246 317 276 ad
332 256 404 277 xxv.
421 249 452 277 8.
483 244 712 285 mss-elinguas
726 251 837 278 autem
855 246 893 277 V.

172 289 205 320 C.
227 287 298 320 Obs.
316 289 350 319 ii.
367 291 397 321 5.
427 289 576 327 ostendit,
593 289 676 330 quod
693 291 733 321 de
757 290 898 321 Tarento

166 334 246 363 dicit
274 333 392 371 Cicero,
413 335 440 364 si
469 333 600 364 Livium
624 344 810 373 sequamur,
835 344 897 364 mm

167 377 212 407 ad
224 376 440 408 Salinatorem
445 377 519 416 ‚sed
528 376 573 408 acl
580 377 710 408 Idolum
725 376 897 409 Macatum

162 422 336 460 pertinere.

218 464 250 495 C.
269 464 405 501 Lollius,
423 462 495 493 Att.
509 463 565 494 xii.
583 466 634 494 21.
659 464 794 504 quidam
810 463 898 494 Loli-

169 517 221 545 us,
240 512 277 538 ut
288 508 328 538 ad
345 507 416 537 Att.
433 507 465 537 ii.
483 509 513 538 2.
543 508 596 537 ubi
610 509 674 537 vid.
693 509 774 539 Ince.

217 551 257 582 L.
274 552 409 588 Lollius,
427 550 468 580 ad
486 551 559 580 Div.
576 552 642 581 viii.
661 555 691 582 8.

211 595 262 625 M.
281 596 417 631 Lollius,
435 594 526 624 verr.
544 595 589 624 iii
606 596 658 625 25.
685 594 725 633 Ω.
747 593 793 623 fil.
814 595 899 624 alius

169 643 220 669 est
237 637 283 668 M.
301 638 426 668 Lollius
448 637 628 668 Clodianus
640 638 740 668 Dom.
753 641 782 668 5.
800 638 830 667 6.
845 640 897 668 33.

211 681 255 723 Ω.
275 683 410 718 Lollius,
426 681 519 711 verr.
536 681 581 711 iii.
598 682 650 712 25.
682 690 782 720 eques
800 681 896 711 Rom.

169 725 205 756 in
221 725 344 755 Sicilia.

212 769 255 810 Ω.
275 769 408 804 Lollius,
425 767 464 807 Ω.
482 766 528 797 fil.
545 766 663 798 Verr.
657 768 702 798 iii.
727 770 779 799 25.

169 812 262 842 dium
279 812 447 842 accusavit
462 822 470 847 ;
496 811 672 842 occiditur.

213 856 347 892 Lollius,
369 854 441 885 Att.
465 855 498 885 ii.
524 857 555 886 2.
585 856 715 886 videtur
738 857 899 886 nonnullis

166 898 422 939 scriptor-fuisse.

213 944 394 982 lang-mus,
411 942 452 982 Q.
470 942 521 972 Fr.
539 942 572 972 ii.
590 943 620 972 6.
650 942 829 973 redemtor.

212 986 392 1027 Longinus,
424 990 468 1016 est
498 995 670 1024 cognomen
706 986 897 1016 Cassiorum.

168 1029 225 1060 Or.
256 1031 277 1060 i.
308 1032 360 1061 60.
407 1029 533 1059 amicus
566 1029 703 1060 Antonii
736 1030 898 1067 Oratoris,

166 1073 329 1111 historiae,
347 1073 434 1113 jux-is
455 1073 544 1113 publ.
562 1077 596 1103 et
613 1074 826 1112 antiquitatis
842 1084 898 1114 pe-

165 1118 358 1148 ritissimus.
383 1127 413 1146 v,
440 1121 511 1147 not.
535 1117 586 1147 ad.
610 1117 642 1147 h.
667 1116 689 1146 l.
719 1116 772 1148 Dc
793 1118 900 1148 eodem.

164 1162 309 1200 intellige
332 1161 444 1191 Plane.
461 1162 514 1192 24.
529 1162 556 1191 si
570 1171 669 1191 sanus
684 1165 728 1191 est
745 1163 841 1192 locus.
863 1162 899 1192 C.

173 1205 299 1235 Cassius
316 1205 494 1244 Longinus.

212 1248 263 1279 Ti.
280 1249 425 1288 Longus,
442 1248 541 1278 Corn.
565 1248 587 1278 i.
612 1248 737 1278 Consul
760 1258 837 1278 cum
862 1248 897 1278 P.

166 1291 324 1323 Africano
339 1290 419 1331 maj.
436 1302 467 1322 a.
484 1300 574 1322 Dux.

218 1336 252 1367 C.
281 1336 451 1373 Lucceius,
477 1336 513 1365 C.
538 1335 572 1365 F.
598 1335 718 1366 Hirrus
742 1335 897 1375 Pupinia,

167 1379 210 1410 ad
241 1379 317 1410 Div.
347 1380 414 1410 viii.
446 1381 476 1411 2.
509 1379 603 1409 Coelii
635 1379 837 1420 competitor
863 1379 898 1409 in

167 1423 341 1454 aedilitate.
357 1433 387 1453 v.
404 1424 439 1453 in
455 1423 588 1454 Hirrus.

216 1466 271 1497 Cu.
292 1467 462 1504 Lucceius,
480 1466 551 1497 Att.
569 1466 632 1497 xvi.
650 1469 681 1497 5.

811 768 899 799 Cali-

211 1511 254 1541 L.
271 1511 440 1547 Lucceius,
456 1511 496 1550 Ω.
515 1510 566 1540 Fr.
582 1510 653 1540 Att.
671 1513 714 1540 ix.
741 1513 768 1540 l.
800 1510 898 1540 Pom-

168 1555 243 1594 peio
260 1554 447 1591 familiaris,
464 1554 552 1594 apud
569 1564 646 1584 eum
663 1563 821 1593 magnam
840 1554 897 1584 ha-

167 1599 226 1628 bet
249 1598 499 1628 auctoritatem.
516 1598 587 1627 Att.
612 1598 632 1627 i.
661 1601 709 1627 11.
741 1597 897 1628 inimicus

166 1642 207 1672 fit
222 1636 373 1672 Atti-izi.
393 1644 442 1676 17.
475 1641 509 1671 in
533 1641 646 1671 animo
661 1641 762 1671 habet
779 1651 897 1671 eonsu-

167 1684 276 1715 latum
301 1693 424 1725 petere.
443 1685 485 1715 ad
508 1685 584 1715 Div.
609 1695 638 1715 v.
659 1686 708 1716 153.
740 1684 899 1715 historica

167 1729 238 1768 ejus
254 1728 396 1759 facultas
412 1727 581 1765 laudatur,
597 1732 632 1758 et
648 1729 689 1758 ab
705 1738 745 1758 eo
770 1728 898 1758 Consu-

167 1771 275 1802 latum
291 1782 390 1802 suum
405 1772 503 1802 scribi
519 1771 593 1802 vult
610 1772 736 1802 Cicero.
754 1772 794 1801 de
812 1771 898 1802 bello

166 1814 286 1846 Italico
311 1820 346 1845 et
373 1815 470 1846 Civili
493 1816 638 1856 scripsit.
671 1816 762 1846 Idem
785 1825 898 1846 nomen

165 1860 306 1890 occurrit
322 1859 364 1889 ad
379 1859 455 1889 Div.
472 1859 540 1890 xiii.
557 1862 609 1890 41.
635 1858 716 1890 Coel.
738 1863 786 1891 10.
811 1858 899 1902 Ejus

165 1905 296 1943 epistola
312 1907 356 1933 est
372 1902 414 1932 ad
428 1903 504 1934 Div.
522 1914 550 1932 v.
572 1905 619 1934 14.

212 1947 256 1977 P.
274 1947 443 1984 Lucceius,
460 1946 502 1976 ad
517 1947 594 1977 Div.
612 1946 669 1977 xii.
686 1948 738 1978 25.
762 1949 814 1978 30.
845 1947 899 1977 ubi

165 1990 300 2032 quidam
318 1991 413 2023 libri.·
439 1990 596 2021 Luccius.

211 2035 255 2075 Q.
269 2033 439 2073 Lucceius,
455 2033 483 2064 V
485 2043 548 2065 err.
565 2043 596 2064 v.
612 2034 665 2065 64.
689 2033 897 2074 argentarius

169 2077 352 2117 Rhegiuus.

212 2121 381 2159 Lucceius,
408 2120 517 2152 Flacc.
542 2124 595 2152 33.
623 2121 829 2162 subscriptor
853 2121 897 2152 D.

167 2164 264 2196 Laelii
282 2169 398 2195 contra
414 2165 581 2196 Flaccum.

213 2209 384 2246 Lucceius,
401 2209 449 2239 M.
465 2208 500 2239 F.
518 2209 559 2238 ad
575 2209 647 2238 Att.
662 2217 694 2238 v.
712 2209 764 2239 21.

213 2251 258 2282 P.
278 2252 431 2290 Luce-ius,
455 2251 498 2283 ad
521 2252 599 2283 Div.
625 2251 682 2282 xii.
708 2253 762 2283 25.
792 2255 837 2282 esc
862 2251 898 2282 P.

168 2294 347 2327 Lucceius.

213 2338 375 2376 Lucilius,
392 2339 449 2370 Or.
466 2339 500 2369 ii.
519 2342 572 2374 70.
602 2339 705 2370 nescio
726 2339 806 2379 quis.
837 2337 899 2369 Pa·-

166 2383 266 2421 graius
280 2393 296 2413 e
310 2387 377 2413 vet«
394 2383 466 2414 Coel.
481 2384 560 2423 legit
575 2382 751 2420 Lucullus,
768 2386 799 2412 et
813 2384 900 2422 capit

168 2427 419 2466 depatreillius,
429 2427 483 2467 qui
495 2427 614 2457 bellum
629 2426 777 2458 Miehrid.
789 2428 899 2465 gessit.

215 2469 371 2500 Lucilius
386 2470 521 2509 Bassus,
548 2471 620 2502 Att.
649 2470 706 2511 xii.
734 2472 764 2500 5.
793 2468 900 2500 malus

171 2518 300 2544 auctor.

221 2556 253 2587 C.
271 2557 432 2593 Lucilius,
451 2560 559 2596 poeta.
575 2557 632 2588 Or.
649 2558 682 2588 ii.
699 2557 731 2587 6.
762 2565 824 2586 nee
844 2556 901 2586 do-

172 2599 330 2630 ctissimis
355 2610 416 2629 nec
441 2600 677 2631 indoctissimis
700 2611 734 2630 se
758 2601 900 2630 seribere

172 2643 265 2673 dicit.
298 2643 376 2673 ibid.
408 2643 429 2673 i.
461 2644 509 2674 16.
540 2644 695 2675 inimicus
720 2643 761 2684 Ω.
787 2644 901 2674 Mucio

172 2685 458 2724 Seaevolae‚.homo
481 2686 598 2717 doetus
621 2693 655 2717 et
682 2687 900 2728 perui-banus,

165 2731 345 2760 neminem
361 2734 527 2760 oratorem
541 2731 675 2768 statuit,
692 2731 749 2770 qui
770 2740 837 2760 non
858 2731 901 2760 sit

173 2773 328 2804 omnibus
359 2771 548 2803 liberalibus
578 2775 705 2804 artibus
741 2774 901 2804 imbutus.

174 2816 217 2846 ad
233 2815 312 2846 Div.
326 2816 382 2846 xii.
400 2817 450 2846 16.>
462 2815 597 2847 libertas
613 2818 684 2856 ejus
695 2818 731 2848 in
742 2818 901 2858 perstrin-

175 2858 291 2899 gendis
307 2858 508 2889 homiuibus.

218 2903 259 2935 L.
277 2901 426 2935 Lucilius
439 2902 574 2942 Balbus,
589 2904 685 2935 Brut.
697 2904 753 2937 42.
766 2903 901 2945 doctus,

670 111 818 141 INDEX
847 111 1127 142 Hls'romcUS.

938 204 1007 234 Ser.
1026 203 1163 244 Sulpicii
1188 209 1382 244 praeceptor.
1415 202 1669 244 Cor-radusfra-

938 251 1043 321 them
1046 253 1144 287 putat
1174 249 1304 290 Quinti,
1336 253 1365 278 et
1390 252 1520 288 patrem
1553 249 1594 279 L.
1622 247 1670 279 ad

977 301 1007 320 w
1037 291 1081 321 111.

983 335 1024 364 L.
1043 335 1200 371 Lucilius,
1214 335 1255 365 ad
1271 335 1366 366 Div.
1361 336 1406 365 iii.
1425 339 1453 365 5.
1471 335 1600 365 videtui
1615 337 1665 365 in-

939 380 989 407 ter
1004 378 1097 418 Appu'
1102 381 1237 419 pulchri
1247 381 1371 409 comites
1383 381 1415 409 in
1433 377 1665 417 (silicia-luisse.

982 421 1026 460 ,Q-
1059 422 1205 452 Lucilius
1234 423 1368 459 Balbus,
1402 423 1478 452 Nat.
1509 422 1551 452 D.
1582 421 1603 451 i.
1635 422 1666 451 6.

940 464 1083 502 stoicus,
1099 465 1222 495 Graecis
1243 476 1312 506 par.
1334 467 1446 506 ltaque
1468 468 1566 496 etiam
1590 466 1612 495 l.
1631 465 1665 494 ii.

938 507 1106 537 inducitur
1129 519 1145 539 e
1168 508 1344 540 Smin-orum
1370 511 1540 549 disciplina
1566 509 1667 548 eupli-

939 561 1016 580 cans
1032 553 1135 581 locum
1151 552 1190 582 de
1206 553 1344 583 AVulura
1363 553 1518 583 Dum-um.

984 596 1073 624 Sext.
1091 595 1249 632 Lucilius,
1267 596 1308 626 ad
1325 597 1392 626 Att.
1410 607 1439 627 v,
1459 600 1510 628 20.
1540 595 1579 626 Τ.
1602 594 1667 624 Ga-

939 637 982 666 vii
1007 638 1172 678 Caepionis
1194 639 1239 668 fil.
1265 640 1342 670 trib.
1368 640 1436 670 mil.
1461 641 1496 670 in
1518 639 1668 669 exercitu

940 680 1062 711 Bibuli.

985 725 1145 762 Lucilius,
1164 725 1204 755 ad
1219 726 1294 756 Div.
1312 726 1368 756 xii.
1389 729 1438 756 13.
1471 726 1574 757 Classi
1598 725 1666 756 Do-

941 767 1068 799 labellae
1086 770 1261 808 preelectus
1278 770 1310 799 in
1332 769 1409 799 Asia
1432 775 1506 809 post
1528 769 1667 800 Caesaris

940 818 1096 843 mortem.
1114 812 1180 843 Sed
1192 815 1268 852 quia
1279 813 1447 853 Applanus
1462 813 1501 843 L.
1514 812 1667 852 Figulum

941 857 1028 885 hunc
1044 854 1236 896 proefeclum
1247 856 1358 896 juisse
1378 858 1467 894 dicit,
1482 860 1669 895 corruptum

941 900 1042 929 locum
1060 901 1121 930 viri
1136 901 1217 930 docti
1227 901 1443 940 suspicantur.
1468 900 1671 930 Manutiuse

947 942 1039 973 Codd.
1057 944 1122 982 legi
1136 945 1255 974 volcbal
1268 957 1277 973 .·
1302 943 1436 974 Lucius.
1457 943 1669 974 Proenomz'na

940 987 1026 1015 enim
1042 987 1203 1017 interdum
1219 997 1278 1027 pro
1290 989 1468 1018 nominibus
1482 992 1542 1018 aut
1557 996 1669 1025 coguo-

942 1030 1265 1070 mz'uibusponuntur.
1287 1031 1455 1062 Victorius
1467 1031 1669 1071 suspicatur,

941 1073 981 1103 ei*
991 1073 1117 1103 Lucilio
1133 1084 1318 1113 cognomen
1336 1075 1441 1114 Figuli
1457 1075 1570 1105 fuisse.

986 1117 1154 1155 Lucretia,
1185 1118 1334 1148 Lucretii
1364 1119 1555 1159 Tricipitini
1587 1117 1668 1148 filia.

940 1159 1022 1199 ch.
1038 1162 1073 1191 ii.
1089 1164 1121 1191 4.
1153 1161 1192 1191 de
1210 1161 1278 1191 Fin.
1296 1162 1329 1192 ii.
1345 1164 1399 1194 20.

983 1204 1033 1234 M.
1053 1205 1241 1242 Lucretius,
1258 1205 1350 1236 verr.
1367 1207 1388 1235 i.
1405 1210 1435 1240 7.
1453 1206 1603 1236 Senator.

984 1248 1027 1288 Q.
1045 1249 1219 1279 Lucrctz'us
1240 1249 1397 1290 Vespillo.
1421 1249 1517 1280 Brut.
1534 1253 1587 1281 48.
1609 1248 1670 1279 Ju—

942 1291 986 1322 ris
1005 1293 1142 1332 peritus.

983 1336 1027 1376 ,9.
1060 1336 1246 1372 Lucretius,
1271 1336 1343 1367 Att.
1376 1337 1419 1366 iv.
1455 1336 1504 1366 16.
1535 1340 1671 1366 accusat

940 1379 1101 1410 Drusum.
1126 1381 1181 1409 vii.
1206 1382 1258 1410 224.
1282 1382 1333 1411 25.
1357 1380 1530 1410 familiaris
1554 1379 1670 1410 Cassii.

939 1423 1008 1453 viii.
1022 1426 1054 1454 4.
1082 1423 1240 1453 Sulmone
1257 1423 1356 1462 fugit.

986 1466 1022 1497 T.
1037 1467 1209 1497 Lucretius
1222 1467 1336 1497 Carus.
1348 1468 1388 1508 Ω.
1406 1467 1457 1497 Fr.
1473 1467 1507 1497 ii.
1527 1470 1577 1497 11.
1599 1467 1670 1507 ejus

941 1514 1098 1550 poemata
1112 1510 1303 1541 laudantur.

987 1553 1046 1585 Cn.
1071 1554 1246 1592 Lucullus,
1263 1554 1334 1584 Att.
1357 1564 1409 1583 xV.
1439 1557 1464 1584 1.
1496 1553 1669 1584 familiaris

941 1598 1124 1635 Ciceronis,
1156 1603 1299 1629 matrem
1331 1598 1426 1628 effert
1443 1610 1450 1628 z
1489 1598 1524 1628 iu
1553 1597 1670 1627 funere

942 1641 1037 1672 adest
1054 1641 1181 1672 Cicero.

983 1686 1026 1716 L.
1045 1685 1222 1723 Lucullus,
1233 1685 1351 1726 Quint.
1373 1685 1422 1715 16.
1438 1684 1669 1724 Jurisperitus.

938 1728 1023 1769 ‚Quis
1035 1728 1151 1769 fuerit
1171 1731 1282 1760 nescio.
1300 1729 1482 1760 Probabilis
1504 1733 1548 1758 est
1570 1726 1671 1769 συνῄε-

938 1777 1035 1803 ctura
1051 1772 1096 1803 P.
1111 1773 1259 1803 Munatii
1274 1774 1464 1811 corrig-entis
1476 1784 1485 1802 .·
1508 1772 1548 1803 L.
1569 1771 1671 1802 Luci-

939 1815 1025 1846 lius:
1050 1817 1089 1846 de
1111 1827 1169 1856 quo
1191 1826 1303 1856 supra.
1335 1817 1399 1847 Nl„
1397 1817 1414 1845 ἰ’
1437 1820 1547 1846 tamen
1569 1819 1615 1845 est
1630 1817 1670 1852 is,

939 1862 994 1899 qui
1021 1860 1055 1889 in
1077 1860 1161 1899 Tog.
1187 1860 1291 1890 Cand.
1318 1864 1492 1890 accusator
1516 1858 1670 1889 Catilinae

938 1913 1129 1934 commemor
1130 1908 1230 1934 atur.-
1244 1914 1305 1943 que
1307 1914 1338 1933 m
1354 1904 1506 1934 Asconius
1516 1909 1671 1943 paratum

939 1947 1177 1986 eruditumque
1199 1952 1301 1978 vocat.
1335 1947 1401 1977 Sed
1427 1946 1608 1977 Crevierius
1631 1946 1670 1976 V.

945 1991 976 2021 C.
994 1991 1039 2021 ad
1053 1989 1201 2021 Fteznsh
1220 1991 1334 2031 Suppl.
1353 1991 1426 2021 Le'c.
1445 1990 1499 2020 cii.
1525 1994 1573 2024 19.
1604 2000 1672 2020 cor·

938 2036 1017 2073 rigi(
1046 2034 1231 2065 Lucceius:
1266 2039 1297 2064 et
1325 2034 1482 2074 intelligit
1509 2043 1598 2071 eum,
1627 2033 1674 2064 ad

939 2088 1035 2118 quem
1051 2084 1096 2109 est
1113 2079 1259 2118 pulchra
1282 2079 1341 2108 illa
1361 2078 1516 2108 ciceronis
1530 2078 1671 2117 epistola.

942 2122 1036 2153 Nam
1057 2122 1086 2161 1)
1104 2126 1272 2152 accusator
1292 2124 1345 2152 illc
1356 2120 1434 2161 suit
1455 2121 1616 2158 eruditus,
1634 2122 1668 2159 2)

936 2167 1050 2205 paullo
1074 2170 1146 2206 post
1164 2165 1304 2205 frustra
1333 2165 1541 2196 consulatum
1556 2166 1670 2204 petiit.-

940 2219 1010 2249 quoe
1021 2210 1094 2240 bene
1102 2210 1295 2240 conveniunt
1306 2209 1451 2239 Lucceio.
1473 2206 1506 2246 3)
1518 2208 1673 2239 Asconius

934 2255 1050 2293 paullo
1065 2257 1136 2293 post
1151 2256 1376 2283 commemorat
1391 2252 1524 2282 Lucceiz·
1543 2250 1671 2282 Oratio·

940 2307 1015 2326 nem
1039 2299 1073 2327 iu
1102 2297 1286 2328 Catilinam.
1317 2296 1435 2335 Itaque
1459 2295 1554 2325 valde
1574 2296 1672 2335 probo

947 2340 1097 2371 Crevierii
1112 2341 1345 2371 correctimaeem.

987 2383 1027 2414 L.
1059 2384 1223 2414 Lucullus
1250 2383 1334 2422 Tog.
1365 2382 1470 2413 Cand.
1497 2386 1672 2413 aecusator

943 2426 1108 2458 Catilinae.
1137 2428 1292 2458 Asconius
1306 2430 1404 2456 vocat.
1424 2430 1579 2466 paratum
1596 2436 1671 2456 eru-

942 2470 1128 2510 ditumque.

986 2514 1028 2545 L.
1046 2515 1220 2552 Lucullus,
1235 2524 1252 2544 e
1268 2513 1405 2544 Liciniis
1412 2513 1553 2553 plebeiis.
1575 2512 1671 2543 Brut.

940 2559 995 2588 21.
1007 2558 1046 2588 A.
1057 2558 1221 2588 Postumii
1236 2556 1346 2587 Albini
1363 2556 1499 2596 Collega
1513 2557 1547 2586 in
1561 2565 1671 2586 consu-

943 2603 1016 2631 latu
1038 2611 1070 2632 a.
1093 2609 1177 2632 neu.
1199 2600 1300 2631 Acad.
1325 2601 1366 2630 iv.
1389 2603 1442 2631 45.
1473 2599 1511 2630 L.
1536 2599 1671 2630 Luculli

943 2654 1035 2675 avus.

987 2689 1029 2719 L.
1048 2688 1220 2724 Lucullus,
1240 2687 1281 2718 L.
1300 2687 1336 2717 F.
1353 2685 1397 2719 L.
1414 2686 1462 2717 N.
1486 2685 1550 2717 Off.
1568 2686 1602 2716 ii.
1621 2687 1671 2716 16.

943 2731 1044 2762 Acad.
1065 2732 1107 2762 iv.
1133 2734 1160 2762 1.
1190 2730 1372 2761 ulciscendi
1389 2739 1488 2760 causa
1503 2730 1673 2760 accusavit

945 2775 1123 2806 Servilium
1142 2784 1316 2814 augurem,
1332 2776 1388 2813 qui
1402 2778 1534 2814 patrem
1557 2774 1596 2803 de
1612 2782 1671 2813 pe-

945 2821 1059 2849 culatu
1075 2829 1170 2849 reum
1179 2817 1325 2858 jecerat,
1341 2817 1435 2847 Plut.
1453 2827 1488 2857 p.
1503 2819 1579 2851 491.
1617 2817 1672 2847 De

945 2861 1017 2903 ejus
1032 2863 1180 2892 laudibus
1195 2865 1225 2892 et
1239 2862 1333 2892 rebus
1344 2862 1444 2899 gestis
1465 2863 1534 2900 lege
1548 2862 1582 2890 in
1599 2861 1672 2900 pri-

946 2907 1008 2937 mis
1029 2905 1130 2938 Acad.
1154 2907 1197 2936 iv.
1225 2908 1252 2936 1.
1276 2914 1340 2946 sqq.
1363 2904 1442 2936 ibid.
1466 2903 1673 2936 Antiochum
