1804 3178
628 151 774 184 rumix
804 132 1098 183 mrim-raris.

1522 152 1599 189 2⁵1

117 239 309 280 mod-nune
333 240 475 273 mmm·
490 239 608 277 surgit.
629 240 840 279 Quamquam
884 241 978 279 cujus
1008 241 1257 273 damnationem
1279 249 1338 274 aut
1361 244 1604 279 absolutionem

118 283 292 316 anenb.
315 284 358 317 ad
378 284 451 315 Liv.
474 282 518 313 xl.
538 285 588 313 1³.
611 293 669 322 per
691 283 842 323 pleonas-

119 336 214 359 num
242 327 319 358 addi
350 331 461 368 putat,
485 326 670 356 concedens
694 333 843 356 ceterum

118 380 196 402 cum
229 371 367 402 Dukcro
389 370 430 400 ad
454 369 540 400 xxix.
573 372 620 403 17.
655 379 743 399 nunc
771 380 843 399 cnm

120 416 266 446 maxime
301 421 389 445 recte
419 413 496 444 dici.
544 413 590 443 Ex
622 413 672 443 bis
701 413 845 452 judicari

119 458 222 489 etiam
248 462 359 499 potest
385 456 426 486 de
453 457 689 492 controversia,
713 466 755 486 an
782 457 846 486 diei

119 501 224 532 etiam
247 501 351 541 possit
373 505 441 530 tum
467 509 621 537 mantne,
638 508 675 530 ut
700 500 733 529 in
759 500 846 530 libris

120 544 191 576 cie.
214 545 316 576 etiam
338 544 497 579 occurrit,
514 552 552 574 ut
575 546 631 573 Or.
650 544 671 573 i.
692 546 739 573 13.
764 551 847 574 extr.

121 587 210 627 quod
230 591 349 624 eontra
370 587 537 617 Graevimu
563 586 745 617 defendunt
769 587 848 617 cor-

119 631 189 662 tius
204 629 245 661 ad
269 629 354 661 Plin.
379 629 499 670 E1›.ix.
521 633 567 661 13.
597 638 632 660 et
656 630 784 661 Duker.
807 630 849 660 ad

121 673 206 705 Flor-
234 674 268 704 ii.
297 674 345 704 16.
377 680 412 704 et
439 673 510 704 Liv.
538 674 582 704 xl.
610 677 658 705 13.
703 674 848 711 Scilicet,

120 716 404 757 quemadmodum
421 717 486 747 «lici
504 723 627 758 potest,
641 727 728 747 nunc
745 718 848 747 maxi-

121 770 189 799 me,
213 770 286 801 pro,
315 770 405 790 nunc
435 767 474 790 ut
501 771 584 803 cum·
608 771 767 793 maxim&
803 770 849 790 sic

121 804 225 835 etiam
250 809 322 834 tum
348 804 506 842 maxime,
531 815 590 844 pro
613 810 700 841 tum,
716 809 754 834 ut
776 814 850 834 cam

121 849 277 878 mariti-e.
321 847 386 878 Sed
410 847 492 877 illud
515 848 635 878 ialsum
654 856 717 885 est,
735 857 850 886 quem-

122 891 303 922 admodum
330 893 551 922 cummaxime
575 901 634 931 pro
658 900 747 920 nunc
770 891 850 920 dici-

122 939 192 972 tur,
209 935 258 965 ita
271 940 346 965 tum
364 935 506 964 maxime
523 944 582 975 pro
599 942 679 973 tunc
696 934 771 964 dici.

170 977 359 1009 cumulare.
386 978 456 1008 Att.
486 978 527 1008 iv.
559 981 585 1008 1.
613 975 654 1008 ad
680 979 851 1008 cumulan-

124 1021 207 1052 dum
220 1021 393 1061 gaudium.
421 1020 492 1051 Fin.
509 1031 538 1050 v.
561 1024 609 1052 14.
634 1022 722 1060 quod
739 1031 851 1052 cumu-

124 1066 218 1096 latur
228 1075 271 1095 ex
281 1065 476 1104 integritate
492 1066 636 1104 corporis
653 1071 684 1095 et
703 1075 741 1094 ex
760 1075 852 1095 men-

122 1109 168 1140 tis
197 1108 327 1138 ratione
353 1107 520 1147 perfecta:
556 1108 589 1138 h.
614 1118 642 1138 e.
667 1109 851 1149 perficitur,

125 1150 322 1182 absolvitur.
364 1152 423 1181 Or.
456 1152 503 1182 iii.
534 1153 587 1182 24.
627 1151 851 1190 eloquentiam

122 1196 305 1226 “malm-e.
336 1194 416 1226 Coel.
438 1196 486 1225 16.
515 1204 606 1225 nunc
623 1195 705 1225 mihi
721 1195 853 1225 animus

124 1237 232 1276 ardet,
245 1244 281 1269 et
292 1247 405 1269 meum
417 1247 474 1268 cor
483 1240 676 1270 cumulatur
688 1239 746 1268 ira.
763 1239 852 1268 Sext.

123 1284 178 1313 40.
206 1281 269 1312 hoc
292 1287 344 1313 est
366 1281 521 1322 perfectae
536 1283 774 1322 cumulumque
791 1284 854 1312 xir-

123 1325 219 1357 tutis.

185 1368 341 1400 Cum-tari
375 1378 436 1409 pro
465 1368 678 1409 percunctari
708 1368 780 1399 Att.
809 1369 853 1399 xi.

174 1455 326 1492 Quietus,
350 1465 409 1495 pro
431 1459 534 1486 totus.
558 1454 656 1486 Arch.
680 1457 710 1485 3.
735 1460 852 1486 cuncta

126 1498 273 1530 Graecia:
306 1499 395 1537 quod
418 1498 619 1529 imitandum
646 1504 747 1538 negat
769 1499 855 1530 Bur-

126 1552 243 1574 mann.
258 1541 301 1573 ad
316 1542 432 1582 virgil.
454 1543 530 1572 AEn.
548 1542 569 1572 i.
588 1544 662 1573 233.

174 1585 276 1626 Cupa.
308 1585 422 1616 Pison
433 1587 486 1619 27.
514 1586 608 1625 panis
623 1590 724 1624 atque
739 1595 854 1615 unum

125 1629 167 1661 de
183 1628 321 1670 propola
335 1633 435 1669 atque
455 1629 495 1660 de
512 1639 606 1669 cupa.
639 1628 665 1658 (¹
665 1638 728 1668 upa
743 1634 795 1658 est
809 1629 856 1658 fe-

128 1673 222 1705 mina
234 1682 309 1713 quae
324 1673 440 1704 vinum
457 1673 492 1703 in
508 1682 661 1712 caupona
678 1672 803 1710 vendit,
818 1677 856 1702 ut

125 1715 276 1756 propola,
291 1717 347 1755 qui
366 1726 498 1757 panem.
531 1715 596 1746 Alii
612 1722 727 1745 tamen
743 1715 783 1745 de
799 1715 856 1746 do-

126 1759 189 1791 lio·
180 1765 456 1800 interpretantur.
471 1759 534 1791 vid.
542 1760 659 1790 Burm.
669 1758 854 1790 adsuetou.

127 1803 245 1835 chud.
261 1806 315 1834 40.

175 1846 331 1887 Cupedioe.
354 1846 517 1887 appetitio
529 1845 757 1876 vehementior
768 1847 857 1876 cibo-

128 1900 205 1922 rum
221 1890 453 1921 delicatorum.
475 1889 576 1920 Tusc.
593 1891 635 1920 iv.
658 1892 704 1919 11.

176 1933 355 1973 Cupiditas.
381 1934 481 1964 Tusc.
498 1933 540 1963 iv.
553 1936 604 1963 31.
632 1932 793 1973 cupiditas
806 1937 857 1963 est

127 1977 247 2008 effusio
269 1977 373 2007 animi
399 1977 433 2007 in
456 1976 656 2017 appetendo,
677 1981 715 2006 ut
738 1976 858 2006 laetitia

129 2021 164 2052 in
195 2020 347 2052 fruendo.
375 2020 565 2059 diciturque
596 2029 664 2050 non
695 2019 792 2049 modo
817 2020 858 2050 de

130 2073 267 2103 genere,
283 2064 341 2094 sed
363 2063 466 2094 etiam
490 2063 530 2093 de
552 2064 676 2103 specie,
692 2070 730 2093 ut
747 2063 786 2093 de
801 2073 858 2103 spe

129 2107 195 2138 off.
220 2108 310 2139 i.21.
340 2107 398 2137 ubi
420 2107 602 2147 opponitur
625 2107 750 2137 metui:
776 2107 858 2137 item

131 2150 250 2181 Partit.
277 2153 308 2181 3.
337 2150 391 2180 ubi
415 2158 467 2180 est
489 2160 563 2187 spes
585 2151 767 2188 conjuncta
782 2160 858 2181 cum

129 2194 335 2235 appetitione
359 2194 482 2233 aliqua,
499 2198 538 2224 ut
558 2202 699 2233 semper.
727 2193 791 2223 Sed
811 2194 861 2223 in-

131 2238 248 2278 primis
270 2238 432 2278 cupiditas
455 2237 577 2267 dicitur
597 2236 637 2266 de
654 2236 806 2275 avaritia,
823 2237 862 2267 li-

131 2281 258 2318 bidine,
274 2287 309 2311 et
331 2281 437 2311 nimio
460 2280 622 2310 honorum
648 2289 862 2319 magnarum-

130 2334 196 2364 que
213 2334 325 2355 rerum
341 2324 464 2355 studio.
488 2323 622 2354 Cluent.
640 2325 692 2354 55.
716 2323 772 2361 qui
790 2325 860 2354 sine

130 2368 308 2409 eupiditate
319 2369 486 2404 vixerunt,
498 2367 658 2398 dicuntur
669 2366 726 2406 qui
741 2366 862 2406 integri

131 2415 212 2445 sunt
226 2412 268 2443 ab
284 2412 425 2442 avaritia
434 2415 469 2441 et
479 2410 629 2451 pecuniis
641 2409 759 2449 captis.
777 2410 862 2441 Phil.

131 2455 180 2486 iii.
201 2458 250 2486 10.
273 2455 364 2487 Naso
383 2464 498 2485 carens
512 2454 603 2484 omni
620 2453 815 2493 cupiditate,·
840 2455 861 2484 i.

131 2508 162 2530 e.
190 2508 259 2530 non
285 2506 446 2539 appetens
474 2497 688 2537 provinciam.
722 2495 816 2527 νει-ι’.
841 2498 863 2528 i.

131 2543 186 2574 36.
216 2542 377 2583 cupiditas
402 2542 436 2572 in
462 2551 502 2571 eo
530 2550 663 2579 genere,
691 2539 731 2569 de
759 2541 863 2570 nimio

132 2586 243 2617 studio
273 2585 457 2625 signorum.
489 2584 564 2614 Act.
587 2584 608 2614 i.
633 2584 669 2613 in
692 2582 786 2614 Verr.
815 2586 863 2615 12.

131 2629 294 2670 cupiditas
315 2629 439 2660 dicitur
453 2628 493 2658 de
509 2634 650 2668 patrono
672 2636 862 2664 causarum,

132 2673 190 2712 qui
201 2682 334 2713 semper
343 2672 492 2703 obtinere
505 2671 575 2701 vult
587 2679 735 2707 causam,
747 2680 863 2709 quam-

133 2716 181 2746 vis
197 2716 370 2755 injustam.
384 2716 442 2754 qui
458 2724 595 2755 regnare
612 2714 645 2743 iu
655 2713 792 2752 judiciis
804 2724 860 2744 cu-

133 2759 197 2799 pit,
220 2764 262 2790 ut
282 2759 494 2790 Hortensius.
526 2759 544 2776 *
558 2757 598 2788 de
615 2756 787 2795 judicibus
810 2757 861 2787 in-

133 2802 251 2842 primis
273 2803 434 2842 cupiditas
455 2802 591 2839 dicitur,
607 2801 662 2839 qui
688 2806 768 2831 sunt
792 2810 866 2840 par-

133 2845 222 2876 tium
238 2845 393 2884 studiosi,
409 2847 568 2885 quoniam
580 2844 709 2875 scilicet
722 2849 782 2874 aut
792 2844 868 2873 odio

134 2892 197 2920 aut
226 2898 340 2920 amore
369 2889 477 2927 ducti,
508 2889 608 2920 nimis
637 2887 867 2924 vehementer,

133 2931 238 2964 cuam
265 2937 386 2965 eontra
406 2932 496 2972 leges
519 2937 554 2964 et
576 2931 786 2971 religionem,
808 2930 868 2962 ali-

886 284 1038 323 cupiuut.
1062 284 1208 315 Marcell.
1224 290 1255 319 9.
1277 287 1347 316 sine
1364 290 1533 327 “uptdclate
1550 292 1607 330 ju-

887 327 1008 357 dicare.
1029 327 1254 362 Planc.1'.'.·‹lc
1277 339 1365 368 qum:
1354 331 1468 361 inore:
1493 333 1606 364 volun-

889 377 996 400 tatem
1023 380 1103 409 erga
1129 372 1191 400 Cn.
1223 371 1345 402 l'lancii
1371 373 1510 405 s.1luu·u.
1538 379 1607 407 tine

889 413 958 443 ulla
972 415 1147 453 cupedutaae
1162 424 1227 453 pra.⁸
1241 425 1274 444 se
1288 416 1361 446 fert.
1374 417 1414 445 cf.
1435 417 1538 449 naec.
1561 422 1607 450 10.

892 456 985 486 Fom.
1008 462 1039 491 9.
1063 457 1155 487 Verr.
1176 457 1196 487 i.
1217 460 1242 486 1.
1268 458 1411 497 ‘Neque
1434 466 1547 491 tamen
1569 463 1608 491 de

891 500 1055 537 iudicibus
1078 500 1168 537 solis,
1187 501 1242 530 sed
1259 506 1291 530 et
1309 501 1347 531 de
1363 502 1447 540 aliis,
1465 511 1501 533 ut
1517 506 1609 535 testi-

891 544 951 573 bus
975 544 1035 574 ἃς.
1059 544 1114 583 qui
1138 553 1203 574 non
1222 544 1390 581 judicant,
1406 546 1528 576 dicitur
1550 547 1611 578 hoc

892 587 960 617 fere
985 597 1086 618 sensu
1107 588 1278 628 cupiditas.
1311 587 1415 618 Flacc.
1441 590 1491 619 26.
1523 590 1610 621 hisce

892 632 999 661 utitur
1028 630 1253 661 laudatoribus
1278 630 1423 668 Flaccus,
1448 631 1498 662 bis
1521 634 1613 663 inno-

892 674 1010 704 centiae
1028 676 1180 711 testibus,
1194 679 1231 705 ut
1242 674 1431 705 Graecorum
1446 676 1615 716 cupiditati

895 718 966 758 (qni
978 728 1022 748 sc.
1038 719 1070 748 in
1087 718 1254 755 Flaccum,
1267 718 1342 748 odio
1354 718 1459 755 ducti,
1474 720 1615 758 graviter

892 771 950 800 pro
962 762 1156 792 testimonio
1173 761 1337 799 dixerant)
1357 762 1547 793 Graecorum
1559 773 1617 793 au-

893 805 972 834 xilio
989 805 1191 835 resistamus.
1230 805 1296 841 Sic,
1312 805 1352 835 de
1368 805 1480 836 studio
1496 807 1541 836 rei
1556 817 1614 847 op-

895 848 1057 887 primendi
1087 848 1203 887 Quint.
1233 850 1263 880 2.
1294 849 1350 888 qui
1380 850 1518 880 summis
1547 851 1617 890 opi-

895 892 953 922 bus
969 892 1002 922 S.
1019 891 1172 922 Naexium
1188 891 1387 922 defendunt:
1403 893 1429 922 si
1446 893 1479 924 id
1494 899 1545 924 est
1561 894 1618 924 de-

894 934 1041 971 fendere,
1057 936 1227 975 cupiditati
1252 935 1384 965 alterius
1407 936 1619 977 obtempera-

896 988 941 1015 re,
953 990 1017 1017 quo
1037 979 1062 1008 is
1077 979 1220 1016 facilius,
1230 989 1327 1017 quem
1342 979 1432 1016 velit,
1443 980 1616 1020 iuiquoju·

894 1021 980 1051 dicio
991 1023 1093 1062 possit
1105 1023 1302 1062 opprimere.
1316 1024 1332 1040 “
1342 1023 1502 1054 tribuitur
1513 1024 1617 1054 etiam

895 1065 1076 1095 emtoribus
1100 1072 1134 1095 et
1158 1066 1426 1103 conductoribus,
1442 1067 1497 1105 qui
1515 1067 1620 1098 nimia

895 1118 952 1148 spe
978 1108 1061 1139 lucri
1079 1109 1175 1138 nimis
1200 1119 1273 1139 care
1297 1115 1413 1139 emunt
1428 1109 1478 1140 xel
1494 1110 1619 1141 condu-

896 1158 987 1182 cunt.
1013 1152 1084 1182 Ait.
1101 1152 1122 1182 i.
1140 1155 1172 1186 17
1184 1174 1191 1180 .
1213 1152 1338 1188 Asiani,
1352 1153 1406 1191 qui
1421 1152 1459 1183 de
1476 1154 1620 1184 censori-

897 1195 956 1225 bus
981 1195 1221 1232 conduxeraut,
1237 1196 1345 1233 questi
1369 1202 1448 1227 sunt
1471 1197 1503 1226 in
1524 1207 1619 1227 sena·

895 1242 947 1275 tu,
978 1248 1025 1275 se,
1055 1239 1231 1278 cupiditate
1268 1238 1448 1279 prolapsos,
1477 1240 1618 1271 nimium

899 1291 1022 1321 magno
1051 1282 1258 1312 conduxisse.
1290 1282 1308 1299 ¹*
1332 1281 1371 1312 de
1401 1292 1435 1313 re
1465 1283 1621 1322 deniqne,

897 1325 992 1363 cujus
1014 1326 1190 1364 cupzaitate
1213 1325 1400 1364 flagramus.
1431 1326 1472 1366 Ω.
1489 1326 1538 1357 Fr.
1554 1327 1576 1356 i.
1596 1329 1623 1357 1.

898 1379 926 1398 c.
944 1369 974 1398 6.
998 1378 1036 1398 ex
1053 1369 1286 1408 impurissimis
1309 1368 1458 1400 faucibus
1484 1370 1621 1401 inhone-

898 1412 1076 1442 stissimam
1093 1413 1300 1451 cupiditatem
1318 1413 1478 1452 eripuisti.

945 1456 1073 1495 Cupide.
1102 1456 1144 1485 ad
1167 1456 1242 1486 niv.
1267 1456 1330 1485 xvi.
1347 1459 1378 1489 9.
1410 1456 1548 1494 interea,
1565 1458 1622 1496 qui

897 1500 1009 1538 cupide
1040 1498 1177 1538 profecti
1207 1503 1298 1536 sunt,
1325 1498 1422 1529 multi
1450 1500 1623 1540 naufragia

899 1542 1058 1572 fecerunt.
1081 1541 1194 1572 vatin.
1214 1545 1261 1576 17.
1283 1543 1487 1582 cupidissime
1501 1543 1623 1575 falsum

898 1585 1130 1616 testimonium
1147 1585 1267 1615 dicere.

947 1629 1100 1669 Cupidus,
1118 1629 1261 1668 partium
1280 1628 1456 1660 studiosus.
1487 1629 1623 1661 cluent.

899 1674 951 1703 24.
979 1673 1116 1713 cupidus
1130 1679 1259 1710 auctor,
1275 1672 1318 1701 ef.
1343 1671 1464 1702 Caecin.
1481 1676 1512 1704 3.
1541 1674 1625 1704 Fon-

897 1717 954 1746 tei.
971 1716 1002 1746 6.

948 1759 1056 1800 Cupio.
1086 1757 1126 1798 Ω.
1145 1757 1195 1788 Fr.
1218 1758 1238 1788 i.
1256 1760 1286 1789 2.
1303 1761 1334 1790 3.
1357 1768 1418 1799 ego
1445 1759 1624 1791 Fundaniae

901 1812 968 1834 non
982 1804 1085 1842 cupio,
1102 1803 1123 1832 i.
1140 1811 1168 1831 e.
1184 1802 1289 1832 faveo.

948 1846 1035 1877 Cura
1057 1855 1116 1886 pro
1138 1846 1278 1882 curatio,
1297 1850 1335 1875 ut
1350 1846 1467 1876 morbi.
1491 1845 1533 1875 ad
1547 1845 1624 1876 Div.

900 1900 930 1920 v.
953 1892 1001 1920 16.
1024 1899 1106 1920 cura
1123 1888 1254 1918 doloris.
1271 1889 1335 1919 vid.
1352 1895 1422 1919 not.

948 1933 1085 1970 (arare,
1103 1941 1161 1972 pro
1176 1931 1364 1963 solvendam
1382 1933 1558 1971 pecuniam
1569 1942 1628 1962 cu-

901 1987 991 2014 rare,
1008 1977 1089 2007 item
1106 1976 1241 2006 solvere.
1265 1975 1306 2005 ad
1328 1975 1402 2006 Div.
1425 1976 1488 2005 xii.
1503 1979 1535 2008 9.
1558 1985 1626 2012 mc,

904 2021 956 2050 cui
982 2020 1149 2059 jussisset,
1173 2023 1381 2048 curaturum.
1414 2018 1491 2048 ibid.
1516 2027 1546 2048 v.
1572 2020 1626 2050 20.

904 2068 973 2093 erat
998 2064 1090 2093 nobis
1107 2066 1226 2092 carata
1241 2062 1383 2102 pecunia
1396 2061 1518 2092 Valerii
1534 2070 1627 2091 man-

904 2108 985 2147 cipis
1003 2107 1148 2137 nomine.
1164 2105 1206 2135 cf.
1228 2105 1298 2135 Ait.
1315 2106 1335 2135 i.
1349 2109 1378 2138 7.
1403 2114 1431 2134 v.
1444 2107 1496 2135 21.
1519 2103 1560 2144 Ω.
1576 2104 1627 2136 Pr.

905 2151 938 2180 ii.
962 2154 994 2181 4.
1025 2150 1142 2190 Ωιιίιιῐ.
1165 2151 1196 2179 4.
1228 2149 1282 2179 ubi
1304 2147 1366 2178 vid.
1390 2147 1550 2178 Passerat.
1567 2147 1627 2178 ἂρ.

905 2193 1022 2224 similis
1051 2193 1173 2233 ellipsis
1204 2197 1255 2222 est
1283 2193 1316 2222 in
1345 2191 1417 2221 hoc.
1448 2191 1519 2222 Att.
1546 2194 1573 2222 1.
1596 2194 1628 2222 3.

905 2238 1001 2276 signa
1025 2246 1098 2276 quae
1125 2236 1218 2266 nobis
1243 2236 1379 2271 curasti,
1405 2243 1450 2264 se.
1476 2233 1628 2265 emenda.

906 2281 1006 2310 *Fiir
1030 2281 1070 2310 iv.
1099 2283 1146 2313 19.
1177 2284 1215 2309 ut
1238 2278 1343 2309 ridere
1371 2287 1437 2307 non
1460 2281 1562 2308 caret.
1585 2278 1629 2309 ad

907 2324 980 2355 Div.
1008 2324 1029 2353 i.
1051 2328 1081 2358 9.
1113 2332 1220 2361 neque
1247 2331 1325 2351 sane
1352 2320 1458 2351 redire
1485 2325 1629 2352 curaret.

906 2368 924 2386 ¹*
936 2367 1044 2397 edere.
1068 2368 1124 2397 Or.
1142 2366 1187 2395 iii.
1203 2366 1254 2396 61.
1277 2374 1428 2395 caremus
1444 2373 1514 2394 nos.

954 2411 1063 2440 (lm-ia.
1084 2413 1110 2439 1.
1121 2418 1195 2448 pars
1205 2409 1373 2439 tricesima
1380 2407 1524 2437 civitatis
1533 2407 1630 2438 Rom.

908 2455 941 2485 in
958 2464 1038 2492 quas
1055 2460 1163 2492 partes
1182 2451 1343 2482 Romulus
1359 2460 1432 2481 eam
1450 2450 1630 2490 descripse-

908 2503 968 2528 rat.
986 2498 1083 2528 Dom.
1097 2498 1148 2530 ἐς).
1164 2495 1198 2525 si
1215 2494 1247 2525 id
1263 2497 1315 2526 30.
1331 2494 1631 2531 curiaejussissent,

907 2550 986 2571 num
1013 2540 1044 2570 id
1060 2539 1191 2578 jussum
1208 2544 1294 2568 esset
1312 2543 1433 2568 ratum.
1463 2539 1495 2568 2.
1530 2537 1631 2568 Curia

905 2593 1054 2622 quaequae
1078 2582 1266 2621 antiquitus
1293 2581 1410 2613 hahuit
1435 2580 1555 2618 aedem,
1577 2581 1632 2610 ubi

905 2636 999 2657 sacra
1013 2627 1112 2656 curia*
1126 2625 1250 2655 faceret
1267 2625 1387 2658 flamen
1403 2626 1515 2661 curae,
1532 2623 1633 2654 Curio

906 2671 1029 2707 dictus,
1039 2675 1073 2699 et
1085 2669 1139 2699 ubi
1151 2670 1289 2700 curiates
1301 2668 1519 2702 convenirent
1531 2666 1570 2697 de
1584 2676 1634 2696 re·

907 2714 966 2744 bus
981 2713 1215 2743 communibus
1231 2712 1349 2744 acturi.
1375 2711 1473 2742 Certe
1489 2710 1582 2740 Varr.
1592 2708 1631 2741 L.

906 2756 944 2789 1..
953 2766 982 2786 v.
991 2757 1022 2787 6.
1037 2756 1148 2787 curias
1159 2755 1239 2786 olim
1252 2755 1357 2788 dictas
1368 2764 1438 2785 esse
1453 2753 1568 2790 tradit,
1578 2752 1634 2783 ubi

911 2799 1099 2830 saeeidotes
1116 2809 1166 2829 res
1183 2799 1311 2830 divinas
1325 2801 1494 2834 curarent,
1511 2805 1584 2835 quoe
1600 2803 1636 2825 et

912 2842 1040 2883 templa
1062 2843 1126 2873 dici
1151 2848 1348 2883 potuerunt,
1364 2841 1442 2881 quia
1459 2841 1637 2879 inaugura-

911 2892 956 2918 tae
979 2891 1089 2924 erant,
1105 2886 1195 2916 unde
1217 2890 1254 2917 et
1275 2895 1335 2926 pro
1357 2882 1483 2924 templo
1501 2883 1633 2915 dicitur.

913 2926 1541 2972 vul-inpr.Sigon.Ant.Ju1-.civ.a
1556 2925 1590 2957 ii
1605 2927 1637 2956 3.
