1804 3235
638 156 783 185 'NDEX
804 154 1171 185 GEOGRAPmcUS.

129 246 166 280 in
192 247 291 279 ltalia
312 246 444 277 saluber
465 246 566 286 juxta
587 245 771 276 Numicum
795 256 864 276 am-

132 302 223 328 nem,
249 302 268 321 a
295 291 443 321 «luturna
466 289 633 329 Nympha,
659 289 699 319 dc
725 299 791 328 qua
814 294 865 320 est

131 346 184 377 up.
200 333 378 375 Virgilium
394 334 429 364 in
443 333 582 364 AEneide
600 332 730 364 ultima.

479 434 518 466 L.

177 513 304 550 Labici,
319 511 434 552 Agrar.
458 511 491 542 ii.
515 514 567 546 35.
589 512 747 552 oppidum
764 512 866 549 Latii,

133 557 220 597 quod
250 563 284 586 et
314 556 475 587 Labicum
504 555 638 593 dicitur,
670 566 689 585 a
722 566 787 595 qua
816 557 868 586 via

133 602 306 634 labicana
337 609 387 629 xv.
418 608 463 629 m.
497 608 528 638 p.
563 599 603 628 ab
635 599 724 629 urbe.
772 599 867 629 Unde

134 644 352 675 Labicanum.
391 642 549 673 Par-ado».
573 643 614 672 xi.
633 646 663 673 3.
687 653 766 682 ager
781 643 869 673 circa

133 687 307 728 oppidum.

179 731 392 767 Laconicum,
408 728 448 759 ad
463 729 533 759 Att.
544 729 585 759 iv„
602 733 649 760 10.
662 729 868 760 sudatorium

134 775 169 806 in
200 774 339 810 balneis,
365 774 399 803 in
430 773 699 812 hemisphaerium
726 773 868 803 aedifica-

133 825 223 855 tum‚
246 827 311 857 quo
335 817 517 847 utebantur
539 816 644 847 crudi.
689 815 870 846 Inventum

133 867 186 892 est
209 861 271 891 hoc
295 870 400 901 genus
429 870 449 892 a
475 860 758 891 Lacedaemoniis:
792 859 869 890 inde

135 914 271 936 nomen.
288 915 316 934 v.
333 904 416 934 lntt.
432 903 474 933 ad
490 903 616 933 vitruv.
633 913 662 933 v.
682 906 731 934 10.

180 948 337 985 Lai-am,
367 947 466 978 Tusc.
496 946 560 985 Qu.
590 947 612 976 i.
641 948 695 977 42.
734 946 872 977 foemina

135 993 301 1033 Spartana
314 1002 324 1029 ;
348 996 387 1021 ut
402 991 491 1022 Laco
506 990 546 1019 de
563 991 649 1020 viris.

179 1035 416 1074 Lampsacum,
433 1034 467 1063 in
483 1033 576 1064 Verr.
593 1034 613 1064 i.
630 1035 682 1064 224.
705 1034 782 1064 urbs
799 1033 872 1073 My-

134 1079 193 1111 niae
203 1088 229 1108 s·
243 1077 463 1117 Hellesponti.
487 1076 574 1107 Nam
593 1077 728 1107 Cicero:
748 1078 872 1116 lamp-

133 1132 249 1154 aeacum
268 1125 315 1152 est
333 1121 411 1151 urbs
428 1121 464 1150 in
481 1121 698 1159 Hellesponto.
744 1120 872 1150 Helles-

135 1171 259 1207 pontus
282 1170 396 1195 autem
421 1163 657 1204 complectitur
677 1164 780 1194 etiam
799 1164 872 1205 My-

134 1210 230 1241 siam.
247 1219 276 1239 v.
293 1208 533 1247 Hellespontus.

181 1253 389 1288 Lanuvium,
406 1261 464 1291 pro
485 1251 618 1282 Muren.
637 1255 690 1282 41.
712 1250 872 1291 oppidum

136 1296 246 1334 Latii;
269 1295 504 1335 municipium,
521 1295 616 1325 cultu
635 1295 778 1325 «lunonis
799 1296 874 1324 Sos-

136 1340 217 1415 ἕω
234 1338 374 1369 celebre.
420 1337 516 1368 Unde
535 1339 717 1377 Lanuvini,
733 1338 773 1368 de
793 1337 873 1369 Nat.

174 1407 182 1414 .
198 1383 220 1413 i.
236 1384 289 1417 29.

183 1426 415 1462 Lanuuinum,
446 1424 485 1455 de
516 1424 629 1456 Divin.
660 1425 682 1456 i.
713 1425 766 1456 36.
796 1435 875 1465 ager

137 1470 228 1501 circa
242 1469 443 1500 Lanuvium.

185 1513 414 1549 Lanuuinum,
438 1512 480 1542 ad
495 1511 566 1542 Att.
589 1512 633 1543 ix.
656 1516 687 1547 9.
711 1511 874 1553 praedium

137 1557 174 1588 in
189 1566 269 1596 agro
282 1555 469 1586 Lanuvino.

185 1600 362 1636 Laodicea,
378 1599 421 1629 ad
436 1599 507 1630 Att.
522 1609 552 1629 v.
573 1602 622 1630 15.
639 1609 712 1638 quae
731 1606 765 1629 et
782 1599 876 1630 Lau-

138 1644 243 1681 dicea,
263 1651 302 1673 ut
323 1643 500 1674 Laodiceni
523 1647 559 1672 et
581 1643 779 1680 Laudiceni,
796 1643 876 1673 dici-

138 1693 217 1725 tur;
241 1686 318 1717 urbs
341 1686 492 1726 Phrygiae
515 1687 660 1726 majoris,
677 1687 719 1717 ad
738 1687 876 1717 fluvium

139 1730 282 1771 Lycum,
295 1739 361 1760 non
374 1729 489 1770 procul
505 1729 544 1760 ab
560 1730 720 1770 Apamea.
746 1730 798 1760 De
815 1730 877 1760 hac

141 1773 322 1814 capiendus
351 1778 403 1803 est
426 1773 555 1811 Cicero,
579 1775 708 1812 quoties
731 1774 771 1803 de
794 1774 879 1804 Lao-

141 1817 237 1849 dicea
251 1817 428 1856 provinciae
445 1826 512 1847 suae
529 1817 694 1847 attributa
706 1817 864 1856 loquitur.

189 1861 352 1900 Lapithoe,
375 1860 410 1890 in
435 1860 543 1890 Pison.
572 1863 620 1892 10.
651 1861 687 1891 in
708 1860 881 1891 Thessalia

141 1903 270 1946 populi,
286 1903 405 1934 fabulis
420 1903 589 1934 celebrati.

187 1948 369 1984 Larinum,
385 1946 427 1976 acl
442 1947 513 1977 Att.
529 1948 571 1977 iv.
591 1949 640 1979 12.
662 1947 718 1977 vii.
741 1950 790 1978 13.
812 1948 880 1979 viii.

147 1994 198 2023 13.
229 1991 450 2030 municipium
469 1990 512 2021 ad
528 1991 610 2021 fines
626 1991 754 2031 Apuliae
772 1992 806 2021 in
823 1991 881 2021 Fe-

144 2034 311 2071 rentanis,
339 2034 382 2064 ad
408 2034 580 2064 dexteram
604 2033 732 2066 Tiferni
763 2035 881 2074 ripam.

144 2076 230 2109 lude
253 2078 405 2109 Lar-inus
427 2082 462 2108 et
489 2077 648 2117 Larinas,
665 2088 724 2119 pro
747 2077 881 2110 Cluent.

191 2164 380 2202 Laterium,
393 2164 435 2194 ad
451 2164 522 2195 Att.
538 2174 569 2195 x.
590 2167 617 2196 1.
638 2163 762 2195 fundus
774 2165 814 2205 Ω.
829 2165 883 2196 Ci-

150 2209 278 2239 ceronis
294 2209 329 2239 in
345 2208 499 2249 Arpinati
515 2217 604 2247 agro.
621 2209 710 2239 conf.
725 2209 768 2241 iv.
784 2213 815 2244 7.
841 2210 884 2241 ad

147 2252 214 2292 Ωιι.
230 2251 282 2282 Fr.
297 2251 344 2282 iii.
363 2255 391 2282 l.

193 2295 356 2332 Latiaris,
364 2305 424 2335 pro
435 2294 553 2325 Milon.
566 2298 618 2326 31.
635 2305 820 2335 cognomen
826 2296 884 2328 Jo-

148 2339 211 2376 vis,
223 2338 280 2378 qui
297 2338 394 2370 Latio
408 2339 576 2379 praesidet,
586 2339 620 2368 in
631 2339 730 2370 Latio
745 2340 882 2371 colitur:

149 2392 209 2424 pro
235 2391 300 2422 quo
325 2383 477 2413 scribunt
502 2382 557 2413 alii
586 2383 740 2414 Latialis.
768 2384 825 2414 sed
849 2384 884 2415 in

149 2425 293 2456 Gronov.
309 2425 452 2456 refertur
467 2425 508 2455 ad
524 2431 672 2456 montem
685 2438 690 2456 :
717 2427 804 2466 quod
816 2437 885 2458 ine-

149 2470 215 2501 rito
231 2469 444 2510 reprehendit
465 2468 623 2500 Graevius.
667 2470 765 2500 Mons
781 2472 885 2511 enim,

151 2513 192 2543 de
209 2522 274 2553 quo
289 2513 334 2542 ibi
349 2522 470 2550 sermo,
487 2519 538 2543 est
554 2514 716 2551 Albanus,
733 2524 800 2544 non
817 2515 885 2546 La-

151 2558 257 2588 tiaris.
294 2556 347 2588 De
369 2557 534 2596 scriptura
556 2567 585 2587 v.
601 2557 686 2587 viros
710 2557 823 2588 doctos
844 2558 887 2589 ad

153 2601 290 2631 Sueton.
315 2599 385 2640 Caj.
408 2601 460 2631 22.
506 2599 635 2631 Duker.
657 2606 693 2631 et
714 2600 887 2632 Drakenb.

152 2643 195 2675 ad
210 2643 282 2674 Liv.
298 2644 365 2673 xxi.
381 2644 434 2674 63.

198 2687 327 2724 Latini,
339 2686 452 2727 populi
468 2685 587 2725 Italiae,
604 2687 721 2718 incolae
742 2688 843 2719 Latii.

199 2730 418 2769 Lacinienses,
441 2730 482 2760 de
508 2730 684 2772 Haruspic.
710 2731 813 2772 Resp.
834 2733 888 2765 28.

152 2773 266 2807 iidem.

200 2817 356 2855 Latmus,
369 2817 470 2848 Tusc.
490 2817 512 2848 i.
528 2821 580 2850 38.
604 2827 700 2849 mons
718 2818 836 2857 Cariae,
853 2818 888 2849 in

153 2870 220 2901 quo
238 2860 424 2901 Endymion
440 2861 650 2893 obdormivit.

201 2904 318 2942 Latro,
333 2905 375 2936 ad
390 2904 430 2946 Ω.
446 2904 499 2938 Fr.
514 2905 549 2938 ii.
565 2905 596 2940 6.
625 2905 702 2939 urbs
723 2910 758 2938 et
773 2909 890 2948 portus

153 2946 310 2981 Etruria.

1578 147 1634 193 ⁴7

952 245 1169 281 Lavernium,
1191 245 1232 275 ad
1263 245 1333 276 Att.
1362 247 1416 276 vii.
1446 250 1475 277 n.
1515 257 1636 280 nomen

907 287 969 318 loci
987 295 1043 317 aut
1062 288 1129 318 fani
1145 300 1164 317 ει
1181 289 1335 318 laverna
1355 290 1425 319 Dra
1439 290 1530 320 dicti.

952 331 1228 371 [aurii-111ius‚pro
1253 332 1363 362 Plane.
1387 338 1417 366 9.
1448 333 1487 362 ab
1506 334 1637 366 Lavico.

907 384 937 404 v.
958 374 1084 405 Labici.

952 418 1176 453 Laurentum,
1192 418 1348 457 oppidum
1365 418 1463 448 Latii.

952 461 1111 497 Lemana,
1132 461 1171 490 dc
1193 461 1303 491 Dixin.
1325 462 1345 491 i.
1369 465 1421 492 33.
1448 463 1523 492 urbs
1547 462 1640 493 Buw·

908 505 985 541 tim,
1010 505 1051 534 ad
1075 514 1173 544 quam
1197 505 1312 534 funum
1338 511 1373 535 et
1400 514 1534 536 antrum
1560 506 1642 537 Tro-

910 548 1036 589 phuuii.

955 591 1112 627 Lemnus,
1126 590 1233 621 insula
1244 591 1359 621 Gra’ca
1371 591 1404 621 in
1419 593 1500 622 mari
1517 592 1641 631 AEgaeO.

912 634 1008 665 Unde
1033 635 1210 666 Lemnium
1233 645 1366 673 sci-cum,
1387 636 1427 665 de
1452 636 1523 666 fin.
1547 636 1584 667 Β.
1607 638 1641 667 ii.

911 680 963 713 29.

955 722 1113 753 Lemonia
1129 721 1246 758 tribus,
1263 721 1375 752 Plane.
1398 723 1444 753 16.

956 766 1126 796 Lem-urion
1139 765 1178 795 de
1194 765 1270 795 Nat.
1283 766 1325 795 l).
1340 766 1385 795 iii.
1406 769 1453 800 19.
1477 767 1641 807 templum

913 809 1062 839 Athenis.
1080 819 1108 838 v.
1126 808 1241 838 Suidas
1258 809 1292 839 in
1309 809 1465 852 λιυιόξιυ,
1477 811 1512 840 in
1528 811 1642 851 primis

911 852 1032 882 AElian.
1049 851 1086 881 V.
1106 851 1148 882 li.
1165 853 1219 882 xii.
1236 854 1288 883 23.

956 896 1181 932 Leonaticum,
1197 895 1237 925 de
1255 896 1331 926 Nat.
1349 897 1447 927 Deor.
1464 897 1509 927 iii.
1531 901 1579 933 19.
1599 899 1646 928 vi·

913 939 1011 969 detur
1027 949 1046 968 a
1062 938 1219 969 Cicerone
1237 940 1362 969 sactum
1380 941 1588 978 vocabulum,
1607 948 1646 973 ut

914 982 1058 1025 λιωκὸριον
1080 983 1298 1022 exprimeret3
1331 993 1389 1024 pro
1412 995 1476 1022 quo
1502 985 1645 1025 Leopar-

914 1026 974 1056 dus
1001 1032 1034 1055 et
1058 1026 1240 1056 Lambinus
1265 1027 1330 1057 Leo
1357 1031 1515 1058 naturum
1542 1030 1645 1070 conji-

914 1070 1059 1106 ciebant,
1076 1069 1235 1109 probante
1253 1079 1359 1110 nuper
1373 1071 1536 1103 homerio.

959 1113 1119 1150 Leontini,
1138 1113 1172 1142 in
1188 1113 1280 1143 verr.
1297 1114 1330 1143 ii.
1347 1115 1398 1144 66.
1423 1116 1498 1145 urbs
1523 1116 1643 1148 Sicilie·

915 1157 949 1186 in
975 1167 1032 1186 ora
1054 1157 1153 1186 maris
1180 1156 1283 1186 Siculi
1310 1157 1398 1187 inter
1424 1158 1586 1190 Catanam
1609 1168 1645 1191 et

915 1202 1116 1240 Syracusa-53
1138 1200 1263 1231 dicitur
1281 1206 1314 1230 et
1333 1201 1520 1242 Leontium,
1539 1215 1559 1234 a
1580 1214 1646 1244 qua

915 1244 1038 1273 dicitur

962 1287 1140 1318 Leontinus
1160 1286 1313 1326 Campus,
1327 1287 1444 1329 Philip.
1455 1290 1487 1320 ii.
1505 1294 1551 1324 17.
1563 1292 1645 1331 pub-

915 1330 998 1361 licus
1019 1329 1131 1370 populi
1156 1330 1311 1368 Romani,
1335 1333 1418 1362 mire
1437 1333 1566 1372 fertilis,
1589 1337 1647 1374 qui

916 1380 1090 1414 propterea
1101 1384 1193 1413 aeque
1206 1385 1243 1404 ac
1257 1374 1335 1405 Cam
1342 1385 1444 1416 panus
1456 1388 1475 1407 a
1488 1378 1646 1409 Cicerone

917 1419 1006 1448 inter
1031 1418 1232 1457 patrimonia
1257 1419 1336 1458 reip.
1365 1418 1459 1450 Rom.
1487 1423 1645 1454 refertur:

917 1463 972 1502 qui
989 1467 1024 1492 et
1039 1461 1218 1492 Leontinus
1231 1472 1326 1501 ager,
1343 1463 1383 1493 de
1400 1464 1474 1495 Div.
1492 1466 1513 1496 i.
1529 1469 1582 1497 33.

961 1506 1109 1545 Lepreon
1138 1510 1174 1535 et
1203 1506 1354 1545 Lepreos,
1377 1508 1419 1537 ad
1443 1509 1514 1540 Att.
1545 1510 1586 1540 vi.
1617 1512 1649 1541 2.

916 1549 1034 1579 urbem
1051 1549 1253 1579 maritimam
1269 1550 1417 1581 Arcadiae
1433 1562 1502 1582 esse
1518 1555 1649 1584 censuit

918 1592 1132 1623 Dicaearchus
1162 1594 1197 1623 in
1228 1593 1318 1624 libris
1354 1594 1394 1624 de
1423 1596 1582 1628 descensu
1613 1598 1648 1628 in

917 1635 1100 1676 Trophonii
1115 1643 1262 1668 antrum.
1306 1638 1369 1668 Sed
1389 1645 1439 1669 est
1457 1641 1534 1671 urbs
1550 1643 1649 1672 mari-

918 1681 1003 1710 tima
1013 1679 1156 1711 Achaiae.
1181 1681 1323 1712 Arcadia
1332 1687 1384 1713 est
1395 1683 1650 1720 mediterranea.

919 1724 982 1755 Pro
1007 1724 1156 1755 Arcadia>
1185 1725 1362 1765 legendum
1392 1727 1576 1769 suspicarer
1605 1733 1649 1762 Α-

919 1770 1032 1805 ιἸιαιίε,
1056 1769 1119 1798 nisi
1142 1769 1319 1800 Pausanias
1339 1781 1468 1811 quoque
1492 1771 1512 1802 l.
1532 1773 1552 1803 i.
1574 1784 1601 1804 c.
1619 1779 1650 1807 5.

920 1813 1070 1849 referret,
1097 1813 1274 1843 nonnullos
1304 1814 1452 1855 Lepreon
1481 1817 1522 1848 ad
1552 1818 1653 1848 Arca-

921 1856 1009 1886 diam
1036 1856 1170 1894 referre,
1191 1867 1268 1888 cum
1294 1859 1339 1888 sit
1368 1859 1483 1891 Elidis.
1528 1861 1652 1897 Achaia

921 1904 956 1930 et
975 1899 1043 1930 Elis
1067 1900 1213 1931 confines
1236 1908 1328 1939 sunt,
1345 1903 1456 1942 itaque
1479 1904 1574 1935 facile
1599 1916 1651 1936 ca-

922 1943 998 1974 dem
1014 1944 1090 1974 urbs
1107 1944 1147 1974 ab
1169 1945 1240 1975 aliis
1264 1945 1306 1975 ad
1327 1946 1499 1985 Achaiam,
1516 1949 1556 1978 ab
1580 1948 1652 1979 aliis

922 1987 964 2017 ad
981 1987 1109 2017 Elidem
1130 1988 1242 2019 referri
1266 1991 1396 2029 potuit:
1422 1992 1515 2031 cujus
1537 1993 1656 2023 confu-

922 2031 1023 2061 sionis
1039 2031 1146 2062 multa
1160 2032 1315 2073 exempla
1329 2039 1456 2065 extant.

968 2075 1091 2114 Leptis,
1104 2076 1137 2105 in
1161 2074 1252 2107 Vei-r.
1269 2087 1297 2106 v.
1315 2080 1365 2111 59.
1396 2078 1517 2118 duplex
1539 2079 1655 2120 Leptin

923 2124 986 2155 est,
1003 2118 1107 2149 altera
1127 2129 1264 2158 magna,
1282 2131 1382 2162 prope
1405 2123 1527 2161 Syrtim
1552 2125 1656 2162 majo-

924 2172 1008 2199 rem,
1031 2162 1136 2193 altera
1157 2165 1275 2202 minor,
1297 2175 1398 2204 prope
1421 2165 1655 2198 Adrumetum.

925 2205 976 2237 De
993 2215 1058 2245 qua
1072 2206 1093 2237 l.
1110 2218 1138 2238 c.
1154 2217 1262 2237 sermo
1284 2209 1341 2245 sit,
1357 2209 1549 2248 conjectura
1565 2210 1657 2240 colli-

925 2251 1082 2292 gendum.
1128 2251 1216 2281 Civis
1233 2251 1328 2281 Rom.
1344 2251 1467 2282 dicitur
1483 2253 1578 2293 Lepti
1599 2264 1660 2283 ne-

926 2295 1071 2336 gotiatus
1096 2304 1178 2325 esse.
1223 2294 1298 2325 Fuit
1319 2304 1398 2334 ergo
1423 2305 1462 2326 ea
1484 2296 1598 2337 Leptis
1622 2298 1656 2327 in

926 2338 1095 2380 provincia
1114 2338 1210 2368 Rom.
1254 2338 1354 2378 Atqui
1374 2339 1489 2379 Leptis
1504 2346 1555 2370 est
1571 2341 1660 2371 inter

925 2382 1147 2413 Adrumetuin
1171 2387 1205 2411 et
1218 2380 1383 2419 Timr-am,
1399 2383 1456 2422 qui
1478 2387 1558 2414 sunt
1581 2394 1660 2414 con-

926 2431 1046 2456 ventus
1061 2425 1157 2456 Rom.
1173 2435 1225 2465 ap.
1244 2424 1392 2456 Hirtium
1412 2426 1452 2456 de
1472 2426 1557 2457 bello
1573 2427 1660 2457 Asi-i·

927 2479 1022 2500 cano.
1067 2468 1210 2508 Ideoque
1232 2469 1267 2498 in
1284 2469 1369 2499 hanc
1386 2470 1466 2500 mihi
1483 2471 1660 2500 convenire

928 2513 1067 2544 videtur.
1113 2512 1321 2542 Memoratur
1336 2513 1450 2543 eadem
1469 2514 1582 2554 Leptis
1599 2514 1660 2543 mi-

928 2567 990 2587 nor
1011 2567 1062 2596 ap.
1081 2555 1169 2586 Hirt.
1187 2555 1208 2586 l.
1224 2566 1254 2586 c.
1269 2566 1297 2586 c.
1313 2560 1345 2590 7.
1361 2561 1397 2586 et
1419 2556 1522 2588 libera
1547 2558 1660 2587 civitas

928 2600 1125 2641 appellatur.
1162 2599 1227 2629 Sed
1247 2600 1281 2628 in
1298 2609 1338 2629 ea
1353 2599 1472 2630 licebat
1489 2601 1662 2641 neg-otiari.

973 2644 1131 2681 Lesbiaci,
1139 2642 1238 2673 'ruse.
1249 2643 1314 2682 Qu.
1326 2643 1407 2674 i.31.
1416 2643 1532 2675 incoloe
1545 2644 1664 2675 insulu-

927 2688 1038 2720 Lesbi.

974 2729 1240 2767 Letinifinverr.
1249 2730 1354 2761 iii.43.
1366 2729 1459 2760 Nulli
1472 2739 1563 2768 sunt,
1576 2729 1665 2772 quod

931 2779 1074 2811 constet,
1093 2774 1126 2803 in
1146 2773 1259 2804 Sicilia
1278 2774 1398 2804 Letini.
1444 2774 1559 2813 ltaque
1575 2774 1665 2804 docti

931 2819 1102 2856 conjecere
1124 2816 1302 2855 legendum
1320 2817 1437 2848 delini.
1471 2818 1557 2847 conf.
1582 2817 1666 2847 llar-

933 2861 1026 2892 duin.
1047 2860 1089 2890 ad
1111 2860 1194 2890 Plin.
1211 2860 1258 2891 iii.
1279 2866 1310 2892 8.
1331 2861 1413 2900 Legi
1433 2862 1533 2891 ctiam
1556 2867 1668 2901 posset

935 2905 1067 2941 Netini,
1099 2904 1155 2943 qui
1187 2904 1249 2947 ipsi
1281 2904 1433 2937 Ciceroni
1461 2905 1496 2937 iu
1521 2903 1668 2936 verrinis

935 2953 1178 2982 memorantur.
1645 2947 1653 2963 ¹
