1790 3219
570 82 715 111 mmtx
745 78 1043 110 LATINJ'rATm.

60 169 181 202 liberos
204 171 280 203 Div.
297 172 318 202 i.
334 172 387 203 21.
418 179 574 212 puerum,
590 170 722 201 Priamo
740 167 797 206 qui

58 215 145 246 foret
161 221 234 255 post
250 216 307 246 illa
329 222 442 250 natus,
460 217 662 253 temperaret
677 212 797 241 tollere.

58 258 199 290 ‘tollere
215 260 315 289 diem.
346 259 449 296 Legg.
465 258 513 288 iii.
534 259 582 287 18.
612 254 700 293 quod
716 253 798 284 alias

57 301 184 333 «licitur
210 303 354 333 eximere
380 300 532 331 diceudo.
561 300 726 337 “negare
754 297 796 328 N.

56 344 101 376 D.
115 347 136 376 i.
147 346 200 377 30.
226 346 332 376 verbis
344 344 515 382 reliquisse
527 343 630 378 Deos,
643 352 678 372 re
689 345 798 371 sustu·

57 390 139 420 liese.
163 389 242 419 ibid.
261 392 314 419 31.
339 390 490 418 tollamus
505 385 632 422 onmia,
648 394 722 424 quoe
739 388 799 414 aut

57 430 209 470 historia,
226 438 286 462 aut
309 431 393 461 ratio
410 439 494 459 nova
509 430 614 460 affert.
631 435 666 459 et
680 427 798 458 simili-

57 480 112 506 ter
127 475 275 515 pluribus
290 475 383 505 locis.

101 518 257 558 Tap-tarsa
288 523 339 548 est
368 526 420 547 ars
452 525 519 546 non
548 515 646 546 modo
673 515 796 550 herbis,

57 559 194 598 hedera,
216 561 368 600 aliisque,
387 559 513 590 areolas
541 559 714 590 hortorum
744 568 797 588 ve-

54 604 178 635 stiendi
192 610 226 635 et
250 604 405 640 ornandi,
421 604 477 634 sed
493 604 594 633 etiam
613 614 652 633 ex
668 603 797 633 frutici-

56 647 116 679 δυσ
137 653 172 679 et
196 647 361 688 virgultis,
378 652 416 678 ut
439 648 541 683 buxo,
559 654 681 687 myrto,
698 655 797 676 acan-

52 691 126 728 tho,
141 691 294 731 aliisque,
313 691 490 728 flectendo,
506 690 689 726 tondendo,
707 690 796 719 varia

54 733 141 765 horti
157 741 359 765 ornamenta
375 733 584 765 conficiendi.
605 734 646 763 ad
661 734 726 772 Qu.
744 733 794 762 l·'1·.

51 777 99 808 iii.
115 781 142 808 1.
153 789 182 808 c.
193 781 223 809 2.
236 780 410 819 topiariam
422 778 528 809 facere
541 776 794 816 videntumhinc

52 821 177 852 «licitur

99 865 280 906 Tol-elarius.
319 865 398 896 ibid.
435 864 612 904 topiarium
641 863 792 894 laudavi:

56 918 261 948 quamquam
284 908 340 938 alii
364 908 396 938 h.
420 907 442 938 l.
458 912 578 938 neutro
601 917 722 946 genere
745 907 794 937 di-

50 958 146 983 ctum
170 953 211 983 (le
233 962 332 992 opere
350 952 491 992 topiario
509 958 643 991 putant.
659 961 690 981 v.
708 951 792 981 viros

50 995 140 1026 doct.
156 996 199 1026 ad
222 995 307 1026 Plin.
324 995 371 1026 iii.
394 999 442 1030 19.
473 996 612 1025 Salmas.
632 995 673 1024 ad
696 995 792 1034 Spar·

43 1039 134 1069 fian.
164 1038 268 1069 Hadr.
297 1049 325 1069 c.
358 1042 406 1070 10.
437 1049 513 1079 pag.
541 1043 593 1073 89.
626 1038 792 1068 Christius

48 1083 82 1113 in
99 1081 255 1113 villatico
278 1091 352 1122 pag.
375 1083 429 1118 96.
458 1083 610 1119 Lauben,
627 1082 791 1112 bedeckte

49 1125 179 1166 Gange.
209 1128 419 1166 topiariorum
447 1136 515 1156 non
538 1125 642 1156 semel
665 1126 791 1155 mentio

49 1169 85 1200 iu
101 1169 266 1210 lapidibus
279 1180 332 1210 ap.
345 1170 481 1200 Gruter.
493 1180 525 1209 p.
542 1177 633 1199 neu.
647 1172 678 1200 8.
689 1170 790 1203 9.&c.

95 1213 218 1253 Topiee.
256 1212 340 1254 Tap.
371 1216 401 1244 ⁶2.
434 1217 485 1244 est
515 1223 566 1243 ars
598 1212 789 1243 inveniendi

45 1255 246 1294 Rhetorum,
259 1267 373 1296 quain,
387 1263 522 1288 auctore
531 1256 722 1295 Aristotele,
734 1266 791 1286 ex-

49 1299 186 1341 plicavit
202 1301 320 1331 cicero
335 1301 368 1332 in
384 1301 529 1341 Topicis.

94 1344 266 1375 Toreuma.
287 1345 381 1375 Vei-r.
394 1346 428 1375 ii.
440 1347 492 1376 52.
511 1348 696 1374 toreumata
709 1353 788 1374 sane

49 1394 132 1418 nota
147 1397 186 1418 ac
202 1388 347 1428 pretiosa
361 1388 570 1419 auferuntur.
588 1388 666 1418 ibid.
681 1388 721 1417 iv.
740 1390 788 1418 18.

47 1430 169 1462 habere
185 1441 264 1462 eum
290 1433 437 1472 perbona
460 1436 661 1464 toreumata,·
686 1432 721 1461 in
737 1431 788 1461 his

46 1475 168 1515 pocula
197 1475 263 1506 duo
292 1475 656 1514 quiedam—Mentoris
683 1484 787 1505 manu

47 1527 181 1549 summo
196 1519 337 1549 artificio
351 1519 451 1550 facta.
483 1519 548 1549 Pis.
569 1521 620 1553 27.
637 1524 788 1550 toreuma

46 1562 189 1593 nullum.
231 1562 393 1594 Torenma
421 1562 595 1604 poculum,
623 1572 704 1592 auro
736 1572 787 1592 ar-

45 1610 190 1645 gentove
212 1605 383 1644 caelatum,
399 1616 482 1645 esse,
501 1606 615 1636 multis
635 1606 787 1646 disputat

44 1648 227 1690 Salmasius
258 1649 300 1680 ad
330 1650 433 1681 Solin.
464 1660 496 1691 p.
520 1652 595 1684 735.
627 1659 697 1689 sqq.
725 1659 786 1680 nec

45 1692 119 1724 fieri
141 1698 252 1731 torno,
277 1700 315 1724 ut
337 1694 473 1732 quidam
497 1694 704 1730 existimant,
728 1693 787 1724 sed

45 1735 140 1767 caelo.
157 1741 275 1768 tomus
292 1736 464 1780 weritina-ou,
481 1736 600 1767 caelum
618 1736 784 1779 uguiwoeq

44 1780 134 1810 unde
158 1779 330 1811 caelatores
353 1780 500 1823 neroni,
517 1785 704 1811 tornatores
721 1793 785 1823 ‘rog-

48 1822 154 1855 nonu'.
178 1823 221 1855 cf.
247 1823 390 1855 Bentlei.
407 1824 450 1854 ad
465 1825 582 1855 Horat.
599 1824 671 1855 Art.
692 1824 784 1855 Po'et.

42 1876 75 1897 v.
90 1870 167 1898 441.
199 1867 264 1898 Sed
287 1872 401 1898 tamen
425 1868 541 1898 Cicero
563 1868 657 1898 Verr.
675 1868 709 1898 ii.
728 1869 779 1899 52.

43 1910 166 1942 diserte
195 1911 376 1951 distinguit
402 1916 594 1942 toreumata
623 1915 659 1942 et
683 1921 784 1952 opera

43 1953 179 1986 caelata:
214 1954 346 1994 fuitque
376 1954 512 1986 Mentor
538 1955 688 1996 sculptor
714 1965 782 1985 non

43 1997 192 2030 caelator.
220 1998 302 2030 Vide
318 2008 361 2029 an
376 1999 446 2029 sint
460 1998 631 2038 sculptilia
644 2009 662 2030 e
678 1999 781 2038 ligno,

40 2041 140 2072 ebore
166 2042 226 2073 ἃς.
259 2052 334 2082 quoe
359 2043 448 2073 fiunt
473 2042 649 2082 scalpello:
683 2042 781 2082 quale

40 2084 108 2115 fuit
137 2084 357 2126 Virgilianum
384 2086 419 2116 in
446 2085 578 2125 Eclogis
607 2086 780 2126 poculum,

40 2127 204 2160 Mentoris
228 2139 330 2160 manu
353 2129 494 2161 factum.
525 2129 622 2161 Ovid.
645 2130 730 2161 Met.
746 2141 779 2160 x.

41 2173 117 2215 248.
132 2173 255 2214 sculpit
271 2173 364 2204 ebur.

87 2215 312 2255 Tomentum,
328 2217 507 2247 eruciatus.
538 2216 580 2247 ad
595 2217 671 2248 Div.
689 2218 730 2248 vi.
748 2221 778 2252 7.

39 2263 239 2291 tormentum
253 2270 351 2291 caecae
367 2261 578 2300 suspicionis.
608 2261 732 2292 *Tusa
748 2270 779 2291 v.

45 2306 73 2334 1.
101 2303 189 2343 quod
211 2305 275 2335 etsi
298 2304 442 2344 probatu
465 2304 598 2335 difficile
621 2311 686 2342 est,
703 2314 780 2345 pro-

40 2351 118 2387 pter
139 2351 210 2378 tam
232 2348 324 2378 varia
344 2353 380 2378 et
394 2352 466 2378 tam
489 2347 598 2378 multa
620 2352 780 2379 tormenta

38 2389 205 2422 fortune:
229 2401 275 2422 sc.
292 2392 411 2431 quibus
429 2391 579 2432 exposita
593 2397 644 2423 est
659 2393 778 2430 virtus,

41 2437 80 2464 ut
95 2435 131 2465 in
145 2445 198 2476 ep.
209 2435 251 2466 ad
265 2435 341 2466 Div.
355 2435 450 2472 dicit,
463 2434 618 2466 omuibus
633 2436 778 2467 fortunae

39 2476 118 2508 telis
154 2488 227 2510 esse
263 2480 450 2519 expositam
481 2479 586 2509 vitam
616 2483 778 2510 nostram.

39 2519 96 2552 hie
118 2522 283 2554 machinae
305 2531 428 2554 nomen
453 2522 602 2563 ponitur,
623 2532 690 2563 qua
710 2523 781 2554 tela

41 2565 280 2604 conjiciuntur.

86 2607 278 2648 Toranium,
291 2610 371 2649 qui?
396 2607 533 2640 Tuscul.
549 2609 591 2639 iv.
612 2611 661 2641 12.

87 2650 247 2691 romare,
270 2652 453 2685 rotundum
476 2653 596 2684 faeere.
627 2652 728 2684 Univ.
747 2654 778 2684 6.

39 2693 134 2727 Deus
164 2695 329 2728 mundum
361 2697 410 2727 ita
441 2697 596 2735 tornavit,
625 2701 665 2727 ut
696 2697 781 2728 nihil

41 2738 127 2770 effici
144 2740 249 2779 possit
258 2741 446 2772 rotundius.

85 2781 241 2822 Torpedo,
256 2784 354 2823 piscis
369 2792 487 2824 genus.
515 2783 596 2814 Nat.
612 2783 657 2815 D.
674 2784 710 2814 ii.
725 2787 779 2816 50.

40 2825 220 2865 torpedines
248 2831 381 2867 torpore
410 2837 445 2859 se
473 2831 650 2859 tutantur:
690 2827 781 2860 unde

30 2877 88 2901 sc.
101 2874 136 2902 et
151 2878 276 2902 nomen
290 2870 470 2904 duxerunt.

1496 76 1583 117 1152

1354 171 1427 204 lnv.
1463 172 1486 204 i.
1523 175 1580 206 21.

842 210 929 248 quod
958 215 1097 250 uterque
1125 219 1272 253 torquere
1301 216 1342 247 ad
1371 225 1439 247 suae
1470 227 1581 249 causo

842 254 1055 284 commodum
1074 256 1215 288 debebit.
1249 259 1359 297 begui.
1386 263 1433 290 10.
1452 261 1581 300 opinio·

842 306 923 326 uum
944 298 1089 334 vanitas,
1104 299 1368 333 imbecillitatem
1383 304 1574 336 animorum

841 344 979 379 torquet,
1004 347 1038 370 et
1075 342 1193 379 nectit,
1226 354 1435 385 quot-umque.
1467 348 1579 387 coepit.

842 383 922 414 cml.
940 384 971 414 6.
1003 383 1068 415 huc
1083 390 1117 416 ct
1133 385 1212 416 illuc
1234 392 1381 427 torquere
1396 395 1431 420 et
1445 390 1578 422 flet-ter·

840 437 934 458 suam
953 434 1130 467 naturam3
1155 428 1196 459 de
1214 430 1344 461 homine
1357 435 1507 464 omnium
1521 435 1580 464 ob-

840 472 932 509 sequi
945 472 1063 502 studiis
1079 472 1225 509 volente,
1238 478 1284 510 ct,
1299 479 1398 514 prout
1414 486 1463 505 res
1480 480 1513 507 ct
1531 477 1578 508 lo-

840 524 899 545 cus
923 516 1084 554 postulat,
1102 517 1150 546 ita
1174 526 1280 547 mores
1304 525 1337 547 vt
1362 519 1464 548 vitam
1483 520 1580 551 insti·

838 563 968 589 tuente.
998 560 1200 597 ⁴¹e.xtcutere,
1220 565 1373 591 accurate
1397 561 1580 601 explorare.

842 602 876 631 Ρ.
892 602 974 632 Sull.
990 605 1042 634 28.
1059 608 1248 643 torqueatur
1263 605 1331 635 iita
1347 604 1458 635 Sullae.
1481 606 1579 637 ‘mo-

839 645 984 682 lestiain,
1003 648 1173 686 negotium
1199 658 1321 678 creare.
1354 647 1397 678 ad
1416 648 1493 678 Div.
1509 650 1579 680 viii.

843 692 890 718 11.
918 699 985 720 non
1009 690 1079 727 diu,
1095 690 1153 721 sed
1176 692 1308 730 acriter,
1327 701 1386 723 nos
1409 696 1477 722 ωε
1500 702 1579 734 sup·

839 733 1036 772 plicationes
1055 738 1230 765 torserunt.

884 776 1067 814 Ter-cnosus,
1089 778 1187 808 nimis
1217 783 1336 809 acutus
1365 782 1401 809 et
1431 778 1577 819 subtilis,

836 819 1001 859 spinosus.
1018 821 1119 851 Acad.
1137 822 1178 851 iv.
1197 825 1249 853 31.
1265 822 1304 852 de
1327 823 1575 863 pseudomeno:

836 863 893 893 sed
922 869 960 894 ut
985 874 1101 895 omnen
1128 865 1208 896 istos
1237 865 1382 904 aculeos,
1405 871 1440 897 et
1463 871 1576 899 totum

836 910 1013 938 tortuosum
1045 918 1151 947 genus
1185 909 1376 949 disputandi
1408 909 1577 950 relinqu*

836 959 921 980 nius.
950 951 1021 982 Pin.
1037 953 1083 983 iii.
1105 955 1131 982 1.
1162 962 1223 982 nec
1246 954 1388 983 enimin
1411 954 1576 994 Torquati

834 1003 987 1024 sermone
1005 995 1215 1036 implicatum
1233 997 1415 1035 quidquam
1433 1003 1492 1028 aut
1507 1003 1576 1029 tor-

834 1042 961 1068 tunsum
984 1038 1072 1076 fuit3
1092 1046 1285 1080 nostraque,
1311 1047 1347 1070 ut
1373 1040 1457 1071 mihi
1480 1041 1572 1073 vide-

833 1085 901 1118 tur,
918 1081 1064 1112 dilucida
1082 1084 1200 1114 oratio.
1246 1084 1433 1114 Stoicorum
1458 1090 1576 1118 autem

834 1134 899 1154 non
918 1125 1063 1164 ignoras,
1079 1137 1179 1166 quani
1196 1127 1238 1157 sit
1258 1127 1379 1157 subtile
1396 1127 1448 1158 vel
1462 1130 1577 1169 spino·

833 1177 905 1198 sum
925 1171 1035 1209 potius
1051 1169 1233 1201 disserendi
1249 1180 1366 1210 genus.
1396 1171 1483 1202 *sed
1497 1182 1574 1212 qua

833 1212 932 1243 nimis
959 1213 1093 1244 subtilia
1117 1218 1210 1252 sunt,
1237 1215 1354 1244 eadem
1387 1216 1490 1246 etiam
1520 1226 1574 1248 so-

831 1255 904 1286 lent
927 1266 997 1287 esse
1022 1258 1173 1289 obscura.
1210 1257 1288 1288 hinc
1311 1262 1488 1296 tortuosum
1511 1269 1572 1300 pro

831 1300 980 1331 obscuro.
1019 1301 1096 1332 Div.
1128 1303 1162 1332 ii.
1196 1302 1248 1333 63.
1281 1312 1359 1332 cum
1389 1308 1572 1335 stertentes

831 1343 958 1382 aliquos
975 1344 1131 1383 viderint,
1148 1345 1200 1375 his
1223 1346 1366 1385 objicere
1388 1347 1458 1377 visa
1481 1357 1574 1387 quae-

831 1387 906 1417 dam
924 1392 1067 1419 tortuosa
1083 1394 1118 1419 et
1137 1389 1291 1428 obscura,
1309 1399 1383 1429 quai
1407 1400 1506 1421 mane
1529 1391 1574 1423 ad

831 1432 1055 1470 conjectorem
1092 1431 1257 1463 deferant.
1304 1432 1347 1463 cf.
1386 1438 1572 1466 contortus.

830 1477 847 1495 2‘
862 1475 959 1512 item,
988 1476 1067 1515 quia
1094 1481 1255 1507 tortuosae
1286 1476 1573 1510 conclusiunculae

829 1523 910 1548 sunt
935 1519 1038 1549 etiam
1063 1519 1212 1558 fallaces,
1237 1522 1371 1550 tortuosi
1394 1531 1571 1562 opponun-

828 1565 884 1592 tur
913 1562 1134 1602 simplicibus,
1160 1563 1272 1601 rectis,
1295 1564 1456 1595 candidis.
1486 1565 1570 1597 Lael.

833 1607 881 1636 13.
911 1606 1100 1646 simplicem
1126 1608 1410 1647 praeterea--cligi
1435 1618 1496 1648 par
1517 1614 1571 1640 est

827 1658 979 1689 —neque
995 1650 1087 1680 enim
1112 1651 1216 1682 fidum
1240 1656 1352 1691 potest
1366 1661 1438 1682 esse
1453 1652 1572 1684 multi-

828 1693 904 1733 plex
921 1699 955 1724 et
971 1698 1149 1725 tortuosum
1164 1696 1350 1734 ingenium.

874 1737 1000 1769 Toy-tus.
1024 1739 1130 1769 subst.
1146 1740 1235 1779 spira
1246 1739 1280 1769 in
1292 1743 1459 1779 serpente.
1491 1740 1569 1772 Div.

827 1781 863 1810 ii.
879 1785 932 1812 30.
964 1781 1064 1812 draco
1087 1782 1226 1812 immani
1251 1787 1349 1814 tortu.
1378 1783 1518 1815 Tuscul.
1533 1784 1570 1815 ii.

826 1828 858 1859 9.
882 1825 981 1856 draco
995 1829 1084 1856 cortu
1100 1825 1360 1866 multiplicabili.

872 1868 988 1907 Tarus,
1018 1879 1093 1909 pars
1129 1879 1268 1900 carnosa
1296 1871 1332 1900 in
1369 1869 1501 1902 lacertis
1531 1875 1568 1903 et

824 1916 972 1952 pectore.
1008 1913 1109 1944 Tuse.
1134 1913 1167 1944 ii.
1191 1918 1223 1948 9.
1257 1915 1319 1944 tori
1349 1913 1565 1946 lacertorum.

824 1956 918 1986 *tori
950 1961 1030 1987 sunt
1059 1958 1162 1987 etiam
1195 1958 1231 1987 in
1265 1958 1407 1988 coronis.
1444 1959 1502 1990 Or.
1535 1959 1568 1990 6.

824 1999 865 2029 de
891 2005 1022 2030 oratore
1050 2005 1257 2041 temperato:
1293 2002 1320 2031 is
1343 2011 1412 2032 uno
1437 2005 1568 2041 tenore,

824 2049 863 2073 ut
893 2044 1001 2081 aiunt,
1025 2045 1060 2074 in
1091 2044 1233 2074 dicendo
1266 2044 1352 2083 fluit,
1377 2044 1462 2076 nihil
1487 2045 1568 2077 affe-

823 2096 898 2117 rens
926 2094 1048 2127 praeter
1071 2087 1270 2118 facilitatem
1301 2092 1336 2118 et
1358 2088 1568 2128 aequabilita-

822 2134 912 2161 tem:
949 2135 984 2161 et
1012 2131 1106 2162 addit
1133 2131 1274 2171 aliquos,
1301 2137 1341 2163 ut
1364 2133 1398 2162 in
1429 2143 1566 2172 corona,

822 2178 915 2212 toros,
941 2184 1144 2214 omnemque
1174 2176 1360 2209 orationem
1387 2185 1568 2208 ornamen-

821 2218 865 2248 tis
890 2218 1027 2249 modicis
1050 2219 1226 2249 verborum
1250 2220 1565 2260 sententiarumque

821 2261 1012 2301 distinguit.
1066 2262 1110 2292 Hi
1141 2264 1203 2293 tori
1233 2268 1327 2300 sunt,
1357 2272 1398 2293 ex
1428 2268 1566 2295 senten-

821 2306 870 2335 tia
896 2305 1060 2336 Pascbalii
1085 2306 1126 2336 (le
1151 2306 1289 2336 Coronis
1312 2306 1347 2337 ii.
1373 2308 1424 2337 12.
1453 2313 1565 2347 partes

822 2348 976 2388 quaedam
1015 2350 1048 2379 in
1078 2349 1204 2380 circulo
1234 2359 1365 2380 coronae
1394 2350 1565 2382 collectio-

822 2402 873 2422 res
912 2398 948 2423 et
983 2393 1235 2432 eminentiores,
1265 2393 1453 2432 cujusmodi
1481 2398 1564 2426 sunt

822 2436 857 2466 in
887 2439 985 2466 tauro
1020 2437 1100 2474 tori,
1131 2442 1190 2467 aut
1225 2437 1259 2467 in
1292 2436 1441 2475 homine,
1473 2439 1562 2478 quod

822 2484 857 2509 et
879 2479 1044 2510 Lambino
1067 2480 1177 2520 placet
1200 2481 1243 2511 ad
1266 2480 1375 2511 Plaut.
1392 2481 1562 2522 Amphitr.

822 2523 908 2553 Prol.
928 2526 998 2554 144.
1044 2523 1094 2554 Ex
1111 2525 1240 2554 ratione
1257 2523 1414 2563 loquendi
1430 2524 1564 2558 Cicero·

822 2567 925 2596 niana
953 2566 1065 2606 colligi
1092 2577 1186 2607 posse
1214 2567 1358 2606 videtur,
1391 2573 1481 2600 toros
1504 2580 1562 2601 ex-

821 2611 986 2641 trinsecus
1006 2610 1082 2640 addi
1105 2620 1248 2649 coronae,
1265 2613 1453 2643 ornamenti
1478 2613 1564 2653 loco,

822 2654 927 2693 iisque
949 2663 1106 2684 coronam
1123 2654 1297 2695 distingui.
1341 2657 1430 2686 Sunt
1445 2662 1562 2690 autem

821 2699 883 2729 tori
898 2697 1013 2735 iidem,
1029 2698 1084 2736 qui
1107 2699 1229 2738 passim
1246 2699 1287 2730 ab
1309 2700 1502 2731 auctoribus
1517 2705 1565 2731 eo-

821 2742 890 2772 ruli·
919 2747 1095 2778 vocantur,
1123 2741 1156 2772 h.
1186 2751 1215 2772 e.
1247 2742 1412 2781 lemnisci,
1436 2744 1564 2783 taeniae,

821 2785 927 2821 vittae,
944 2793 1031 2823 quae,
1048 2790 1088 2814 ut
1103 2785 1136 2817 iu
1154 2787 1266 2816 numis
1281 2787 1442 2823 cernitur,
1459 2787 1564 2826 majo·

823 2829 868 2859 ris
892 2828 1083 2858 ornamenti
1113 2839 1215 2868 causa
1238 2839 1369 2860 coronae
1396 2829 1565 2862 addeban-

823 2872 891 2907 tur.
919 2870 986 2906 vid.
1007 2871 1194 2906 Lambinus
1209 2872 1273 2908 loc.
1289 2874 1346 2907 cit.
1363 2877 1453 2909 torus
1474 2875 1569 2915 enin.

889 167 1061 207 Tarquen,
1096 175 1301 204 convertere.
