1800 3131
188 138 267 175 134

234 235 278 277 L).
304 233 461 276 Petinus,
489 235 552 268 Pro
578 235 653 269 Mil.
680 238 730 269 16.
749 237 855 277 judex
880 238 916 269 in

193 276 370 311 Milonem.

680 146 828 177 INDEX
859 146 1138 177 ffls'romcvs.

998 236 1215 277 Pherecydes,
1246 235 1303 268 Or.
1331 235 1365 267 ii.
1403 236 1452 267 12.
1489 235 1683 269 Historiam

955 281 1126 321 antiquior
1157 281 1327 312 Herodoto
1345 291 1356 319 3
1390 289 1485 320 quem
1507 290 1584 312 cave
1605 291 1683 312 cum

237 322 398 354 Petimus
418 323 570 356 Urbinas.
601 324 685 355 Phil.
702 325 758 356 xii.
776 327 806 357 8.
823 325 918 355 bonis
949 326 1082 364 physico
1123 329 1154 356 et
1194 326 1332 363 theologo
1373 322 1565 363 coffundas.
1616 324 1684 356 Hi»

191 366 262 397 suis
277 367 387 398 effusis
411 368 453 398 ad
478 368 662 399 Antonium
684 379 718 399 se
743 368 918 409 applicuit.

192 410 273 441 ibid.
290 411 358 441 xiii.
370 413 401 442 2.

236 454 286 485 M.
310 454 475 493 Petreius,
500 456 589 486 Sext.
608 459 637 486 5.
655 455 692 485 C.
717 454 854 485 Antonii
872 453 920 483 le-

193 502 304 537 gatus,
328 498 509 529 Catilinam
532 499 751 539 persequitur.
776 497 818 527 ad
840 498 916 527 Div.

193 542 260 572 xvi.
280 544 327 572 1⁶2.
353 541 484 582 legatus
511 543 659 583 Pompeii
684 543 718 572 in
746 541 919 580 Hispania.

196 584 269 615 Att.
285 585 352 615 viii.
365 587 394 616 2.

237 627 376 666 Petrus,
394 628 480 659 Phil.
496 629 566 659 xiii.
586 631 635 659 15.
657 628 731 658 vide
746 629 781 658 in
798 627 920 657 Paetus.

238 671 417 710 Phoedrus,
439 672 495 702 Or.
517 673 539 702 i.
565 675 595 706 7.
629 671 707 703 Div.
734 672 755 701 i.
780 673 833 705 37.
862 670 921 700 διο.

196 713 345 746 Platonis
361 715 545 753 Dialogu53
569 716 625 754 qul
647 725 669 745 a
688 714 831 745 Phoedro
845 714 923 744 dici-

195 764 266 796 tur,
293 769 388 799 quem
425 760 630 789 vehementer
655 757 756 790 Plato
784 759 922 796 anmvit,

197 803 313 835 Loth-t.
331 803 377 831 iii.
393 804 446 836 529.

240 845 418 882 Phoedrus,
445 845 486 875 ad
501 845 578 876 Div.
591 845 660 875 xiii.
679 848 708 875 1.
725 845 923 885 Epicureus,

196 889 342 920 moriens
358 889 546 919 obtestatur
568 890 760 927 Patronem,
779 898 820 918 ne
837 888 923 918 aedes

198 932 335 972 Epicuri
373 932 510 962 alienari
548 933 647 963 sinat.
686 932 735 962 M.
769 931 922 962 Ciceroni

196 985 313 1016 puero,
337 979 378 1006 ut
408 975 636 1016 philosophus,
661 980 750 1015 post,
782 974 922 1005 Philone

196 1020 346 1058 cognito,
363 1023 403 1049 ut
424 1020 473 1049 vir
487 1020 594 1050 bonus
621 1023 656 1049 et
677 1019 787 1049 suavis
805 1019 924 1058 proba-

195 1066 264 1093 tur.
310 1062 414 1093 Carus
440 1067 492 1093 est
514 1063 638 1094 Attico.
672 1063 744 1093 Att.
769 1062 844 1092 xiii.
869 1065 922 1096 39.

197 1107 268 1143 ejus
298 1106 375 1136 libri
402 1106 548 1145 quidam.
605 1107 787 1137 Laudatur
823 1107 925 1136 etiam

196 1150 269 1180 Fin.
284 1160 315 1180 v.
335 1153 364 1180 1.
391 1150 434 1181 N.
460 1151 502 1181 D.
527 1151 549 1181 i.
565 1153 617 1182 33.
644 1150 728 1180 Phil.
750 1160 781 1181 v.
799 1152 829 1181 5.
855 1149 927 1189 ejus

198 1193 288 1224 filius
306 1193 474 1233 Lysiades.

242 1237 416 1274 Phoetlzon,
437 1237 510 1268 Att.
534 1237 580 1268 iii.
597 1240 628 1268 8.
645 1236 687 1267 ad
700 1236 740 1276 Ω.
768 1236 820 1267 Fr.
845 1237 867 1267 i.
893 1238 926 1268 4.

197 1289 322 1312 nomen
338 1291 434 1310 servl.

242 1325 452 1363 Phalargus,
474 1323 605 1354 Verrin.
628 1333 660 1353 v.
686 1325 741 1355 40.
768 1323 928 1357 Centuri-

222 1378 309 1399 mus.

198 1377 220 1411 p
241 1411 416 1448 Phalaris,
433 1411 528 1442 Offic.
546 1411 593 1440 iii.
610 1410 641 1440 6.
656 1414 831 1450 tyrannus.
847 1411 924 1441 Div.

196 1455 219 1486 i.
248 1457 300 1486 23.
328 1455 444 1485 matris
477 1455 658 1485 somnium.
680 1454 774 1485 Verr.
804 1455 846 1484 iv.
871 1457 924 1485 33.

197 1499 262 1529 Pis.
283 1502 330 1530 18.
356 1499 414 1528 &c-
432 1499 502 1537 ejus
518 1503 633 1528 taurus
650 1510 657 1527 :
686 1498 721 1538 (a
740 1498 859 1529 Timaeo
874 1499 925 1528 in-

196 1547 247 1573 ter
272 1541 413 1582 fabulas
442 1544 586 1574 relatum
627 1543 735 1572 male.-
770 1546 808 1572 ul
838 1542 926 1572 docet

197 1585 335 1618 Diodor.
362 1586 428 1616 Sic.
453 1586 521 1616 xiii.
539 1596 576 1626 p.
604 1584 693 1624 5211.)
719 1586 814 1615 Offic.
841 1586 876 1615 ii.
892 1589 924 1620 7.

197 1630 408 1669 Agrigentini
421 1630 455 1660 in
471 1640 549 1659 eum
564 1629 729 1669 impetum
745 1628 888 1659 faciunt.

241 1673 438 1711 Phalereus,
451 1673 563 1704 Divin.
575 1673 609 1702 ii.
621 1673 674 1703 46.
692 1683 722 1703 v.
734 1672 925 1704 Demetrius

198 1715 395 1749 Phalereus.

241 1759 405 1798 Phamea,
431 1760 473 1790 ad
499 1760 576 1791 Div.
605 1760 661 1790 vii.
692 1761 745 1791 94.
771 1759 925 1797 libertus,

200 1802 333 1842 Tigellii
357 1814 447 1834 acus:
479 1803 550 1834 Att.
580 1805 624 1833 ix.
646 1808 677 1838 9.
702 1803 855 1834 moritur.
882 1803 925 1834 ad

199 1848 277 1880 Div.
293 1849 336 1878 ix.
358 1849 405 1879 16.
429 1848 500 1878 Att.
516 1847 650 1881 xiii.49.

242 1890 390 1928 Phania,
418 1891 460 1921 ad
481 1892 556 1922 Div.
581 1891 615 1922 ii.
635 1894 685 1922 13.
707 1890 753 1921 iii.
775 1893 803 1922 l.
826 1890 926 1922 liber-

196 1938 252 1966 tus
266 1935 365 1974 Appii
382 1934 528 1965 Pulchri.

240 1977 446 2017 Pharnaces,
485 1978 598 2009 Deiot.
633 1981 663 2008 5.
695 1984 813 2008 contra
845 1987 924 2008 eum

198 2026 328 2062 'pugnat
345 2032 422 2052 cum
445 2022 574 2052 Caesare
591 2021 781 2052 Deiotarus.
799 2020 840 2052 cf.
852 2022 924 2052 Att.

197 2066 242 2096 xi.
256 2068 308 2096 531.
335 2068 387 2096 2⁷2.
405 2066 447 2096 ad
462 2066 539 2096 Div.
556 2075 608 2095 xv.
637 2068 684 2096 15.
711 2065 750 2095 de
764 2065 843 2095 bello
870 2066 927 2095 hoc

202 2109 337 2139 (temris
359 2119 434 2140 cum
460 2108 638 2140 Pharnace
670 2118 701 2138 v.
729 2108 863 2139 Hirtius
886 2109 925 2139 de

196 2152 286 2184 Bell.
302 2154 395 2184 Alex.
412 2156 464 2185 34.
486 2163 551 2193 sqq.
581 2152 646 2184 Est
657 2152 864 2183 M'ithrt'datis
873 2152 924 2192 fl-

199 2204 275 2226 nus.

241 2239 447 2279 Pharnaces,
473 2239 546 2270 Att.
578 2238 650 2269 xiii.
670 2241 723 2271 30.
739 2241 792 2271 44.
812 2248 926 2269 servus

199 2281 364 2314 librarius.

242 2325 415 2363 Phemius,
430 2327 501 2357 Att.
525 2336 556 2357 v.
583 2327 635 2356 20.
666 2327 719 2357 21.
747 2335 795 2366 sq.
824 2326 868 2356 vi.
896 2329 924 2356 l.

198 2370 360 2408 musicus,
377 2371 542 2400 cornicen.
582 2367 672 2410 Ejus
693 2371 792 2400 etiam
808 2372 925 2401 mentio

198 2414 289 2453 apud
307 2414 457 2443 Ovidium
473 2414 585 2444 Amor.
607 2413 654 2443 iii.
670 2417 700 2448 7.
719 2414 771 2443 61.

243 2456 472 2493 Pherecrates,
496 2457 668 2494 Phthiota,
695 2456 795 2487 Tuse.
821 2456 843 2487 i.
874 2460 924 2487 lo.

198 2500 371 2530 inducitur
396 2501 431 2531 in
457 2500 643 2531 Dicaearchi
670 2499 754 2531 libro
783 2500 823 2530 de
854 2501 925 2531 ani-

200 2554 266 2574 mo.

244 2587 460 2626 Pherecydes,
484 2586 584 2617 Tusc.
602 2587 625 2618 i.
644 2587 695 2617 16.
718 2587 842 2627 Syrius,
861 2597 925 2618 nrm

199 2631 312 2670 Syru&
330 2635 368 2660 ut
388 2633 481 2661 estin
500 2631 569 2661 edd.
586 2632 760 2671 plerisque.
804 2631 881 2662 Div.
904 2632 925 2662 i.

199 2677 252 2705 50.
291 2674 485 2714 Pythagorae
522 2675 693 2713 magister,
732 2675 853 2704 hausta
885 2675 924 2705 de

199 2722 303 2756 puteo
340 2727 426 2756 aqua
456 2724 554 2748 terrae
594 2723 724 2747 motum
762 2718 925 2758 praedicit.

197 2760 299 2791 Tusc.
325 2761 347 2790 i.
377 2761 427 2791 16.
443 2762 569 2800 primus
591 2761 675 2791 (lixit
700 2762 830 2792 animos
855 2772 925 2792 esse

199 2805 432 2844 sempiternom
455 2804 549 2834 Vixit
573 2810 735 2844 regnante
757 2805 925 2836 Ciceronis

201 2848 319 2887 gentili
337 2848 449 2877 Servio
462 2847 587 2878 Tullio.
634 2848 702 2878 Hic
716 2853 762 2878 esc
772 2850 926 2888 physicus

200 2891 416 2930 Pherecydem
445 2892 483 2928 is,
507 2893 564 2933 qui
588 2893 720 2932 primus
747 2892 927 2933 Theologus

198 2939 243 2965 ese
259 2936 454 2976 appellatus.

955 369 1102 406 storicus,
1134 369 1336 399 Atheniensis
1349 366 1439 407 ficit,
1471 367 1574 398 Darii
1607 367 1684 407 Hy·

956 413 1104 452 slaspz'doe
1127 412 1329 452 temporibus.
1358 411 1396 441 de
1418 413 1590 450 utriusque
1605 416 1684 441 oeta-

956 459 999 492 te,
1026 460 1056 485 et
1085 457 1212 495 scriptis
1243 458 1397 485 accurate
1424 455 1571 494 disputat
1598 453 1686 486 mss.

958 498 997 527 cle
1019 498 1108 529 Hisl.
1139 499 1198 529 Gr.
1230 499 1272 529 iv.
1288 501 1319 528 4.
1343 499 1382 528 de
1410 497 1552 537 Physica
1579 499 1685 539 inpri-

959 542 1020 571 mis
1035 541 1212 581 lllenagz'us
1226 542 1271 573 ad
1287 542 1401 572 Laert.
1417 542 1440 571 i.
1459 543 1530 572 116.
1544 551 1610 581 sqq.

1002 583 1155 621 Phidias,
1180 585 1237 616 Or.
1264 585 1298 615 ii.
1320 589 1368 620 17.
1389 585 1490 616 Tusc.
1513 585 1536 614 i.
1556 588 1603 615 15.
1627 584 1686 615 Or.

959 630 1012 661 71.
1032 629 1091 658 &a
1115 629 1247 667 signum
1271 628 1430 659 Minervae
1460 628 1552 665 fecit,
1569 628 1604 658 in
1627 637 1687 658 cu-

953 670 1011 710 jus
1035 671 1193 712 clypeum·
1212 671 1349 702 inclusit
1370 671 1513 702 similem
1536 671 1684 711 speciem

959 715 1023 752 sui,
1047 715 1136 755 quod
1159 725 1283 746 nomen
1308 715 1486 746 inscribere
1513 724 1580 745 non
1605 713 1685 745 lice-

962 763 1026 789 ret.

1004 799 1202 843 Phidepus‚
1218 801 1331 833 Deiot.
1352 802 1384 833 6.
1411 799 1561 831 medicus
1586 800 1689 833 Deio·

961 845 1038 876 tari.

1006 887 1171 926 th'dz'tm,
1186 887 1286 919 Tusc.
1310 897 1340 918 v.
1368 890 1420 919 34.
1445 887 1597 918 convivia
1621 885 1688 917 La·

962 932 1255 968 eedaemouiorum,
1282 932 1320 962 de
1347 932 1461 972 qulbus
1487 941 1519 960 v.
1547 929 1689 961 Suidam

961 977 999 1006 in
1015 976 1180 1015 Lycurgo.
1226 975 1380 1006 Veterum
1406 977 1474 1006 loca
1488 975 1527 1005 de
1548 975 1589 1004 iis
1615 974 1691 1005 vide

963 1020 1054 1057 apud
1076 1019 1201 1049 Meurs.
1235 1019 1330 1050 Alisc.
1365 1019 1488 1050 Lacon.
1517 1019 1539 1048 i.
1572 1022 1603 1052 9.
1638 1020 1690 1049 lo.

957 1062 1139 1093 aProleabz'le
1152 1067 1210 1100 est,
1226 1072 1341 1093 verum
1362 1072 1477 1092 nomen
1492 1072 1557 1092 esse
1581 1060 1687 1092 Phili-

963 1106 1023 1144 tia‚
1040 1118 1068 1136 v.
1087 1105 1255 1136 Becherius
1269 1106 1314 1136 ad
1325 1106 1420 1137 Tusc.
1437 1108 1458 1137 l.
1474 1115 1502 1136 c.

1006 1149 1258 1190 Philadelphus,
1273 1150 1345 1180 Au.
1358 1149 1380 1180 i.
1399 1153 1450 1180 11.
1474 1159 1589 1180 nomen
1603 1149 1690 1180 servi

965 1193 1077 1224 Attici.

1006 1235 1246 1278 Philadelphus
1267 1237 1406 1267 Annius.
1429 1236 1514 1267 Phil.
1537 1236 1608 1267 xiii.
1636 1237 1688 1267 12.

966 1282 1155 1320 praetorius,
1172 1280 1333 1311 beneficio
1349 1280 1499 1310 Caesaris.

1008 1323 1223 1361 Philan-hus,
1237 1324 1329 1354 Verr.
1346 1324 1388 1354 iv.
1416 1325 1466 1355 12.
1498 1322 1691 1364 Centuripi-

963 1377 1038 1398 nus.
1053 1379 1085 1399 v.
1102 1370 1155 1399 34.
1179 1367 1398 1398 Haluntinus.

1008 1410 1258 1451 Phylargyrus,
1285 1411 1327 1441 ad
1349 1411 1425 1441 Div.
1437 1411 1480 1440 vi.
1501 1413 1527 1440 1.
1549 1409 1691 1440 libertus

964 1455 1003 1485 A.
1026 1456 1199 1494 Torquati.
1221 1455 1293 1486 Att.
1316 1454 1360 1486 ix.
1387 1457 1437 1486 15.
1461 1454 1519 1494 qui
1540 1454 1599 1494 sit,
1622 1460 1692 1484 non

963 1499 1044 1529 satis
1067 1502 1211 1530 constat.

1008 1541 1169 1580 Phileros,
1197 1551 1320 1572 nomen
1344 1541 1441 1572 servi.
1465 1550 1526 1582 pro
1545 1540 1645 1571 Corn.
1668 1539 1694 1572 i.

965 1585 1006 1616 ad
1022 1587 1097 1616 Div.
1115 1587 1158 1616 ix.
1178 1589 1227 1617 15.

1007 1628 1177 1667 Philinus,
1199 1630 1293 1660 Verr.
1317 1629 1364 1659 iii.
1389 1631 1442 1660 34.
1468 1626 1691 1659 Herbitensis.

1008 1673 1200 1714 Philippus,
1226 1673 1410 1704 Alexandri
1443 1676 1554 1712 poter,
1594 1671 1692 1701 Offic.

964 1716 999 1746 ii.
1028 1720 1077 1748 14.
1104 1721 1153 1748 15.
1178 1717 1248 1755 ejus
1272 1715 1412 1756 epistola
1442 1715 1486 1745 ad
1507 1714 1629 1752 filium,
1652 1718 1694 1745 ut

965 1761 1115 1791 oratione
1138 1760 1395 1791 multitudinem
1418 1759 1481 1789 sibi
1518 1757 1692 1796 conciliet,

965 1813 1033 1834 non
1057 1804 1300 1843 largitionibus.
1324 1804 1347 1833 i.
1381 1804 1434 1834 26.
1458 1802 1568 1833 filium
1591 1811 1695 1841 supe-

964 1852 1018 1877 rat
1038 1848 1200 1878 facilitate
1239 1851 1274 1877 et
1307 1846 1534 1884 humanitate,
1567 1856 1588 1876 a
1623 1844 1695 1876 filio

966 1897 1144 1931 superatur
1166 1892 1263 1922 rebus
1287 1891 1388 1930 gestis
1412 1894 1448 1920 et
1471 1889 1587 1929 gloria.
1608 1888 1696 1919 Tus-

966 1935 1031 1965 cul.
1050 1946 1078 1966 v.
1098 1938 1146 1966 14.
1169 1934 1432 1966 Lacedaemoniis
1462 1933 1614 1963 minatur
1633 1941 1695 1974 per

965 1978 1093 2009 literas.
1114 1980 1185 2009 Att.
1208 1980 1230 2009 i.
1258 1978 1307 2008 16.
1331 1979 1445 2007 omnia
1467 1975 1605 2007 castella
1637 1985 1695 2006 ex-

966 2023 1108 2062 pugnari
1125 2032 1219 2063 posse
1244 2021 1388 2059 dicebat,
1411 2022 1448 2051 in
1471 2029 1546 2059 quae
1570 2018 1693 2050 asellus

966 2075 1047 2095 auro
1083 2070 1223 2096 onustus
1255 2064 1460 2095 ascenderet.
1483 2063 1524 2094 de
1553 2062 1626 2093 Fat.
1659 2066 1693 2094 3.

960 2109 1102 2148 jubetur
1123 2108 1273 2147 oraculo,
1297 2117 1410 2139 cavere
1426 2108 1462 2138 in
1477 2105 1596 2147 capulo
1611 2116 1693 2146 qua-

967 2152 1126 2191 drigulas.

1009 2195 1198 2236 Philippus,
1221 2206 1281 2227 rea:
1323 2194 1531 2232 Macedonico,
1554 2201 1702 2233 quocum,

966 2240 1082 2270 bellum
1105 2240 1233 2270 Illaced.
1257 2240 1288 2270 I.
1314 2243 1444 2279 gestum
1474 2242 1531 2268 est.
1559 2236 1693 2267 lavent.

964 2283 986 2313 i.
1014 2286 1063 2315 12.
1086 2283 1180 2314 Verr.
1203 2283 1225 2313 i.
1256 2285 1309 2313 21.
1333 2293 1353 2313 a
1374 2281 1563 2312 Flaminino
1588 2280 1695 2310 vinci-

964 2331 1031 2357 tur.
1056 2326 1099 2357 cf.
1123 2326 1208 2357 Phil.
1232 2327 1275 2356 xi.
1300 2330 1332 2360 7.
1376 2325 1491 2365 Agrar.
1515 2324 1537 2354 i.
1564 2327 1614 2358 19.
1637 2325 1691 2354 33.

964 2371 1058 2401 Offic.
1083 2371 1118 2401 ii.
1145 2374 1194 2401 14.
1237 2369 1398 2409 Antigoni
1422 2368 1522 2398 filius.
1545 2367 1619 2398 Filii
1640 2376 1694 2397 vo-

963 2424 1033 2444 cem
1055 2416 1111 2454 qni
1133 2424 1196 2444 non
1229 2414 1472 2452 concoquebant,
1503 2411 1589 2452 quod
1615 2411 1694 2441 scie-

965 2459 1055 2496 bcmt,
1079 2460 1166 2488 hunc
1198 2457 1390 2496 Philippum
1413 2454 1580 2486 Demetrii
1613 2463 1691 2492 esse,

964 2511 1028 2532 non
1060 2501 1220 2540 Antigoni
1245 2500 1378 2540 filium,
1416 2497 1601 2539 ejecerunt.-
1638 2497 1696 2528 sed

965 2546 1183 2575 restituerunt
1211 2548 1283 2584 post
1320 2554 1337 2574 e
1369 2542 1475 2573 MSS.
1506 2543 1572 2572 viri
1601 2541 1693 2572 docti.

963 2598 996 2619 v.
1021 2589 1152 2619 llIanut.
1175 2588 1222 2617 ad
1241 2589 1272 2617 h.
1296 2589 1318 2617 l.
1364 2586 1442 2617 Fuit
1474 2589 1586 2616 autem
1609 2582 1696 2614 Phi-

966 2634 1072 2672 lippu-s
1094 2632 1250 2670 Antigoni
1283 2628 1364 2671 ejuS,
1386 2630 1444 2670 qui
1466 2629 1576 2660 Doson
1612 2627 1693 2658 dici-

965 2680 1034 2713 tur,
1054 2675 1156 2716 filius
1188 2675 1375 2715 privignus.
1433 2673 1528 2703 Nam
1565 2675 1694 2716 mortuo

965 2718 1146 2755 Demetrio,
1170 2728 1246 2748 cum
1255 2727 1343 2757 puer
1364 2716 1473 2746 adhuc
1501 2719 1581 2745 esset
1607 2712 1695 2744 Phi-

966 2764 1086 2803 lippus,
1106 2766 1193 2792 tnffor
1204 2760 1324 2801 sactus
1349 2765 1395 2790 est
1417 2757 1486 2801 ejus
1506 2759 1693 2796 Antigonus

965 2807 1084 2837 Doson.
1132 2806 1166 2836 Is
1191 2805 1306 2845 pau-llo
1338 2806 1411 2843 post
1446 2807 1585 2832 matrem
1608 2799 1694 2831 Phi-

965 2851 1047 2889 lippi
1068 2849 1177 2886 dua-it,
1209 2852 1240 2878 et
1263 2849 1402 2878 tzctelam
1425 2845 1574 2885 Philippi
1604 2845 1694 2883 sapi-

964 2898 1055 2924 enter
1067 2893 1167 2930 gessit
1181 2890 1235 2932 &a
1253 2891 1316 2921 vid.
1339 2891 1494 2921 «Iustinus
1509 2888 1621 2919 xxviii.
1637 2890 1668 2918 3.

1009 2936 1196 2977 Philippus,
1213 2935 1306 2966 Verr.
1322 2934 1368 2965 iii.
1380 2936 1433 2966 34.
1445 2930 1668 2964 Herbitensis.
