1815 3209
255 170 281 207 4
811 171 1190 217 PRAEFATIO

250 277 363 320 clara
384 280 436 322 ab
459 281 652 324 obscuris
674 284 911 328 discernere
941 288 1100 330 discat:
1133 289 1195 330 ita
1214 303 1490 331 consuescere
1519 289 1742 343 debemus,

251 344 313 387 nt,
336 337 513 394 singulis
535 341 674 381 verbis
698 342 974 400 formulisque
997 355 1139 387 utrum
1162 346 1398 403 jungamus
1421 347 1549 397 ideas,
1571 361 1650 388 nec
1670 362 1740 400 ne,

243 391 489 447 judicemus
511 398 764 453 etjudicare
787 402 1012 456 possimus.
1062 402 1422 444 Constituendum
1445 404 1574 444 etiam
1596 412 1675 455 est,
1695 414 1742 446 et

249 449 553 504 definiendum,
577 455 643 495 cui
668 457 915 509 scribamus,
938 474 1023 514 quo
1048 460 1241 516 profectu
1264 475 1353 501 esse
1374 460 1553 501 lectores
1571 468 1741 502 nostros

249 507 443 560 velimus,
467 520 528 560 ut,
550 512 651 566 quid
683 513 732 554 iis
764 515 994 556 obscurum
1024 531 1114 557 esse
1147 518 1293 573 possit,
1312 532 1362 557 eo
1385 517 1551 557 facilius
1582 517 1740 558 intelli-

248 577 414 619 gamus.
475 565 577 608 Hoec
608 568 679 609 ibi.
740 570 835 627 Age
868 586 982 622 vero,
1016 574 1049 613 si
1084 573 1143 613 ita
1178 574 1233 614 sis
1276 574 1536 630 ingeniosus,
1570 582 1736 625 acutuS,

247 620 414 673 doctus,
436 625 793 681 exercitatusque,
819 637 880 679 ut,
900 644 997 670 cum
1020 630 1305 680 constitueris,
1327 645 1455 686 quam
1478 631 1562 671 late
1591 640 1738 686 patere

247 676 447 719 editionis
470 681 726 723 adornandae
750 700 873 725 usum
897 686 1012 737 velis,
1036 687 1213 728 consilio
1236 688 1478 728 satisfacere
1503 687 1639 743 possis
1659 687 1735 739 ita,

247 742 295 774 ut
318 750 453 791 neque
485 738 594 779 intra
616 740 781 781 consilii
805 751 1021 799 tamquam
1052 753 1185 784 metas
1207 745 1429 795 consistas,
1452 758 1590 799 neque
1620 744 1737 800 posi-

246 798 312 831 tos
355 793 519 834 ratione
561 795 714 837 limites
753 800 987 851 transilias3
1020 800 1119 841 illud
1156 810 1296 842 tamen
1338 810 1482 851 restat,
1515 801 1734 856 quomodo

245 848 414 890 efficere
443 852 593 906 possis,
623 862 668 894 ut
700 855 876 896 eandem
903 872 990 898 rem
1021 857 1063 898 in
1092 858 1241 898 eodem
1271 866 1445 898 auctore
1473 871 1575 907 non,
1603 866 1651 898 ut
1687 857 1733 900 in

243 904 437 947 docendo
463 907 551 949 fieri
582 910 758 962 adsolet,
782 913 936 968 saepius
962 928 1130 955 necesse
1152 915 1207 955 sit
1227 915 1457 970 explicare.
1519 913 1608 955 Hic
1631 929 1732 955 vero

243 960 441 1013 fatemur,
464 966 586 1006 nobis
620 982 733 1008 nunc
764 984 935 1024 quoque
965 971 1129 1027 placere
1159 986 1253 1012 eam
1283 972 1505 1021 rationem,
1527 985 1656 1026 quam
1686 971 1731 1012 in

240 1019 495 1073 praefatione
530 1022 728 1065 Ciceroni
765 1036 909 1066 nostro
945 1029 1160 1082 praemissa
1189 1028 1312 1069 nobis
1343 1028 1607 1069 ostendimus
1641 1027 1730 1083 pla-

241 1090 350 1127 cere,
373 1086 414 1118 et
440 1078 550 1119 Viris
569 1082 758 1132 summis,
783 1083 1039 1135 Facciolato,
1063 1085 1104 1126 in
1127 1085 1348 1126 Ciceronis
1365 1085 1631 1125 orationibus
1653 1084 1731 1125 ali-

240 1142 360 1186 quot,
384 1134 576 1177 Gcsnero
610 1138 650 1178 in
683 1140 849 1180 rusticis
880 1141 1068 1192 edendis,
1100 1143 1277 1196 aliisque
1308 1141 1522 1182 nonnullis
1552 1141 1729 1197 placuit,

240 1197 288 1228 ut
310 1191 535 1233 verborum
557 1203 600 1234 et
624 1194 898 1237 formularum
920 1198 1228 1255 interpretatio,
1242 1199 1445 1253 quoniam
1463 1199 1516 1239 ad
1535 1198 1727 1239 Lexicon

238 1247 438 1300 pertinet,
475 1250 517 1290 in
557 1251 717 1293 indices
750 1254 1020 1310 conjiciatur,
1051 1271 1172 1310 quos,
1211 1255 1284 1296 ubi
1315 1270 1424 1311 opus
1454 1264 1519 1296 est
1555 1255 1725 1310 cuique,

238 1302 353 1344 adire
374 1304 507 1347 lector
529 1309 678 1362 possit.
731 1311 813 1351 Sed
835 1311 887 1352 dc
910 1311 988 1353 hac
1009 1314 1185 1363 ratione,
1207 1313 1410 1367 quoniam
1432 1325 1483 1352 eo
1504 1312 1600 1353 loco
1623 1313 1725 1354 satis

237 1359 401 1402 dictum
424 1373 501 1412 est,
519 1379 632 1405 nunc
655 1367 805 1407 iterum
830 1377 903 1409 aut
924 1369 1045 1424 plura
1066 1370 1219 1421 dicere,
1237 1383 1496 1425 quamquam
1517 1367 1725 1410 habemus

236 1418 448 1470 quaedam,
482 1431 622 1462 tamen
651 1437 735 1464 non
770 1425 938 1466 attinet.
998 1427 1230 1467 Veniamus
1264 1426 1406 1482 potius
1434 1439 1500 1476 eo,
1531 1440 1616 1481 quo
1645 1440 1724 1467 nos

227 1472 485 1527 jamdudum
516 1488 642 1519 vocat
674 1489 717 1520 et
747 1482 967 1523 brevitatis
1007 1484 1210 1534 studium,
1248 1493 1291 1524 et
1328 1482 1532 1538 temporis
1561 1482 1724 1538 inopia.

236 1529 348 1572 Illud
370 1534 512 1584 modo,
535 1537 737 1590 quoniam
761 1538 811 1578 ad
830 1538 1114 1593 judicandum
1136 1541 1188 1582 dc
1210 1539 1403 1596 opusculi
1427 1539 1591 1580 ratione
1611 1554 1722 1595 opus

233 1595 311 1637 est,
349 1603 586 1641 monemus,
621 1602 681 1643 ut,
712 1595 866 1648 quibus
904 1597 1102 1652 prodesse
1130 1597 1409 1647 'voluerimus,
1448 1596 1721 1637 meminerint

231 1642 410 1686 lectores
433 1648 581 1689 nostri.
625 1650 724 1691 Non
749 1652 1058 1705 eruditissimis,
1081 1664 1195 1695 certe
1216 1669 1302 1695 non
1325 1653 1439 1704 solis,
1461 1667 1598 1709 neque
1620 1653 1721 1694 solis

230 1698 312 1751 his,
335 1703 407 1757 qui
426 1703 518 1759 jam
542 1705 669 1762 longe
692 1718 789 1749 sunt
812 1709 852 1748 in
875 1710 958 1751 hoc
981 1712 1123 1752 studio
1143 1712 1310 1761 versati,
1332 1711 1600 1765 multumque
1620 1725 1722 1766 pro-

229 1756 438 1811 fecerunt,
476 1770 522 1802 ut
563 1772 605 1802 et
646 1764 725 1819 ipsi
760 1766 898 1806 doctis
939 1768 1207 1808 annumerari
1247 1769 1428 1824 possint,
1464 1767 1536 1808 sed
1571 1767 1716 1818 etiam,

230 1822 358 1869 atque
381 1817 423 1857 in
447 1819 607 1873 primis,
631 1821 799 1873 talibus,
822 1824 965 1878 quales
988 1835 1100 1875 sunt,
1122 1826 1194 1880 qui
1221 1825 1262 1865 in
1285 1824 1497 1881 gymnasii
1522 1825 1627 1864 bene
1649 1824 1716 1865 in-

229 1871 369 1913 stituti
391 1874 521 1915 classe
554 1877 703 1931 prima,
735 1890 808 1920 aut
839 1881 880 1921 in
913 1881 1171 1932 Academiis,
1197 1882 1461 1932 doctoribus,
1481 1881 1717 1922 enarranti-

230 1928 307 1969 bus
330 1940 523 1972 auctores
547 1943 722 1986 veteres,
744 1952 917 1993 operam
949 1939 1066 1990 dant,
1087 1954 1174 1979 non
1206 1939 1329 1994 plane
1360 1939 1418 1979 illi
1440 1937 1612 1993 quidem
1643 1952 1715 1978 ru-

227 1984 315 2036 des,
344 1988 414 2028 sed
447 1989 709 2044 aliquantum
733 1996 939 2048 provecti,
960 2010 1098 2050 neque
1119 2006 1260 2036 tamen
1282 1995 1465 2048 eruditi;
1494 1995 1625 2035 verbo
1646 1995 1715 2046 iis,

227 2043 382 2096 quibus
405 2046 623 2088 consulere
645 2049 826 2091 voluisse
850 2052 1115 2093 Faceiolatus
1138 2053 1321 2094 videtur.

285 2100 488 2156 Quinque
522 2103 688 2145 Indices
723 2107 817 2148 haec
851 2108 994 2150 Clavis
1025 2109 1321 2159 Ciceroniana,
1350 2107 1711 2163 quemadmodum

218 2157 316 2196 'ausi
339 2173 482 2198 snmus
513 2175 536 2200 a
572 2162 738 2216 pel-lare,
760 2166 1074 2221 complectitur,
1092 2182 1189 2207 cum
1212 2178 1393 2222 quatuor
1415 2174 1582 2206 tantum
1613 2179 1711 2220 pro-

225 2213 477 2256 mis-erimus.
529 2176 723 2260 Recessit
744 2223 856 2263 enirn
881 2224 1074 2274 Graecus,
1097 2225 1149 2264 de
1169 2239 1255 2279 quo
1275 2224 1416 2264 dicere
1436 2232 1543 2272 tum,
1565 2222 1710 2263 nescio

225 2272 456 2323 quomodo,
475 2288 640 2315 eramus
655 2277 792 2319 obliti.
830 2279 1021 2320 Primum
1038 2281 1179 2321 locum
1197 2281 1366 2321 obtinet
1385 2278 1516 2319 Index
1536 2277 1707 2334 Legum,

224 2340 402 2379 quarum
426 2345 450 2369 a
471 2330 677 2373 Cicerone
700 2333 812 2375 facta
834 2346 897 2377 est
921 2338 1097 2388 mentio,
1118 2339 1187 2378 cui
1210 2336 1542 2392 explicationem
1573 2335 1710 2390 ipsius

224 2381 322 2439 legis
353 2386 469 2426 verbi
501 2397 542 2428 et
572 2393 835 2443 quarundam
868 2394 1159 2445 formularum,
1190 2395 1230 2435 in
1255 2394 1410 2450 quibus
1439 2392 1545 2448 legis
1575 2393 1707 2433 verbo

223 2441 397 2491 utimur,
428 2446 725 2498 praemisimus.
787 2449 897 2505 lpsae
929 2461 1071 2492 autem
1103 2452 1216 2507 leges
1245 2450 1464 2492 collocatae
1497 2449 1579 2490 illae
1611 2449 1708 2504 qui-

221 2496 317 2537 dem
342 2510 439 2539 sunt.
460 2501 674 2544 literarum
698 2506 859 2557 ordine,
882 2509 954 2548 sed
975 2518 1116 2549 tamen
1140 2509 1241 2549 illud
1264 2521 1434 2563 quoque
1462 2521 1709 2546 accommo-

220 2553 368 2595 datum
401 2556 615 2601 memoriae
647 2563 833 2604 tironum
857 2564 1063 2619 juvandae
1096 2566 1353 2614 censui-mus,
1385 2564 1434 2614 si,
1464 2577 1561 2618 quae
1589 2562 1707 2618 leges

219 2611 298 2650 sub
331 2627 416 2653 uno
449 2629 602 2669 genere
640 2620 927 2672 continentur,
959 2631 1006 2662 ut
1037 2622 1359 2671 Frumentariae,
1380 2619 1590 2676 Agre-riae,
1621 2618 1707 2660 Ta-

219 2665 271 2717 be
290 2667 403 2710 lariae
426 2672 504 2712 &cz
528 2687 612 2714 uno
635 2674 729 2716 loco
752 2688 1023 2732 ponerentur,
1045 2689 1119 2720 aut
1149 2679 1297 2719 saltem
1319 2689 1707 2718 commemoraren-

218 2732 261 2763 tu
278 2720 309 2775 ·⁴;
355 2728 468 2780 quod
510 2730 638 2770 etiam
682 2743 906 2789 propterea
946 2736 1035 2776 fieri
1076 2745 1410 2777 consentaneum
1450 2733 1548 2783 fuit,
1584 2733 1702 2786 quod

216 2795 330 2837 saepe
361 2783 454 2825 haec
483 2784 625 2840 legum
658 2787 814 2844 genera
845 2794 956 2847 apud
981 2793 1249 2844 Ciceronem,
1270 2792 1460 2845 aliosque
1490 2799 1703 2840 auctores,

215 2850 458 2881 occurrunt.
499 2842 700 2885 Ceterum
722 2863 783 2888 cae
808 2858 974 2890 tantum
996 2850 1108 2905 leges
1131 2850 1200 2890 hic
1222 2849 1496 2898 exhibentur,
1517 2860 1699 2901 quarum

213 2908 368 2938 nomen
391 2908 455 2939 est
476 2898 517 2940 in
540 2900 759 2945 Ciceronis
782 2904 926 2958 libris;
956 2921 1093 2963 neque
1111 2907 1204 2964 plus
1224 2905 1521 2963 promisimus:
1549 2916 1703 2958 quam·
