1800 3131
204 72 258 119 74

203 173 369 203 consulere
391 173 463 203 licet
485 176 634 203 auctores
656 171 812 204 Historioe
830 171 926 214 juris

202 216 298 248 Rom.

246 260 297 291 M.
321 259 582 300 Brut115‚fili.·ts.
612 260 669 290 Or.
694 260 728 290 ii.
754 262 805 291 54.
836 259 925 290 filius

203 304 288 342 ejus,
304 304 360 343 qui
383 303 482 334 libros
506 304 545 334 de
561 303 643 334 Jure
661 302 757 334 Civili
781 303 926 344 scripsit,

202 347 265 378 Cn.
306 347 480 378 Plancium
526 347 707 385 accusavit,
754 346 926 377 defensore

202 391 334 428 Crasso,
351 391 407 430 qui
429 401 506 422 cum
526 391 567 421 ab
581 401 621 422 eo
636 390 809 421 lacessitus
826 395 926 427 esset,

201 435 237 465 in
260 435 319 465 illa
341 436 553 465 accusatione
576 435 708 474 egregie
731 444 807 463 eum
834 433 926 463 ultus

201 483 264 509 est.
278 478 320 509 cf.
333 478 466 508 Cluent.
482 482 534 509 51.
557 478 652 509 Brut.
668 479 721 508 34.
743 478 928 507 accusatio—

202 532 282 553 nem
294 522 475 559 factitavit,
487 521 596 552 nullos
608 521 824 560 magistratus
841 521 927 560 peti-

200 567 265 603 vit,
288 566 430 596 dedecus
453 565 590 595 familiae
616 570 765 595 vocatur.
791 563 925 594 Cluent.

200 613 254 641 51.
279 610 400 640 Orator
415 609 606 646 vehemens,
623 608 710 639 bona
724 612 866 648 paterna
880 607 927 637 ef-

200 653 301 684 fudit.
326 653 421 683 Font.
442 656 490 683 13.
521 656 656 682 accusat
671 652 845 681 Scaurum.
863 651 927 681 Off.

203 697 237 727 ii.
271 699 320 727 14.
352 696 443 726 Juris
475 695 588 725 Civilis
618 695 760 734 peritus,
792 699 928 735 propter

202 741 326 770 multas
353 740 582 770 accusationes
608 743 779 769 accusator
805 748 927 777 cogno—

201 785 350 814 minatus
388 788 449 813 cst.
494 783 598 813 Hunc
627 782 762 822 quidam
794 787 926 822 patrem

200 825 404 870 τυραννοκτόνυ
413 826 563 866 faciunt.
585 826 688 857 Μαίσ.
735 827 813 856 Non
829 827 874 856 ila
890 827 928 856 de

199 882 234 902 eo
249 871 413 910 adfilium
431 871 608 911 scripsisset
621 871 656 900 in
672 870 783 901 Bruto
799 872 852 900 34.

243 914 293 944 M.
318 913 464 950 Brutus,
479 914 616 954 Quinct.
640 915 692 944 90.
722 912 862 943 'si-ibim.
882 912 928 952 pl.

200 969 230 989 a.
263 958 304 987 U.
344 966 472 988 DCLxx.
519 957 666 997 Scipione
702 965 735 986 ec
771 957 929 986 Norbano

206 1001 407 1037 Consulibus,
418 1002 626 1032 Hotomanuo
637 1005 666 1030 et
678 999 831 1030 lilctnzclio
844 1001 929 1030 vide-

201 1051 260 1076 tur
281 1055 346 1075 esse
368 1044 417 1075 M.
440 1045 558 1082 Bruti,
578 1046 634 1084 qni
655 1044 813 1074 (marem.
828 1045 929 1074 inter-

188 1089 288 1130 J'ecit,
299 1092 409 1129 pater,
425 1099 446 1119 a
475 1089 530 1119 C'n.
547 1088 700 1127 Pompeio
724 1088 801 1117 bello
817 1088 929 1118 Sulla-

200 1144 241 1164 no
265 1136 409 1164 necatus.
453 1132 531 1172 Agr.
558 1132 590 1162 ii.
615 1135 668 1163 33.
690 1131 780 1161 Trib.
804 1131 848 1172 pl.
872 1131 929 1170 qui

199 1177 367 1207 coloniam
386 1177 538 1216 Capuam
554 1176 639 1206 ferre
654 1175 770 1205 voluit.
814 1176 928 1206 Alium

200 1222 250 1252 M.
266 1220 431 1258 Brutum,
447 1221 493 1250 ad
511 1230 606 1260 quem
624 1221 681 1249 lcoc
694 1219 851 1258 referam,
866 1229 929 1249 non

201 1265 347 1305 reperio:
379 1274 480 1304 neque
506 1268 615 1294 tamen
635 1273 698 1302 pro
722 1267 806 1293 certo
835 1262 929 1303 affir—

201 1319 295 1339 mare
317 1309 438 1344 ausim,
462 1307 508 1338 acl
534 1307 583 1337 JlI.
609 1306 714 1338 Bruti
731 1308 930 1346 percussoris

207 1353 344 1384 Coesaris
352 1355 486 1392 patrem
496 1353 661 1391 pertinere
675 1350 866 1381 deducendoe
881 1360 929 1380 co-

203 1398 294 1427 lanice
308 1396 486 1426 consilium.
522 1395 669 1425 Celerum
688 1395 841 1424 consentit
854 1403 930 1424 cum.

201 1451 247 1477 eo,
271 1440 356 1479 quod
389 1439 495 1470 Cicero
526 1439 616 1475 (licit,
645 1438 765 1468 mirari
792 1448 838 1475 se,
868 1447 930 1467 cnr

201 1485 327 1516 Rullus
349 1480 421 1522 ejus
434 1483 539 1514 Bruti
562 1484 685 1512 emitum
712 1491 775 1511 non
794 1482 928 1521 perhor-

201 1531 318 1558 rescat.
357 1527 447 1557 Idem
464 1536 587 1556 mecum
603 1527 722 1555 sentire
737 1529 850 1565 postca
864 1525 930 1555 vidi

201 1571 410 1602 Mazoclzlum
433 1570 472 1600 de
493 1570 741 1610 Amphitheatro
765 1569 876 1609 Camp.
893 1579 929 1609 p.

201 1619 233 1650 9.
256 1616 313 1654 qui
334 1615 485 1654 inprimis
507 1614 545 1643 de
568 1615 624 1643 lzoc
638 1613 748 1644 Bruto
764 1613 928 1643 videndus.

203 1659 271 1689 Sed
283 1659 368 1699 quod
383 1668 457 1688 enm
473 1661 572 1695 negat
587 1658 758 1687 tribunum
775 1657 858 1696 pleb.
863 1655 929 1695 fu-

198 1704 274 1740 isse,
290 1702 374 1742 quod
389 1701 560 1731 Turnebus
574 1701 620 1731 acl
638 1702 658 1730 l.
675 1710 702 1730 c.
716 1701 784 1730 sine
797 1704 931 1731 auclore

200 1747 347 1783 dixerat,
376 1746 455 1784 qnia
487 1755 549 1775 non
580 1745 759 1785 probabile,
790 1743 928 1782 Brutos,

201 1791 258 1830 qni
284 1799 390 1828 genus
417 1798 515 1818 suum
540 1799 562 1818 a
588 1788 630 1818 L.
658 1788 768 1819 Bruto
788 1789 929 1827 patricio

202 1834 278 1864 duci
301 1834 429 1869 vellent,
446 1833 590 1862 tribunos
599 1831 684 1872 fieri
707 1833 854 1869 voluisse,
869 1842 930 1871 quo

201 1888 276 1907 eam
298 1887 367 1907 rem
390 1875 588 1915 refictassent
610 1876 683 1916 ipsi,
698 1875 734 1906 id
754 1876 848 1905 nihili
870 1879 927 1913 est,

202 1925 242 1951 ut
249 1925 344 1961 patet
358 1930 375 1950 e
389 1922 447 1950 loc(
472 1919 627 1949 Ciceronis
637 1929 700 1959 pro
715 1919 863 1960 Quintio.

247 1965 296 1995 Μ.
312 1964 457 1998 Brutus,
473 1962 557 1993 Phil.
573 1964 593 1994 i.
610 1966 641 1993 3.
679 1963 760 2001 Ejus
775 1969 810 1993 et
825 1963 929 1993 Cassii

201 2013 383 2048 praetorum
408 2007 554 2037 edictum
579 2010 652 2046 post
674 2006 799 2037 caedem
821 2006 929 2037 Caesa-

202 2053 258 2082 ris.
282 2062 353 2092 cap.
370 2053 400 2081 4.
430 2051 511 2081 urbe
528 2050 628 2080 cedit.
644 2049 727 2080 Phil.
744 2051 777 2080 ii.
796 2052 844 2081 12.
878 2051 929 2081 in-

202 2095 347 2126 terfecto
371 2095 500 2125 Caesare
524 2094 705 2134 pugionem
733 2093 878 2130 extollit,
894 2098 930 2124 et

204 2140 400 2171 Ciceronem
411 2139 609 2168 nominatim
623 2137 834 2174 exclamavit,
845 2137 928 2168 Phil.

203 2182 237 2212 ii.
258 2186 306 2214 13.
335 2183 366 2212 ei
389 2182 559 2222 provincia
581 2181 680 2211 datur
706 2186 781 2221 post
803 2181 929 2211 caedem

206 2226 344 2256 Caesaris
369 2231 403 2255 et
429 2231 619 2264 quaestores.
651 2225 692 2254 ad
719 2225 796 2255 Div.
824 2225 869 2255 iii.
897 2228 929 2255 4.

205 2280 308 2309 gener
332 2270 393 2300 Cn.
410 2269 558 2308 Pompeii
582 2269 630 2298 M.
645 2269 687 2299 vi.
703 2269 733 2299 6.
758 2279 778 2298 a
801 2268 930 2298 Caesare

205 2313 322 2344 Galliae
338 2313 531 2354 praeficitur.
548 2312 603 2342 xii.
623 2315 672 2343 15.
696 2313 764 2342 xiii.
784 2315 832 2342 lO.
858 2311 930 2342 Att.

204 2358 261 2387 xii.
288 2360 319 2388 5.
356 2357 526 2396 epitomen
551 2356 757 2386 Fannianam
786 2356 930 2396 scripsit,

205 2401 227 2431 i.
244 2411 274 2431 e.
297 2401 443 2430 histon'ae
463 2410 483 2429 a
505 2399 631 2429 Fannio
646 2400 790 2440 scriptae.
814 2400 882 2429 xiii.
900 2403 930 2430 8.

205 2446 277 2483 ejus
300 2444 447 2484 epitome
476 2443 712 2473 Coelianorum.
735 2443 837 2474 Acad.
860 2443 882 2473 i.
899 2446 930 2474 3.

206 2489 246 2518 de
270 2487 478 2529 philosophia
500 2487 620 2517 Latine
635 2487 778 2527 scripsit.
803 2486 931 2517 audivit

205 2531 347 2563 Athenis
371 2531 532 2561 Aristum.
558 2530 629 2560 Fin.
656 2531 678 2561 i.
703 2533 734 2561 3.
765 2530 866 2561 Liber
889 2530 930 2560 de

204 2575 385 2606 virtutibus
407 2574 449 2604 ad
474 2573 521 2604 Μ.
547 2573 710 2604 Tullium.
743 2573 843 2605 Tusc.
865 2574 930 2614 Qu.

204 2629 235 2649 v.
255 2623 280 2649 l.
297 2619 367 2659 ejus
384 2617 566 2648 avunculus
583 2622 635 2647 est
650 2618 733 2648 Cato
750 2618 930 2648 Uticensis.

249 2663 293 2704 Q.
309 2662 410 2701 Coepio
424 2661 569 2698 Brutus,
581 2661 665 2691 Phil.
677 2672 709 2692 x.
725 2664 774 2692 11.
786 2665 833 2691 est
846 2662 932 2692 idem

205 2706 256 2737 M.
271 2706 416 2742 Brutus,
431 2706 487 2743 qui
509 2707 558 2735 ita
573 2705 708 2742 dicitnr,
723 2705 810 2745 quod
823 2715 846 2735 a
861 2715 930 2736 ma-

206 2751 268 2781 tris
283 2747 556 2787 Serm‘licefi·atre
570 2748 744 2788 adoptatus
757 2753 840 2779 erat.

249 2793 299 2824 M.
317 2792 527 2829 Baeculam,
543 2791 600 2822 Or.
616 2792 638 2822 i.
655 2795 708 2827 39.

250 2837 462 2872 Βαοὶῖὶαηιιε,
484 2836 556 2866 Att.
573 2845 624 2865 xv.
644 2838 693 2869 17.
716 2836 780 2866 xvi.
796 2838 828 2868 4.
844 2845 932 2868 unus

205 2891 225 2913 e
241 2879 421 2921 conjuratis
437 2880 472 2910 in
489 2879 666 2911 Caesarem.

730 82 876 111 INDEX
906 81 1186 112 HISTomcus.

1013 173 1157 212 Bulbus,
1174 172 1268 204 Verr.
1284 173 1316 203 ii.
1329 173 1381 204 32.
1406 171 1543 205 Cluent.
1557 176 1611 208 26.
1634 176 1695 208 Se-

969 222 1068 247 nator
1082 217 1178 247 Rom.
1201 216 1302 247 homo
1320 216 1481 247 sordidus.

1012 259 1057 290 P.
1073 259 1256 298 Burienus,
1278 260 1415 301 Quinct.
1439 260 1469 290 6.
1493 266 1616 300 praetor
1635 272 1694 294 ur-

968 304 1096 334 banus:
1121 314 1153 334 α.
1175 304 1215 335 U.
1240 312 1366 334 DCLXX.
1391 304 1538 345 »S'cepione
1551 309 1583 335 et
1601 306 1691 336 Nor-

970 347 1050 377 bano
1070 347 1153 378 Coss.

1012 388 1185 427 Buri-lius,
1204 390 1298 421 Orat.
1313 393 1367 422 48.
1391 391 1519 422 Ennius
1535 390 1620 421 dixit
1633 401 1694 432 pro

968 431 1138 472 Pyrrhus.
1159 443 1190 464 v.
1206 432 1325 465 Vctor.
1341 435 1380 465 V.
1397 435 1438 465 L.
1454 437 1516 466 xiv.
1532 437 1564 465 3.

1013 476 1050 506 Τ.
1080 477 1209 515 Bursa,
1239 478 1428 520 (Munatius
1455 476 1620 517 Plancus)
1652 478 1694 509 ad

968 520 1045 550 Div.
1061 521 1115 551 vii.
1130 523 1160 553 2.
1184 521 1364 552 damnatur
1378 527 1454 562 post
1468 523 1694 560 tribunatum,

969 562 1124 603 Pompeio
1139 565 1189 595 M.
1205 565 1250 596 II
1251 566 1277 596 I.
1297 565 1431 596 Consule
1441 571 1584 605 gestum.

1011 606 1198 646 Busrenus,
1214 607 1255 647 Ω.
1272 608 1322 638 Fr.
1337 609 1370 639 ii.
1391 611 1439 641 12.
1463 610 1598 650 regulus
1620 610 1695 641 bar-

968 650 1067 681 barus
1081 657 1116 681 et
1130 652 1299 682 obscurus.

1012 694 1232 733 Bussenmus,
1252 694 1324 725 Att.
1351 695 1416 726 viii.
1443 699 1491 728 12.
1521 696 1693 738 Pompeia-

969 747 1042 768 nus.

1312 869 1349 900 C.

1019 955 1052 986 C.
1084 956 1273 994 C'ctcurrius,
1295 957 1330 987 in
1356 957 1449 987 Verr.
1474 958 1515 988 iv.
1542 960 1592 992 17.
1615 958 1693 989 civis

970 998 1066 1029 Rom.
1083 998 1231 1040 Lilybaei.
1254 1011 1284 1030 ν.
1300 1005 1370 1030 not.

1019 1043 1159 1081 Omina,
1190 1044 1322 1074 Metelli
1348 1042 1510 1075 Baleariei
1535 1044 1615 1076 fflia.
1653 1045 1695 1076 de

970 1086 1046 1116 Div.
1066 1087 1087 1115 i.
1111 1089 1140 1118 2.
1165 1097 1204 1117 ex
1229 1088 1300 1127 ejus
1323 1088 1452 1117 somnio
1473 1088 1616 1119 Junonis
1636 1088 1695 1119 So-

970 1130 1064 1170 spitae
1080 1130 1246 1170 templum
1263 1131 1438 1161 refectum.
1461 1131 1502 1161 de
1515 1132 1591 1163 Div.
1607 1133 1695 1163 i.44.

970 1174 1004 1203 ii.
1026 1176 1078 1204 40.
1104 1174 1139 1204 S.
1164 1175 1256 1204 Rosc.
1283 1177 1335 1205 50.
1363 1175 1500 1215 Nepotis
1528 1173 1692 1217 (majoris)

969 1227 1060 1247 soror
1072 1230 1081 1246 :
1104 1219 1160 1248 secl
1184 1220 1262 1258 quia
1287 1218 1399 1248 eadem
1408 1217 1557 1258 semina,
1572 1220 1650 1250 ibid.
1666 1230 1696 1250 c.

975 1257 1027 1291 10.‘
1037 1261 1179 1301 Nepotis
1198 1262 1265 1292 filia
1279 1263 1413 1300 dicitnr,
1429 1260 1503 1293 Viri
1523 1263 1619 1301 docti,
1635 1268 1696 1294 aut

971 1306 1022 1334 liic
1044 1306 1216 1344 legendum
1233 1309 1358 1345 putant
1379 1315 1484 1344 soror,
1505 1311 1568 1337 aut
1589 1317 1620 1337 c.
1644 1310 1697 1338 50.

970 1349 1154 1387 delendum,
1170 1349 1332 1380 Balearici
1346 1354 1382 1380 et
1397 1359 1555 1380 sororem.
1600 1350 1696 1382 Nam

970 1397 1031 1423 aul
1045 1391 1215 1423 Balearicz'
1225 1393 1310 1434 filia
1331 1397 1379 1424 est
1396 1398 1428 1423 et
1442 1394 1579 1434 Nepotis
1593 1391 1698 1435 majo·

970 1437 1018 1466 ris
1030 1446 1132 1474 soror,
1148 1441 1210 1467 aut
1233 1437 1369 1477 Nepotis
1379 1437 1475 1477 filia,
1489 1447 1553 1468 non
1572 1436 1698 1469 Balea-

970 1481 1041 1510 riei.
1088 1480 1146 1511 Ea
1171 1491 1243 1521 quoe
1268 1491 1297 1511 c.
1321 1484 1373 1512 50.
1396 1481 1435 1511 de
1459 1491 1499 1512 ea
1525 1481 1698 1520 dicuntur,

971 1523 1144 1554 Balearici
1151 1525 1238 1565 filice
1253 1526 1361 1563 magis
1375 1526 1580 1562 conveniunt,
1596 1534 1699 1564 quam

972 1567 1117 1607 Nepotis.
1164 1569 1300 1609 lVepotis
1324 1568 1426 1608 filius
1454 1572 1527 1598 lum
1553 1569 1698 1600 nondum

970 1612 1198 1642 ornatissimus
1206 1611 1296 1652 filit,
1308 1610 1426 1651 junior
1440 1613 1557 1652 qnippe
1576 1612 1698 1643 Cicero-

970 1665 1010 1684 ne
1023 1667 1032 1683 .·
1055 1665 1112 1685 nec
1127 1657 1246 1695 patrui
1261 1656 1436 1686 clarissimi
1449 1656 1511 1686 nisi
1533 1656 1573 1686 de
1587 1655 1699 1687 Mace—

970 1698 1176 1738 donicifiliis‚
1186 1698 1546 1739 Balmriciflutribus,
1556 1701 1699 1739 intelligi

966 1747 1111 1783 possunt.

1020 1786 1160 1824 Ccecilia,
1175 1786 1246 1816 Att.
1262 1787 1303 1817 vi.
1319 1788 1351 1817 2.
1365 1790 1401 1817 et
1415 1789 1446 1817 4.
1474 1791 1525 1817 est
1548 1786 1617 1817 filia
1638 1787 1699 1817 At-

970 1830 1041 1860 tici.
1085 1830 1160 1869 Ipse
1181 1831 1267 1860 enim
1289 1831 1419 1861 Atticus
1443 1829 1597 1861 Caecilius
1619 1831 1697 1861 dici-

971 1877 1041 1910 tze-r,
1058 1875 1136 1913 quia
1151 1885 1172 1904 a
1190 1873 1323 1905 Caecilio
1345 1875 1508 1905 avunculo
1525 1875 1701 1915 adoptatus

970 1921 1054 1947 erat.

1020 1961 1053 1991 C.
1073 1961 1230 1999 Coeciliecs,
1247 1961 1356 1992 Flaee.
1377 1961 1430 1993 36.
1454 1971 1556 2001 eques
1575 1962 1698 1993 Roma-

972 2014 1045 2034 nus.

1019 2048 1176 2085 Ceronius,
1193 2048 1250 2078 Or.
1272 2048 1306 2078 ii.
1331 2052 1380 2079 10.
1409 2048 1550 2079 Insuber
1569 2048 1698 2087 Gallus,

972 2095 1073 2132 poeta
1091 2092 1251 2122 comicus.
1279 2092 1351 2122 Att.
1375 2092 1429 2122 vii.
1449 2096 1480 2123 3.
1509 2092 1617 2123 malus
1640 2103 1700 2124 au-

973 2140 1047 2166 ctor
1060 2136 1253 2166 latinitatis.

1020 2180 1165 2210 Coecilins
1184 2179 1328 2219 Trypho,
1344 2179 1415 2209 Att.
1431 2179 1477 2210 iii.
1494 2182 1525 2211 8.

1016 2224 1058 2254 L.
1080 2223 1238 2260 Coecilius,
1255 2223 1289 2252 in
1305 2224 1382 2253 Seu.
1394 2223 1518 2263 p.Red.
1530 2223 1699 2258 9.,ΜὶΙοῐι.

976 2270 1025 2297 14.
1058 2272 1182 2307 praetor
1203 2267 1238 2296 P.
1254 2266 1400 2297 Lentulo
1416 2266 1593 2306 Spinthere
1611 2268 1699 2298 Con-

971 2310 1055 2341 sule.
1103 2310 1171 2341 Sed
1190 2311 1249 2340 alii
1271 2311 1404 2340 malunt
1428 2310 1563 2349 Caelius,
1585 2315 1624 2341 ul
1652 2316 1700 2342 est

972 2355 1064 2394 apud
1077 2354 1263 2384 Asconium.
1295 2353 1498 2385 Harduinns
1515 2359 1618 2395 putat
1635 2365 1701 2386 esse

972 2407 1061 2435 enm,
1085 2399 1141 2438 qui
1162 2407 1216 2437 ap.
1241 2396 1396 2427 Plinium
1420 2397 1470 2429 H.
1493 2399 1543 2430 N.
1567 2398 1622 2429 vii.
1645 2401 1700 2433 49.

973 2446 1185 2472 memoratur.
1231 2440 1298 2472 Sed
1318 2442 1362 2471 ibi
1379 2451 1568 2480 praenomen
1587 2446 1635 2472 est
1649 2442 1700 2473 M.

972 2490 1003 2516 et
1022 2487 1096 2515 libri
1118 2485 1265 2525 quidam,
1277 2486 1464 2523 proesertim
1485 2486 1557 2516 edd.
1581 2486 1701 2517 liabent

974 2529 1114 2560 Coelius:
1139 2538 1210 2568 qaae
1226 2529 1316 2559 lectio
1325 2529 1376 2568 fit
1392 2529 1571 2568 probabilis
1585 2538 1700 2568 eogno-

973 2574 1060 2603 mine
1075 2573 1165 2610 Rufi,
1181 2581 1251 2612 quoe
1266 2575 1313 2602 est
1334 2572 1515 2603 Coeliorum.
1560 2573 1612 2604 Et
1621 2571 1700 2612 fuit

973 2617 1021 2647 Μ.
1040 2616 1162 2646 Coelius
1177 2615 1284 2646 Rufus
1301 2614 1422 2646 Orator
1436 2617 1573 2655 oequalz‘s
1589 2616 1700 2654 Calvo,

972 2662 1029 2701 qui
1051 2661 1177 2690 exitum
1200 2668 1264 2689 non
1287 2659 1405 2690 bonnm
1428 2660 1562 2690 habuit.-
1585 2659 1700 2700 dequo

971 2714 1006 2735 in
1024 2714 1075 2735 ra.

996 2703 1060 2779 fL.
1082 2746 1239 2785 Oceanus,
1252 2745 1334 2778 Sull.
1350 2747 1404 2778 22.
1427 2745 1519 2777 Trib.
1531 2746 1577 2787 pl.
1589 2746 1700 2786 legem

974 2790 1144 2822 Caeciliam
1156 2790 1232 2820 fert.
1246 2790 1312 2821 vid.
1323 2789 1398 2820 Lex
1411 2790 1549 2821 Coem'lia:
1567 2793 1620 2822 23.
1634 2790 1700 2829 legi

972 2835 1121 2874 Agrariae
1140 2834 1231 2866 Rulli
1255 2843 1290 2865 se
1313 2834 1576 2867 intercessurum
1599 2834 1700 2875 profi-

973 2883 1076 2911 tetur.
