1804 3178
582 95 729 125 mnnx
761 96 894 125 LATm
902 98 1055 128 lTATlS.

63 186 187 219 Nerius
211 184 311 216 index
336 184 437 216 edidit
461 182 504 214 ad
530 182 712 223 alleg-atos:
738 183 796 214 hat

65 236 255 270 ausgesagt.
292 230 392 260 Dom.
430 228 461 259 6.
499 227 607 268 operis
636 227 796 266 ediderat,

62 273 222 314 (dixerat)
252 282 367 303 meum
396 280 532 302 nomen.
561 270 656 302 Verr.
682 271 716 302 ii.
744 274 798 303 42.

63 317 235 358 postulata
256 317 360 353 edere,
383 314 543 346 dicuntur
566 314 796 355 provinciales,

63 371 143 392 cum
167 371 208 392 ea
234 360 276 391 ad
301 358 463 391 Consules
487 358 665 398 deferunt3
693 360 794 389 item:

64 405 99 436 in
126 404 303 445 postulatis
325 403 419 434 edere
442 401 578 442 aliquid.
601 402 720 443 Quint.
743 404 796 434 24.

65 449 194 479 socium
207 448 241 479 in
253 447 353 486 hujus
369 446 462 477 bonis
474 446 536 476 tibi
549 446 675 477 edidisti
691 446 798 486 Quin-

61 492 168 523 tium:
201 492 224 522 i.
247 501 277 521 e.
300 489 466 531 professus
489 499 535 520 es.
560 489 630 520 ‘de
654 490 796 521 oraculis

61 536 164 566 etiam
176 534 309 566 dicitur.
325 533 390 565 Off.
404 534 437 565 ii.
450 535 504 565 223.
530 533 667 574 Pythius
678 533 797 575 Apollo

62 577 323 611 oranuloedidie.

105 622 290 655 Educmr.
328 620 441 652 Plane.
468 623 521 653 33.
555 621 628 662 quis
658 627 708 652 est
739 631 796 652 no·

60 670 168 697 strum
186 665 370 697 liberaliter
380 664 555 704 educatus,
568 666 622 696 cui
636 675 703 696 non
718 666 796 696 edu-

60 713 199 748 catores,
217 711 272 740 cui
296 718 364 740 non
389 709 540 749 mag-istri
557 715 658 749 atque
681 708 795 740 docto-

62 762 124 784 res.
168 752 334 784 Videntur
349 752 496 783 Gesnero
519 762 549 783 v.
566 763 594 783 c.
611 752 795 793 paedagogi.

61 797 117 827 Sic
133 801 185 827 est
200 806 253 837 ap.
266 797 346 828 Tac.
364 797 402 827 A.
420 798 483 827 xiv.
499 799 530 827 3.
575 796 639 826 Sed
655 797 733 835 quia
746 806 797 827 se-

62 841 179 880 quitur
193 841 308 880 alitus,
322 839 429 871 intell.
441 839 562 871 altores
578 844 613 870 et
629 845 796 881 parentes.

60 883 104 915 N.
122 885 165 916 D.
180 884 214 915 ii.
231 887 282 916 34.

106 927 274 966 Educ-ere,
306 936 366 967 pro
396 926 551 965 educare,
587 927 646 958 Or.
677 927 710 958 ii.
742 929 795 958 528.

61 972 79 989 ‘
95 972 251 1002 emittere
274 980 407 1010 aquam.
431 970 508 1002 Div.
533 971 554 1001 i.
585 973 639 1002 44.
661 972 795 1002 educere

61 1015 184 1046 lacum.
216 1015 235 1032 ‘
250 1015 342 1045 educi
365 1014 525 1045 dicuntur
549 1014 714 1052 homines,
738 1015 794 1054 qui

61 1068 140 1089 cum
167 1058 420 1098 magistratibus
445 1068 561 1089 eorum
588 1067 706 1098 rogatu
735 1063 796 1089 aut

54 1102 151 1142 jussu
197 1103 232 1132 in
276 1102 462 1142 provincias
507 1102 794 1142 proficiscuntur;

61 1146 345 1186 quemadmodum
377 1150 496 1175 contra
523 1145 656 1183 deduci,
686 1146 741 1185 qui
777 1156 795 1176 e

62 1190 233 1230 provincia
246 1190 415 1228 jubentur
429 1199 505 1220 eum
524 1189 637 1229 aliquo
652 1189 795 1220 Romam

61 1234 186 1265 venire.
212 1233 321 1264 Pison.
338 1236 392 1264 34.
415 1232 473 1264 sed
488 1234 517 1263 ei
535 1233 678 1271 medico,
694 1243 795 1273 quem

60 1282 175 1308 tecum
190 1277 362 1314 eduxeras,
379 1277 562 1317 imperasti.
586 1276 605 1295 θ
617 1281 667 1307 est
692 1278 795 1308 etiam

62 1321 97 1352 in
123 1321 355 1352 sortitionibus
379 1321 524 1352 educere.
557 1319 652 1351 Verr.
681 1321 715 1351 ii.
745 1324 795 1356 17.

59 1365 168 1396 educit
205 1374 244 1395 ex
276 1374 362 1395 urna
395 1369 475 1395 tres.
511 1363 554 1395 cf.
591 1364 671 1407 Agr.
701 1365 736 1396 ii.
765 1366 795 1396 8.

62 1408 186 1439 *vern
212 1409 245 1440 ii.
270 1409 322 1440 26.
347 1407 507 1439 Metellus
529 1407 724 1439 Heraclium
745 1418 796 1438 re-

61 1452 160 1483 stitui
177 1452 339 1491 jusserat,
357 1461 424 1482 non
442 1452 692 1482 restituebatur.
708 1452 797 1491 quis-

61 1497 135 1535 quis
159 1503 230 1526 erat
254 1496 388 1526 eductus
409 1502 546 1526 senator
567 1496 794 1535 Syracusanus

61 1540 103 1570 ab
127 1539 298 1577 Heraclio,
315 1539 391 1570 duci
408 1540 562 1579 jubebat.
585 1540 699 1579 itaque
723 1549 798 1580 per-

63 1582 163 1614 multi
186 1583 280 1625 ducti
306 1588 397 1614 sunt.
431 1584 540 1615 Locus
567 1583 740 1621 obscurus,
760 1583 796 1613 in

61 1637 128 1666 quo
144 1627 343 1668 explicando
358 1627 521 1658 sudarunt
545 1627 604 1657 viri
627 1627 731 1665 docti,
747 1627 798 1657 of-

55 1670 148 1708 fensi
165 1672 264 1702 verbo
279 1671 425 1709 eductus,
438 1670 526 1711 quod
542 1680 619 1701 cum
632 1670 797 1701 Lambino

62 1715 96 1745 in
123 1714 233 1746 editus
258 1718 430 1745 mutatum
457 1714 613 1754 cupiebat
636 1714 796 1746 Graevius.

62 1757 109 1789 Et
123 1757 232 1790 solent
248 1758 319 1789 haec
336 1759 436 1789 verba
448 1758 633 1799 permutari
649 1759 683 1788 in
700 1757 796 1789 MSS.

62 1811 92 1833 v.
109 1802 283 1834 Drakenb.
306 1801 347 1832 ad
371 1802 442 1833 Liv.
458 1802 568 1832 xxxix.
590 1804 638 1833 15.
668 1801 733 1832 Sed
748 1801 797 1831 lo-

63 1855 122 1876 cus
149 1846 233 1876 nihil
255 1846 326 1876 vitii
350 1845 462 1876 habet.
508 1845 661 1876 Educere
684 1848 735 1876 est
761 1846 795 1876 in

58 1890 116 1929 jus
132 1889 267 1927 ducere,
284 1899 379 1920 reum
396 1890 525 1920 faceret
550 1893 585 1919 et
609 1889 672 1919 hoc
694 1898 794 1920 sensu

63 1942 131 1964 non
154 1943 224 1964 uno
247 1932 320 1963 loco
339 1942 418 1964 usus
435 1937 486 1963 est
502 1932 629 1963 Cicero.
648 1933 726 1963 ibid.
742 1936 797 1967 37.

62 1977 111 2007 ita
139 1976 187 2007 illi
219 1986 286 2007 non
316 1978 581 2017 procrastinant:
616 1976 796 2007 Sthenium

61 2021 179 2051 statim
195 2021 338 2050 educunt
349 2032 359 2049 .·
376 2021 472 2051 aiunt
485 2021 526 2050 ab
537 2030 576 2050 eo
589 2020 702 2051 literas
714 2021 798 2061 pub-

62 2062 142 2095 licas
155 2073 225 2094 esse
237 2072 423 2104 corruptas.
445 2063 525 2094 ibid.
537 2064 648 2097 iii.47.
672 2067 796 2095 etcum

62 2107 177 2147 injus
205 2108 315 2148 ipsum
340 2108 448 2139 eduxi.
475 2107 555 2138 ibid.
582 2108 636 2138 65.
666 2107 797 2138 aditum

62 2158 115 2183 est
130 2151 172 2182 ad
188 2151 364 2182 Metellum
377 2165 383 2182 :
401 2153 533 2183 eductus
544 2158 594 2181 est
606 2151 773 2192 Apronius
788 2163 795 2181 t

61 2195 175 2226 eduxit
190 2196 240 2226 vir
254 2196 431 2236 primarius
448 2195 485 2226 C.
498 2194 625 2225 Gallius
642 2201 793 2225 senator:

63 2239 246 2279 postulavit
268 2249 288 2270 a
312 2239 464 2277 Metello,
480 2244 520 2269 ut
542 2249 579 2269 ex
604 2239 715 2269 edicto
737 2248 798 2269 suo

56 2283 226 2323 judicium
250 2282 345 2314 daret
366 2283 400 2314 in
418 2283 614 2324 Apronium.
637 2283 697 2312 ἃς.
721 2291 797 2312 sen—

63 2335 120 2357 sus
134 2337 214 2366 ergo
233 2326 287 2357 hic
310 2331 379 2358 est:
404 2326 562 2358 Metellus
585 2336 663 2356 cum
679 2326 799 2365 ,jussis-

62 2375 128 2408 set,
145 2370 340 2402 Heraclium
357 2371 527 2411 Syracusis
549 2375 583 2400 et
605 2370 798 2410 Epicratem

63 2412 156 2445 Bidis
171 2415 317 2453 restitui,
330 2414 383 2445 hie
397 2415 573 2445 restitutus
585 2419 649 2451 est,
663 2413 718 2443 ille
730 2422 797 2444 non

63 2457 158 2488 item.
205 2458 309 2499 Cujus
333 2459 380 2489 rei
407 2468 508 2488 causa
526 2467 603 2488 cum
622 2456 798 2488 Heraclius

62 2507 247 2540 senatores,
263 2501 306 2533 ad
328 2512 410 2541 quos
434 2511 508 2542 pais
531 2510 642 2531 rerum
660 2510 798 2531 suarum

62 2549 272 2586 pervenerat,
289 2546 331 2576 ad
356 2547 536 2577 Praetorem
562 2543 738 2574 Metellum
763 2543 796 2574 in

56 2589 114 2629 jus
138 2594 299 2628 vocasset,
322 2590 411 2630 iique
434 2589 610 2620 restituere
634 2597 700 2618 non
726 2596 800 2628 pos·

63 2637 153 2671 sent,
169 2632 326 2664 Heraclio
341 2634 478 2670 addicti,
494 2633 536 2663 ab
550 2642 589 2662 eo
612 2632 646 2661 in
668 2630 801 2661 vincula

65 2675 160 2706 ducti
187 2682 279 2707 sunt.
301 2677 344 2708 cf.
371 2677 503 2708 ducere.
548 2675 705 2706 Ceterum
733 2674 799 2705 buc

63 2720 215 2760 pertinet
238 2721 342 2751 etiam
366 2721 458 2752 locus
483 2719 594 2750 Plane.
619 2721 670 2751 23.
697 2723 797 2758 atque

65 2763 93 2794 is
123 2762 256 2802 quidem
288 2765 422 2796 eductus
459 2764 500 2794 ad
536 2762 711 2800 Consules,
741 2761 798 2802 qui

64 2811 140 2838 tum
164 2807 199 2837 in
223 2807 350 2838 crimen
373 2809 566 2845 vocabatur,
585 2817 620 2838 se
642 2807 754 2845 inique
779 2814 799 2835 a

65 2851 134 2882 tuis
143 2852 330 2890 jactatum,
346 2852 492 2892 graviter
507 2851 708 2891 querebatur
723 2850 784 2879 διο.

109 2892 243 2936 Effari,
264 2896 404 2927 verbum
425 2895 599 2936 augurale,
620 2894 660 2926 de
684 2901 800 2925 conse-

1487 96 1568 135 285

841 185 1059 223 erationibus,
1090 185 1364 220 dedicationibus.
1401 191 1468 222 Att.
1498 194 1566 226 xiii,

841 229 895 258 42.
918 235 1001 260 extr.
1028 230 1145 269 opinor
1171 242 1312 271 augures
1338 233 1420 264 nihil
1449 235 1568 268 babere

842 271 884 301 ad
907 272 1072 313 templum
1095 271 1276 312 effandum.
1302 276 1381 316 [κς.
1407 278 1440 308 ii.
1459 283 1488 308 8.
1515 290 1568 309 ur-

842 314 917 346 bem
930 322 963 346 et
980 326 1075 355 agros
1088 322 1122 347 et
1133 319 1258 358 templu
1269 319 1407 351 liberata
1418 326 1450 351 et
1463 319 1569 361 effata

842 357 998 390 habento.
1022 360 1122 391 Dom.
1148 364 1199 390 55.
1225 371 1282 391 nce
1308 363 1412 394 ullum
1431 366 1568 397 verbum

840 402 977 434 solenne
994 405 1103 444 potuit
1118 401 1228 444 effari.
1245 415 1274 435 v.
1291 405 1422 437 Manut.
1440 408 1480 439 ad
1497 410 1568 440 Cic.

842 446 883 477 ad
906 447 976 478 Att.
1002 448 1070 478 xiii.
1098 450 1150 479 42.
1176 447 1288 478 navis.
1312 449 1353 480 ad
1378 450 1456 490 [κς.
1479 452 1512 482 ii.
1537 457 1570 485 8.

843 489 926 521 lntt.
942 490 982 521 ad
999 491 1085 522 Gen.
1103 491 1170 522 xiii.
1192 494 1241 522 1-1.

886 532 1058 575 Effizeum,
1087 535 1223 566 verbum
1250 535 1476 573 dialecticum,
1503 548 1569 577 quo

842 578 958 609 Cicero
987 579 1230 620 interpretatur
1255 578 1381 618 ι’ξίυμα.
1412 590 1441 610 ν.
1468 582 1568 612 Acad.

841 622 882 651 iv.
900 623 952 656 29.
977 623 993 641 θ
1010 621 1090 663 Leg.
1116 623 1150 654 ii.
1175 625 1205 654 8.
1229 622 1442 654 fatidicorum
1466 631 1500 655 et
1518 635 1571 655 va-

840 672 913 695 tum
930 663 1044 706 effata.

885 698 1035 749 Effeclio.
1061 710 1132 740 Fin.
1149 710 1196 740 iii.
1218 713 1263 741 14.
1287 710 1570 750 quemadmodum

840 755 1073 793 opportunitas
1092 763 1157 784 non
1175 754 1213 784 fit
1230 755 1336 793 major
1351 754 1570 794 productione

840 798 1013 837 temporis,
1037 797 1084 827 sic
1109 804 1200 827 recta
1223 795 1365 837 effectio:
1390 798 1570 841 :arcies-nm

840 840 931 870 enim
955 841 1002 871 ita
1024 840 1155 882 appello
1179 842 1239 871 διο.
1262 841 1393 871 ⁸'causa
1408 842 1570 878 efficiens.

841 883 941 915 Acad.
958 885 978 915 i.
996 887 1028 916 2.
1052 885 1186 925 physica
1207 885 1423 915 continentur
1438 895 1476 916 ex
1493 883 1572 926 {ffb-

838 929 949 965 crisme,
967 933 1000 958 et
1017 938 1057 959 ex
1073 928 1213 959 materia
1227 938 1279 966 ea,
1294 939 1393 968 quam
1411 929 1522 968 fingit,
1536 934 1572 960 et

839 971 963 1002 format
979 969 1113 1012 effectio.

882 1013 1103 1055 Effeminare.
1127 1014 1205 1046 Nat.
1220 1016 1262 1046 D.
1275 1016 1308 1046 ii.
1323 1016 1374 1046 26.
1397 1012 1570 1056 effemina-

839 1063 919 1089 runt
943 1063 1072 1090 abirem:
1103 1059 1134 1089 h.
1163 1069 1191 1089 e.
1218 1059 1376 1090 feminam
1404 1059 1571 1097 fecerunt,

837 1101 1010 1133 «Iunonem
1027 1102 1236 1144 appellando.

885 1143 1014 1186 Effera,
1030 1146 1070 1177 de
1085 1150 1177 1176 terra
1191 1151 1225 1177 et
1240 1147 1326 1186 agris
1343 1146 1402 1177 διο.
1426 1147 1520 1178 Brut.
1535 1148 1570 1178 4.

839 1186 959 1229 efferre
974 1190 1097 1230 fruges.
1120 1188 1214 1221 Verr.
1231 1190 1277 1220 iii.
1301 1193 1354 1224 47.
1377 1200 1453 1220 eum
1476 1200 1568 1230 ager,

840 1233 873 1264 id
894 1233 981 1274 quod
1005 1243 1137 1274 perraro
1152 1238 1318 1271 evenerat,
1334 1243 1410 1264 cum
1428 1234 1570 1264 decumo

839 1279 1015 1316 eoetulissee,
1031 1287 1077 1307 sc.
1093 1276 1183 1316 quod
1197 1281 1307 1308 satum
1325 1284 1406 1308 erat.
1423 1277 1501 1308 ibid.
1515 1279 1569 1309 86.

839 1321 1015 1352 videbatur
1036 1320 1070 1351 id
1092 1320 1228 1361 perdere
1251 1327 1374 1359 arator,
1390 1321 1477 1360 quod
1499 1321 1568 1360 agri

840 1370 1036 1405 segetesque
1066 1366 1267 1396 extulaesene.
1298 1365 1375 1395 ibid.
1406 1365 1440 1395 ii.
1467 1367 1498 1396 Ξῖ.
1530 1367 1570 1395 ut

841 1409 999 1449 quicquid
1021 1419 1060 1438 ex
1085 1418 1155 1439 sese
1179 1408 1292 1439 Sicilia
1313 1413 1422 1449 posset
1438 1406 1569 1449 efferre,

840 1452 872 1483 id
886 1462 952 1483 non
972 1452 1061 1493 apud
1077 1462 1131 1482 eos
1145 1453 1234 1482 nasci
1248 1452 1307 1482 &c.
1320 1452 1400 1483 Nat.
1411 1452 1454 1483 D.
1471 1452 1503 1482 ii.
1516 1455 1569 1483 33.

841 1506 892 1531 ea,
910 1506 984 1535 quae
1000 1492 1141 1536 efferant
1156 1495 1281 1535 aliquid
1303 1506 1343 1526 ex
1362 1505 1446 1533 sese,
1463 1495 1570 1536 perse-

841 1540 962 1570 ctiores
987 1540 1107 1570 habere
1136 1545 1284 1577 naturas,
1301 1549 1399 1578 quani
1426 1549 1477 1577 ea,
1493 1548 1568 1578 que

840 1593 880 1613 ex
898 1584 936 1614 iis
953 1581 1150 1624 (effermemr.
1174 1584 1232 1614 Or.
1250 1583 1284 1613 ii.
1301 1584 1353 1614 2⁶2.
1379 1593 1438 1613 cur
1453 1587 1570 1613 aetates

839 1628 982 1667 singulae
997 1629 1174 1658 extulerint
1190 1636 1291 1667 prope
1303 1626 1435 1665 singula
1447 1635 1571 1665 genera

840 1671 983 1701 dicendi.
1013 1670 1218 1701 *ostendere
1248 1680 1296 1707 se,
1321 1670 1422 1700 nasei.
1453 1671 1510 1700 Or.
1535 1670 1569 1700 ii.

839 1717 892 1746 21.
909 1712 1027 1754 efferat
1042 1725 1075 1745 se
1088 1714 1285 1745 foeeunditas
1298 1715 1332 1744 in
1349 1713 1568 1744 adolescente.

839 1757 920 1789 Lael.
937 1761 988 1793 (Ξῖ.
1021 1768 1099 1788 cum
1115 1767 1149 1788 se
1165 1759 1280 1788 extulit
1294 1757 1504 1796 ostenditque
1522 1756 1573 1787 lu-

840 1811 919 1832 men
933 1813 1032 1832 suum
1048 1803 1164 1832 virtus.
1186 1800 1283 1832 Brut.
1299 1804 1329 1835 7.
1353 1810 1419 1840 qua
1440 1801 1474 1830 in
1490 1801 1570 1830 urbe

839 1845 985 1886 primum
1013 1850 1125 1876 orator
1151 1855 1185 1875 se
1212 1847 1340 1875 attulit.
1376 1845 1393 1863 ⁸*
1409 1844 1449 1874 de
1476 1845 1568 1874 omni

840 1891 1064 1920 commotione
1093 1889 1210 1925 animi,
1241 1897 1348 1928 neque
1378 1887 1484 1918 solum
1517 1897 1570 1924 ea,

839 1943 913 1971 quae
944 1934 1095 1964 animum
1126 1932 1257 1969 dilatat,
1283 1932 1340 1962 sed
1366 1933 1468 1962 etiam
1495 1940 1569 1970 quae

840 1977 1022 2015 contrahit,
1037 1982 1138 2016 atque
1162 1976 1201 2006 de
1226 1975 1289 2012 his,
1305 1985 1378 2014 quae
1401 1974 1479 2005 hinc
1501 1974 1570 2005 exi-

840 2024 947 2051 stunt.
967 2021 1037 2051 Att.
1053 2021 1075 2050 i.
1092 2022 1123 2051 8.
1140 2020 1234 2050 Cato.
1251 2021 1302 2050 93.
1319 2015 1431 2059 fier-ri
1445 2017 1569 2048 studio.

841 2063 923 2094 Lael.
945 2067 992 2095 15.
1019 2061 1132 2104 efferri
1148 2062 1278 2093 fastidio
1292 2068 1325 2092 et
1341 2062 1566 2092 contumacia.

842 2107 918 2138 add.
941 2107 1042 2138 Tusc.
1067 2109 1108 2138 iv.
1137 2109 1184 2141 17.
1211 2105 1293 2137 Sull.
1321 2108 1369 2137 10.
1397 2104 1567 2136 interdum

842 2148 1005 2191 efferatur
1016 2151 1289 2181 immoderatione
1302 2150 1487 2180 verborum.
1502 2147 1571 2188 *gf-

828 2195 929 2235 serre
948 2205 982 2225 se
1007 2200 1058 2225 cst
1081 2195 1184 2225 etiam
1208 2203 1266 2234 pro
1291 2202 1437 2223 recreare
1454 2202 1502 2230 se,
1519 2201 1570 2222 re-

843 2248 1001 2279 cuperare
1019 2239 1112 2268 vires.
1140 2238 1233 2268 Prov.
1254 2237 1352 2267 (lons.
1381 2239 1427 2267 1-1.
1454 2244 1571 2276 quam-

843 2292 942 2321 quam
960 2288 1040 2312 sunt
1056 2282 1169 2312 accisae
1184 2291 1246 2318 reS,
1258 2284 1371 2311 tamen
1387 2277 1521 2320 efferent
1534 2289 1570 2309 se

843 2325 1035 2365 aliquando,
1059 2331 1094 2355 et
1124 2325 1164 2355 ad
1195 2323 1418 2354 renovandum
1445 2322 1571 2353 bellum

843 2370 1055 2400 revirescent.
1071 2369 1089 2387 ⁸*
1103 2368 1248 2407 vulgare.
1263 2369 1320 2398 Or.
1338 2368 1358 2397 i.
1374 2370 1426 2398 24.
1443 2370 1572 2407 petam-

842 2423 906 2452 que
931 2423 950 2443 a
970 2413 1074 2450 vobis,
1092 2422 1133 2442 ne
1150 2412 1207 2442 has
1224 2421 1312 2442 meas
1329 2411 1470 2451 ineptias
1493 2406 1572 2450 ssff'e·

841 2458 935 2487 rutis.
953 2457 1030 2487 ibid.
1048 2456 1081 2486 ii.
1103 2457 1150 2485 12.
1168 2464 1218 2485 res
1230 2464 1345 2485 omnes
1361 2454 1571 2494 singulorum

843 2510 1006 2531 annorum
1021 2499 1199 2530 mandabat
1216 2498 1320 2529 literis
1333 2496 1487 2528 Pontifex
1499 2496 1573 2527 Ma-

843 2544 966 2581 ximus,
982 2541 1198 2584 qff'erebaeque
1214 2543 1247 2573 in
1264 2542 1391 2579 album,
1407 2544 1441 2571 et
1456 2550 1574 2581 propo-

843 2587 944 2617 nebat
966 2587 1115 2618 tabulam
1139 2586 1241 2623 domi,
1258 2589 1403 2626 potestas
1426 2590 1465 2615 ut
1486 2589 1575 2614 esset

842 2631 964 2671 populo
985 2629 1207 2669 cognoscendi
1230 2629 1289 2659 διο.
1321 2627 1473 2660 Peareius
1494 2637 1573 2658 cum

847 2675 1007 2705 Lambino
1029 2673 1209 2713 legendum
1234 2677 1370 2703 censet:
1397 2671 1574 2702 referebat-

843 2728 906 2757 que
921 2719 955 2748 in
971 2718 1083 2748 album
1098 2729 1105 2747 ε
1131 2726 1204 2757 quae
1220 2716 1327 2747 forma
1345 2715 1500 2756 loquendi
1523 2717 1575 2744 cst

843 2772 895 2801 ap.
926 2762 998 2793 Liv.
1029 2761 1050 2792 i.
1082 2762 1134 2793 32.
1189 2761 1223 2791 Si
1256 2757 1409 2800 efferebat
1444 2763 1571 2789 rectum

844 2811 908 2843 est,
925 2814 1040 2836 sensus
1056 2804 1111 2835 hic
1126 2809 1196 2835 est:
1216 2804 1301 2835 Cum
1318 2804 1408 2834 libris
1424 2812 1474 2833 res
1493 2800 1570 2831 anni

843 2849 1005 2889 cujusque
1032 2847 1234 2886 mandasset,
1260 2847 1388 2878 duobus
1413 2844 1573 2885 exemplis

844 2893 966 2924 librum
997 2893 1155 2925 annalem
1185 2891 1404 2933 proponebat,
1427 2888 1573 2921 alterum
