1804 3178
582 108 726 138 mnu
757 106 890 135 Laris
900 107 1053 136 rrA‘rls.

61 196 141 228 dam
156 195 286 237 agenda
300 198 566 231 constituuntur.
582 194 671 226 unde
692 193 732 224 fit
748 193 798 223 in-

62 239 179 279 signis.
225 240 294 271 fin.
324 241 357 271 ii.
388 243 440 272 31.
480 238 521 269 de
553 238 710 278 Epicuro,
741 237 798 275 qui

61 281 152 313 diem
169 293 268 314 suum
286 283 432 314 natalem
456 281 613 312 celebrari
630 280 796 319 jusserat:

62 325 151 364 quod
166 327 194 357 si
211 327 279 357 dies
296 323 454 357 masida
468 324 533 354 fuit
549 324 609 353 ἃς.
642 323 657 339 *
668 333 797 353 ornare.

62 368 120 399 Or.
138 370 183 400 iii.
198 373 251 401 43.
281 376 453 408 tamquam
469 366 574 398 stellis
591 371 704 396 notare
726 377 798 397 ora-

62 412 202 443 tionem.
231 410 513 453 ‘repra-bendere,
530 409 736 440 contumelia
753 410 799 440 af-

63 455 174 486 ficere.
205 455 289 487 Phil.
312 455 377 486 xiv.
395 456 424 485 8.
456 463 525 483 rem
550 453 656 483 verbis
681 455 799 484 ηοιανέ.

63 498 182 530 Milon.
206 499 238 530 6.
267 499 374 528 matri
398 507 478 527 rein.
512 496 603 527 Verr.
627 507 653 526 v.
671 498 724 527 Ga.
753 498 799 527 sic

63 547 186 573 notatos
207 541 391 572 ambulare.
422 539 558 570 Cluent.
575 542 628 570 42.
657 540 696 569 de
721 550 799 570 cen—

60 586 149 616 soria
158 583 353 625 ignominia.
371 582 435 613 vid.
449 590 539 613 nota.
556 583 573 601 ‘⁸
584 584 674 613 Sext.
687 585 722 614 (51
732 606 739 613 .
752 584 800 613 vir

61 628 104 665 ἦε,
115 628 171 667 qui
186 627 372 666 tripartitas
387 627 474 657 orbis
487 632 650 657 terrarum
665 637 737 657 oras
751 632 799 657 at-

62 680 128 710 que
143 670 296 710 regiones
306 670 414 701 tribus
429 670 609 709 triumphis
626 670 798 708 adiunctas

61 713 141 744 huic
156 713 298 754 imperio
312 716 445 744 noem-it.
491 713 664 744 Abramius
681 715 798 753 respici

60 757 244 796 adtropoea
265 763 375 797 putat.
422 757 484 787 Sed
508 757 649 787 Romani
674 764 800 796 tropa-a

61 809 130 831 non
154 800 333 840 ponebant.
381 800 477 830 forte
501 808 568 830 est:
600 801 799 840 peragravit,

61 849 100 874 ut
114 844 151 874 in
166 843 224 874 Or.
243 853 302 884 pro
319 843 366 874 M.
379 843 528 874 Marcell.
552 846 583 873 Q.
602 853 661 874 nec
675 844 799 882 di-jun-

61 888 227 918 ctissimm
243 892 348 918 terras
364 887 463 917 citius
480 887 677 926 cujusquam
699 888 799 926 passi-

63 930 124 961 bus
140 930 288 971 potuisse
311 931 493 971 peragrari,
510 939 610 969 quam
634 931 714 967 tuis,
732 939 799 960 non

62 974 172 1005 dicam
195 973 358 1011 cursibus,
381 973 439 1004 sed
466 974 625 1010 victoriis,
649 973 798 1004 lustratae

62 1022 154 1048 nunt.
201 1017 318 1048 Horat.
335 1018 407 1048 Art.
424 1017 514 1047 Post.
538 1020 606 1048 158.
631 1027 725 1056 puer,
743 1017 799 1056 qui

58 1061 132 1099 jam
147 1059 232 1100 pede
248 1065 341 1091 certo
357 1062 469 1099 sig-nat
484 1060 639 1090 humum.

108 1104 255 1141 Neratio,
264 1104 476 1144 etymologia.
492 1104 607 1143 Topic.
617 1108 648 1135 8.
663 1104 681 1121 ¹*
692 1104 798 1133 anim-

63 1147 224 1178 adversio.
255 1148 450 1178 observatio.
489 1148 582 1178 Orat.
615 1150 666 1178 55.
707 1152 798 1178 nola-

63 1193 107 1222 ta'o
122 1195 264 1221 naturae.
295 1191 499 1221 *distinctio
523 1201 582 1230 per
605 1196 694 1221 notas
715 1196 801 1220 tem-

64 1244 197 1274 porum,
213 1234 361 1264 colorum
379 1235 438 1264 ἃς.
462 1235 558 1265 Brut.
579 1237 628 1268 19.
654 1233 802 1264 delector

63 1279 129 1308 ista
143 1278 237 1317 quasi
252 1279 410 1308 notatione
433 1284 634 1317 temporum.
667 1277 801 1307 Cluent.

63 1324 118 1355 47.
149 1323 268 1352 notatio
290 1321 481 1351 tabularum
509 1324 580 1361 (ηρ.
597 1331 672 1351 cera
696 1320 798 1351 diver-

63 1363 230 1399 sicolore.)
273 1364 358 1395 Phil.
384 1375 413 1395 v.
438 1367 468 1396 5.
507 1367 626 1395 notatio
646 1364 801 1404 judicum

66 1408 179 1439 haberi
202 1407 306 1439 solet:
341 1409 361 1438 i.
377 1418 406 1439 e.
429 1413 521 1438 certa
535 1414 616 1438 sunt
638 1409 746 1447 signa,
762 1418 802 1437 ex

63 1451 198 1491 quibus,
215 1452 321 1482 bonus
338 1451 443 1489 judex
461 1452 517 1490 qui
543 1461 613 1482 esse
636 1452 752 1491 possit,
769 1461 804 1481 a·

64 1495 179 1534 gnosci
195 1500 231 1525 et
247 1505 266 1525 a
282 1494 377 1525 malis
393 1494 556 1534 distingui
573 1501 694 1535 potest.
717 1496 803 1534 *pro

63 1538 309 1578 subscriptione
324 1542 473 1569 notarum
495 1539 720 1568 censoriarum
733 1537 804 1568 lau-

65 1583 149 1613 dant
161 1582 258 1613 Offic.
275 1582 322 1611 iii.
338 1585 391 1612 31.
416 1588 452 1611 et
468 1581 715 1612 Cluentianam.
747 1581 804 1611 sed

63 1625 220 1656 meliores
243 1624 318 1655 edd.
341 1625 468 1655 habent
492 1625 596 1655 notio.
634 1625 676 1655 cf.
700 1624 802 1655 Gron.

65 1669 194 1700 adLiv.
209 1669 308 1699 xxvii.
325 1670 378 1699 25.
410 1668 628 1707 *descriptim
655 1669 804 1700 Herenn.

66 1714 108 1743 iv.
125 1716 178 1744 50.
208 1713 329 1742 notatio
344 1718 408 1749 est,
425 1722 503 1742 cum
527 1711 667 1750 alicuius
686 1716 806 1741 natura

65 1756 167 1786 certis
181 1755 382 1786 describitur
396 1755 511 1793 signis.
545 1755 604 1785 Est
619 1754 804 1793 character,

65 1798 181 1839 quales
195 1798 448 1838 Theophrastus
466 1798 610 1838 scripsit.

110 1842 221 1879 Notio,
236 1842 438 1881 significatio
461 1842 561 1871 verbi.
588 1841 689 1872 Tusc.
706 1851 736 1872 ν.
756 1845 805 1872 10.

67 1885 162 1916 nulla
175 1885 242 1916 alia
257 1885 335 1915 huic
351 1886 449 1915 verbo
471 1885 623 1922 subjecta
638 1886 721 1916 notio
743 1891 805 1915 est.

66 1929 265 1971 *veh-1415,
283 1929 404 1959 notitia
420 1929 531 1958 insita.
563 1929 648 1968 Top.
667 1931 696 1959 5.
724 1930 806 1959 notio

66 1978 119 2002 est
134 1973 296 2012 impressa
309 1977 344 2002 et
368 1972 527 2011 insignita
551 1973 597 2002 rei
620 1971 807 2002 conforma-

67 2017 128 2046 tio.
159 2015 239 2046 Nat.
277 2015 321 2046 D.
347 2015 369 2046 i.
397 2017 445 2047 12.
484 2014 556 2045 haec
585 2015 699 2045 omnia
728 2025 806 2046 cum

68 2060 208 2090 deorum
223 2059 348 2089 notione
369 2058 695 2098 comprehendimus.
727 2059 806 2089 ibid.

72 2105 121 2134 14.
151 2101 250 2132 deum
267 2101 301 2131 in
325 2102 426 2132 animi
444 2104 566 2132 notione
581 2107 753 2141 tamquam
772 2103 806 2132 in

69 2146 208 2185 vestigio
230 2155 402 2185 reponere.
432 2145 474 2175 ib.
501 2148 549 2175 18.
580 2146 719 2175 notiones
742 2146 808 2185 pri-

70 2199 145 2221 mae.
173 2189 276 2220 Tusc.
300 2189 342 2219 iv.
366 2191 419 2219 24.
449 2188 601 2218 definitio
624 2189 732 2228 aperit
754 2199 808 2219 no-

68 2235 187 2264 tionem
207 2236 369 2268 nostram,
384 2242 485 2271 quam
508 2231 669 2262 habemus
691 2241 808 2262 omnes

69 2277 111 2307 de
126 2275 339 2312 fortitudine,
351 2279 477 2305 tectam
494 2279 594 2314 atque
610 2274 806 2305 involutam.

70 2320 116 2351 ib.
145 2318 356 2350 definitiones
380 2317 551 2349 declarant
567 2319 704 2349 notiones
718 2328 808 2348 com-

71 2372 205 2400 munes,
229 2362 294 2393 alia
317 2362 424 2401 mag-is
447 2361 522 2392 alia.
554 2361 642 2391 conf.
666 2361 768 2392 Acad.
786 2362 808 2392 i.

74 2409 126 2438 11.
149 2405 239 2437 *sed
254 2407 336 2436 notio
350 2412 402 2435 est
416 2406 518 2435 etiam
536 2404 576 2434 de
592 2404 631 2434 iis
647 2414 759 2435 rerum
774 2405 807 2435 in

71 2450 185 2481 animo
199 2449 329 2487 formis,
345 2458 418 2488 quae
436 2458 501 2478 non
520 2448 627 2478 insitae
643 2453 736 2486 sunt,
750 2448 809 2478 sed

70 2502 173 2533 opera
195 2493 320 2523 mentis
343 2492 528 2531 acquisitae,
553 2491 592 2521 de
617 2491 736 2530 quibus
759 2496 811 2521 est

70 2536 164 2568 locus
180 2536 320 2576 insignis
336 2535 408 2566 Pin.
424 2535 471 2565 iii.
494 2537 542 2565 10.
565 2534 672 2564 ‘hinc
687 2534 812 2565 dicitur

70 2581 174 2610 etiam
201 2579 241 2610 de
265 2579 456 2618 cognitione
481 2587 605 2615 rerum,
628 2583 663 2608 et
683 2578 812 2616 judicio

71 2623 113 2654 de
129 2623 238 2654 rebus.
269 2621 350 2653 Nat.
366 2622 409 2653 D.
428 2623 448 2652 i.
470 2625 517 2652 11.
547 2620 662 2661 fugere
686 2621 812 2651 intelli-

72 2666 197 2706 gentia
213 2670 336 2696 nostre
351 2666 418 2696 vim
435 2670 470 2695 et
483 2666 650 2695 notionem.
672 2663 810 2696 Tuscul.

73 2719 103 2739 v.
119 2711 174 2743 39.
199 2709 270 2739 sine
285 2708 447 2739 varietate
463 2707 612 2739 colorum
630 2708 750 2738 licebat
766 2709 813 2738 vi·

73 2761 150 2782 vere
165 2751 280 2782 beate:
311 2752 385 2782 sine
405 2753 531 2783 notione
553 2761 665 2781 rerum
688 2760 755 2782 non
773 2751 812 2781 li-

61 2795 183 2836 cebat.
213 2793 316 2824 Acad.
332 2794 374 2825 iv.
389 2798 443 2826 41.
474 2796 646 2826 veniamus
665 2804 754 2824 nunc
771 2793 814 2825 ad

75 2839 240 2868 bonorum
263 2840 299 2867 et
326 2837 493 2869 malorum
522 2840 688 2870 notionem.
728 2837 814 2868 *co-

74 2881 184 2920 gnitio
198 2880 240 2911 de
255 2879 366 2920 rebus,
377 2891 456 2921 quae
473 2885 524 2913 est
539 2882 813 2922 magistratuum,

1495 98 1583 145 ³67

844 194 1044 224 Pontificum
1068 194 1128 224 dxc.
1159 195 1257 226 Dom.
1286 198 1335 226 13.
1364 206 1437 235 qun!
1465 200 1575 229 omni·

840 239 923 268 notio
952 237 1150 268 Pontificum
1177 249 1246 271 csse
1275 239 1400 270 debuit.
1437 241 1514 279 Agr.
1538 243 1574 274 ii.

841 282 894 311 21.
918 282 1002 311 nouo
1018 281 1130 321 populi
1146 281 1241 311 Rom.
1265 284 1354 313 Sext.
1370 285 1422 314 95.
1445 290 1483 314 ut
1498 295 1575 315 cen·

840 325 927 354 soria
942 326 1026 354 »aazia
1041 324 1080 354 de
1098 325 1223 364 republ.
1238 325 1420 357 tolleretur.
1450 327 1492 358 cf.
1510 328 1574 359 Pis.

841 371 872 398 5.
889 367 1057 405 judicium
1071 370 1286 408 notionemque
1300 372 1482 401 censoriam
1495 381 1576 410 qua-

841 411 1035 449 dringentos
1051 421 1154 441 annos
1170 413 1352 442 tenuimus.
1378 414 1447 444 Att.
1464 414 1505 444 xi.
1522 416 1576 445 20.

841 457 998 485 notionem
1021 455 1092 492 ejus
1115 454 1250 484 differri.
1295 455 1357 485 Sed
1381 457 1503 487 Caecin.
1527 459 1575 489 12.

841 502 891 528 est
906 499 1007 528 etiam
1026 499 1116 528 notio
1137 498 1274 529 actoris:
1303 499 1389 537 quod
1412 501 1577 538 quomodo

841 542 984 578 dicatur,
1002 541 1066 571 vid.
1084 542 1117 571 in
1134 542 1384 572 animadversio.
1414 543 1480 572 ‘de
1497 550 1577 575 nota

841 586 1000 615 censoria.
1039 584 1103 615 Off.
1127 586 1173 615 iii.
1197 588 1249 615 31.
1286 587 1367 615 notio
1389 595 1577 617 censorum.

841 629 931 658 Sext.
943 631 995 658 ⁶25.
1019 630 1159 659 notiones
1173 630 1342 660 censoriae.
1366 639 1396 659 v.
1410 629 1453 659 ibi
1469 630 1575 661 Graev.

841 676 877 701 et
891 672 994 702 Gron.
1011 672 1052 701 ad
1068 672 1139 702 Liv.

887 715 1030 749 Nomia.
1049 716 1139 745 notio
1155 716 1266 752 insita,
1280 714 1449 757 nean-leae.
1475 716 1578 749 Acad.

843 759 884 788 iv.
897 760 948 789 46.
973 760 1090 788 notitae'ae
1105 769 1228 793 rerum,
1241 770 1258 787 e
1275 758 1483 799 philosophia
1498 760 1578 800 Epi-

843 802 925 832 curi.
957 804 1014 832 Or.
1030 805 1083 833 33.
1112 805 1258 833 notitiam
1283 802 1328 831 rei
1351 803 1479 841 aperire
1495 803 1578 833 defl-

843 845 975 875 niendo.
1008 846 1132 875 ‘notio
1155 845 1326 885 acquisita.
1358 845 1429 875 Pin.
1452 846 1498 876 iii.
1525 849 1575 879 10.

843 888 904 918 hoc
921 895 1040 927 quarto
1059 889 1183 927 (modo)
1202 890 1314 918 notitia
1329 888 1418 918 sacta
1431 895 1482 919 est
1498 890 1559 920 ἃς.

888 932 1004 962 Notus.
1035 933 1152 963 active.
1191 933 1283 962 verr.
1310 933 1330 961 i.
1356 935 1387 965 7.
1425 942 1456 962 v.
1481 933 1576 964 Viros

842 975 929 1005 doct.
955 975 996 1004 ad
1020 975 1147 1006 Pha-dr.
1171 977 1192 1006 i.
1214 978 1261 1005 11.
1293 975 1327 1004 in
1352 974 1475 1006 malam
1500 986 1575 1016 par-

841 1024 910 1048 tem
929 1028 986 1058 pro
1002 1019 1158 1049 famosus.
1191 1018 1271 1048 Coel.
1291 1021 1339 1049 13.
1364 1018 1490 1050 femina
1506 1029 1573 1051 non

842 1061 940 1092 modo
957 1061 1089 1097 nobilis,
1105 1062 1162 1092 sed
1177 1063 1278 1092 etiam
1296 1065 1381 1092 nota.

888 1105 988 1136 Nove.
1011 1104 1054 1135 ad
1071 1105 1149 1136 Her.
1167 1106 1188 1135 i.
1204 1109 1234 1139 9.

888 1148 1107 1178 Nouendialis.
1135 1150 1176 1188 Ω.
1191 1148 1242 1178 Fr.
1258 1148 1304 1178 iii.
1321 1151 1351 1179 5.
1374 1149 1575 1181 novendiale:

843 1192 952 1221 feriae:
978 1192 1136 1222 dicuntur
1151 1202 1171 1221 a
1187 1201 1325 1221 numero
1341 1191 1481 1222 dicrum.

888 1234 1051 1266 Noviqu
1077 1235 1159 1266 Phil.
1191 1236 1232 1265 ix.
1261 1237 1292 1265 9.
1328 1236 1462 1266 novitati
1493 1236 1577 1270 invi-

843 1279 932 1309 dere.
956 1289 984 1309 v.
1000 1288 1100 1309 novus
1114 1279 1225 1309 homo.

890 1323 1014 1352 Novus.
1046 1332 1097 1352 res
1112 1332 1200 1352 novae
1216 1321 1409 1361 significant
1430 1320 1577 1361 aliquam

844 1366 1008 1405 insignem
1024 1366 1311 1406 perturbationem
1333 1370 1368 1394 et
1391 1370 1578 1397 commuta·

843 1410 970 1439 tionem
987 1415 1094 1439 status
1107 1408 1247 1449 reipubl.
1259 1408 1388 1438 ratione
1404 1408 1579 1448 magistra-

844 1458 956 1489 tuum,
968 1453 1186 1491 judiciorum,
1202 1452 1329 1491 legum,
1344 1451 1510 1482 veteribus
1524 1452 1577 1482 vel

843 1497 997 1533 sublatis,
1015 1495 1066 1526 vel
1089 1497 1187 1532 novis,
1203 1501 1238 1525 et
1261 1495 1300 1524 iis
1319 1494 1451 1533 quidem
1467 1496 1580 1535 perni-

845 1541 955 1578 ciosis,
972 1539 1060 1570 latis.
1089 1539 1182 1570 Verr.
1206 1539 1227 1569 i.
1251 1541 1282 1572 7.
1315 1537 1413 1568 Catil.
1431 1538 1452 1568 i.
1478 1541 1504 1569 1.
1535 1538 1579 1569 ad

847 1584 922 1614 Div.
948 1583 990 1613 xi.
1015 1585 1068 1614 21.
1093 1585 1153 1612 ἀρ.
1182 1583 1285 1612 *novi
1307 1581 1469 1612 homines.
1499 1581 1580 1621 Agr.

846 1628 880 1657 ii.
906 1629 937 1658 9..
962 1627 1022 1656 &c.
1056 1627 1112 1666 qui
1134 1625 1233 1666 primi
1259 1635 1276 1654 e
1303 1623 1431 1654 familia
1453 1634 1515 1655 sua
1537 1625 1580 1655 ad

846 1671 1060 1710 magistratus
1084 1678 1274 1710 pervenere.
1313 1668 1436 1698 *Orac
1464 1668 1499 1698 ii.
1526 1668 1579 1700 66.

846 1714 906 1744 sub
925 1714 1044 1744 AVot-is:
1076 1712 1182 1743 intell.
1204 1711 1350 1742 tabernis
1373 1711 1581 1751 argentariis.

846 1756 910 1787 fuit
939 1766 1014 1797 pars
1044 1756 1105 1786 fori
1141 1755 1296 1792 Romani,
1326 1754 1420 1792 cujus
1458 1755 1581 1795 passim

847 1801 974 1830 mentio
1004 1799 1092 1839 apud
1119 1803 1257 1828 veteres.
1295 1807 1326 1827 v.
1355 1798 1389 1827 P.
1416 1797 1509 1828 fabr.
1538 1797 1581 1828 ad

847 1843 948 1874 Acad.
966 1844 1006 1873 iv.
1023 1845 1076 1873 ²22.
1104 1847 1138 1872 et
1155 1840 1326 1872 Drakenb.
1344 1841 1386 1870 ad
1405 1840 1476 1871 Liv.
1494 1841 1581 1872 xxvi.

847 1889 900 1921 97.
923 1887 1000 1917 xliv.
1028 1890 1076 1920 17.
1108 1885 1308 1916 Novis-simus
1337 1883 1427 1924 apud
1451 1883 1582 1915 Cicero·

849 1940 924 1960 nem
942 1930 1092 1970 reperiri,
1109 1928 1195 1958 male
1220 1931 1320 1967 negat
1336 1926 1462 1957 Gellius
1478 1937 1508 1957 x.
1526 1929 1580 1959 21.

848 1983 867 2003 a
884 1973 996 2004 multis
1014 1974 1086 2012 jain
1107 1977 1254 2002 notatus.
1286 1980 1316 2001 v.
1331 1970 1363 2001 ὖ.
1380 1971 1522 2002 Gronov.
1537 1969 1581 2001 ad

849 2017 871 2047 l.
891 2027 920 2048 c.

894 2060 981 2090 Noz.
1012 2059 1053 2089 de
1076 2063 1186 2088 nocte.
1215 2057 1279 2087 vid.
1303 2055 1354 2086 de.
1386 2056 1478 2087 ‘nox
1499 2057 1581 2098 reip.

849 2103 943 2134 Brut.
972 2103 1026 2138 96.
1062 2102 1143 2132 Har.
1172 2102 1211 2132 R.
1243 2101 1274 2131 6.
1315 2099 1355 2130 de
1387 2100 1582 2161 perturbato

849 2147 930 2187 reip.
947 2151 1049 2176 statu.
1072 2145 1114 2174 cf.
1130 2145 1288 2174 tenebrae.

894 2190 1078 2221 Nubeculn.
1110 2188 1175 2218 Pis.
1201 2192 1232 2222 9.
1262 2187 1422 2217 nubecula
1450 2186 1582 2219 frontis.

850 2238 901 2264 est
919 2243 974 2263 sev
976 2233 1087 2263 eritas.

896 2277 1029 2307 Nubere
1042 2284 1119 2305 cum
1134 2282 1273 2314 praepoS.
1286 2282 1374 2303 cum.
1397 2272 1438 2303 ad
1455 2272 1585 2310 Divert.

850 2330 902 2350 xv.
916 2323 947 2351 3.
970 2328 1113 2358 quocum
1132 2321 1239 2356 nupta
1251 2319 1348 2346 esset.

896 2363 1032 2400 Nudus,
1069 2360 1222 2400 simplex,
1259 2360 1330 2389 sine
1366 2361 1586 2392 ornamentis.

851 2408 948 2438 Brut.
978 2409 1032 2440 75.
1076 2404 1117 2434 de
1149 2403 1286 2434 Caesaris
1317 2403 1585 2434 commentariis:

850 2450 932 2481 nudi
946 2455 1038 2485 sunt,
1053 2447 1149 2484 recti,
1165 2450 1200 2476 et
1213 2446 1358 2475 venusti.
1381 2445 1480 2476 ‘sine
1494 2455 1588 2477 exer-

852 2495 933 2524 citu.
971 2493 1013 2522 ad
1036 2492 1114 2522 Div.
1138 2500 1168 2520 x.
1198 2492 1246 2519 11.
1285 2489 1312 2518 si
1335 2489 1444 2519 nudus
1464 2488 1530 2520 hue
1553 2499 1590 2521 se

851 2536 1018 2568 Antonius
1043 2534 1202 2564 conferet.
1239 2532 1376 2571 *inops.
1407 2531 1478 2563 Λα.
1496 2532 1519 2563 i.
1538 2533 1590 2564 16.

852 2580 934 2611 nudi
954 2579 1095 2619 equites.
1125 2586 1158 2606 v.
1174 2575 1299 2615 interp.
1323 2574 1365 2604 ad
1387 2575 1481 2605 Suet.
1505 2575 1591 2608 (ἷκε.

900 2665 1025 2703 Nugoe,
1055 2667 1248 2693 contemtus
1284 2670 1386 2692 causa
1416 2661 1518 2692 etiam
1550 2661 1592 2693 dc

854 2707 1046 2739 hominibus
1068 2706 1239 2736 dicuntur.
1270 2704 1340 2734 Att.
1360 2705 1403 2735 vi.
1420 2707 1450 2735 3.
1482 2704 1594 2736 videa-

852 2758 954 2783 turne
979 2754 1037 2781 aut
1059 2750 1193 2790 pietatis
1219 2757 1290 2779 esse
1313 2757 1410 2785 meae,
1434 2748 1592 2787 fratrem;

855 2800 915 2826 aut
938 2793 1136 2834 diligentiae,
1152 2801 1322 2832 nugarum
1346 2790 1471 2830 aliquid
1495 2791 1594 2822 relin-

857 2839 980 2879 quere?
1007 2836 1085 2868 ibid.
1097 2836 1221 2867 amicos
1237 2834 1338 2865 habet
1354 2843 1460 2864 meras
1475 2844 1595 2874 nugae.

857 2883 950 2914 Orat.
969 2881 1004 2912 ii.
1026 2883 1079 2913 51.
1107 2878 1286 2921 tragoedias
1307 2886 1406 2920 agere
1429 2878 1463 2911 in
1487 2880 1594 2918 nugis.
