1800 3131
125 84 209 127 362

124 187 201 219 Div.
217 197 248 218 v.
268 187 298 217 6.
324 195 385 218 nec
402 191 537 228 putant,
550 188 581 218 ei
598 198 717 220 numos
735 190 860 227 deesse,

123 231 180 270 qui
201 231 416 262 foeneratores
435 242 475 262 ex
489 232 658 263 obsidione
675 234 837 263 exemerit
852 246 857 263 :

123 274 157 305 h.
175 284 204 305 e.
221 275 277 314 qui
293 275 327 304 in
343 275 527 306 Consulatu
547 276 734 307 tabularum
762 287 860 308 nova-

122 327 198 349 rum
214 318 399 358 periculum
417 320 586 358 averterit,
604 330 681 350 cum
700 321 779 351 fides
796 321 860 351 Ro-

122 371 187 392 mae
202 366 236 392 et
251 362 286 391 in
303 363 479 402 provinciis
497 362 672 394 laboraret.
696 365 738 394 οἱ.
756 365 860 404 inpri-

122 406 185 436 mis
208 406 273 436 Off.
300 406 334 435 ii.
361 408 413 438 ⁶24.
439 413 472 437 et
496 407 612 437 Manil.
637 411 667 441 7.
693 410 781 437 Sext.
805 411 857 438 413.

121 449 247 486 Pisoni,
277 450 334 488 qui
364 450 597 480 Macedoniani
632 450 704 490 lege.
744 451 860 481 Clodia

120 493 326 530 obtinuerat,
346 494 480 533 objicit:
506 504 583 524 eum
608 494 695 524 bona
718 495 859 524 credito—

119 547 208 575 rum,
241 537 364 566 civium
402 538 497 568 Rom.
537 547 613 567 cnm
653 537 855 567 debitoribus

121 581 246 611 Graeeis
285 580 442 611 divisisse.
482 580 526 610 Hi
565 580 744 610 creditores
780 586 859 611 sunt

118 626 340 664 negotiatores.
399 625 535 654 Fonteio
573 624 741 662 objectum
772 631 857 661 erat,

119 668 208 708 quod
238 678 277 697 eo
308 672 447 707 praetore
477 677 632 707 oppressa
667 672 753 697 esset
792 677 856 698 aere

119 712 230 742 alieno
252 711 371 741 Gallia.
419 710 456 740 Id
481 715 518 740 ut
541 711 661 740 falsum
681 711 856 741 convince-

118 760 173 785 ret
203 755 331 792 Cicero,
356 755 487 792 quierit,
513 764 533 784 a
563 755 681 793 quibus
713 764 855 785 versurae

119 802 293 829 tantarum
323 798 543 837 pecuniarum
574 798 672 828 factae
703 798 771 828 sint
789 810 795 827 τ
829 799 857 828 Α

120 842 251 872 Gallis?
278 840 362 870 nihil
379 841 501 871 minus.
519 851 538 870 a
553 842 671 879 quibus
687 842 812 880 igitur?
838 852 858 872 a

121 885 246 915 civibus
263 884 358 914 Rom.
378 885 434 923 qui
452 885 485 914 in
503 884 611 914 Gallia
633 886 856 924 negotiantur,

118 929 180 959 &c.
204 928 297 958 Verr.
314 928 336 958 i.
353 930 406 962 ⁶27.
430 929 486 966 qui
503 930 661 967 neg-otiari
684 929 854 967 dicuntur,

117 971 231 1013 paullo
255 976 330 1011 post
354 971 534 1002 creditores
558 973 664 1011 togati
681 977 855 1003 vocantur.

116 1015 181 1045 Sed
196 1014 279 1045 nihil
296 1020 347 1044 est
364 1015 406 1045 ad
421 1015 508 1045 hanc
524 1025 592 1045 rem
607 1016 770 1055 insignius
786 1017 856 1056 epi-

115 1059 209 1089 stolis
235 1058 378 1098 quatuor
400 1059 441 1089 ad
463 1059 564 1089 Attio.
587 1070 617 1088 v.
634 1061 684 1089 ΞΗ.
710 1061 752 1089 νί.
776 1063 802 1090 l.
823 1062 854 1091 ΞΖ.

118 1106 151 1134 3.
175 1103 211 1132 in
238 1102 357 1141 quibus
383 1102 491 1133 multa
519 1103 558 1143 de
583 1102 631 1133 M.
659 1103 793 1143 Scaptio
820 1110 855 1133 et

116 1146 262 1177 Matinio
276 1157 286 1183 ς
307 1146 363 1185 qui
379 1147 539 1186 primum,
554 1147 609 1176 ubi
628 1147 668 1176 ab
684 1148 722 1176 iis
738 1148 853 1177 Romze

116 1189 290 1220 Salaminii
314 1190 445 1229 publice
464 1190 605 1219 voluisse
620 1200 788 1220 versuram
806 1191 854 1220 fa-

115 1243 190 1264 cere
205 1233 377 1270 dicuntur,
393 1233 605 1273 appellantur
619 1234 834 1264 soeneratores
847 1247 853 1264 :

115 1281 206 1318 post,
218 1287 295 1307 cum
313 1277 347 1306 in
364 1278 534 1316 provincia
544 1287 627 1313 esse,
640 1283 674 1308 et
687 1278 731 1307 ibi
747 1277 854 1308 foenus

115 1330 268 1351 exercere
282 1320 451 1358 dicuntur,
468 1325 501 1350 et
518 1331 537 1350 a
551 1321 740 1351 Salaminiis
753 1332 856 1361 pecu-

117 1365 208 1395 niam
225 1368 389 1404 repetere,
405 1365 625 1403 negotiatore&
653 1365 856 1404 (Frenerato-

116 1418 168 1438 res
188 1412 304 1438 tamen
327 1408 430 1437 etiam
456 1409 490 1437 in
515 1408 685 1447 provincia
700 1409 783 1438 dixit
800 1409 855 1439 Li-

115 1452 189 1481 vius
204 1451 303 1481 xxxii.
319 1450 386 1488 ⁶27.)
415 1451 502 1481 Nam
516 1462 592 1481 cum
606 1453 758 1492 Scaptius
773 1462 854 1491 prte-

114 1495 280 1526 fecturam
305 1504 325 1524 a
349 1495 509 1525 Cicerone
533 1500 677 1535 peteret,
696 1496 852 1535 negabat,

114 1548 149 1569 se
173 1539 377 1577 negotiatori,
394 1539 450 1577 qui
475 1539 509 1568 in
526 1540 695 1578 provincia
717 1549 777 1569 sua
798 1549 852 1569 ne-

113 1584 311 1622 gotiaretur,
328 1582 563 1621 praefecturam
580 1582 750 1612 daturum.
769 1583 855 1613 Con-

112 1626 244 1656 sulatur
255 1625 358 1655 etiam
372 1625 462 1655 locus
475 1626 628 1664 egregius
645 1626 728 1656 Livii
740 1627 852 1657 xxxiii.

115 1672 168 1704 29.
187 1669 227 1699 de
244 1668 407 1698 militibus
424 1669 457 1698 in
473 1670 643 1708 provincia
658 1671 852 1708 negotianti-

114 1714 183 1743 bus.
227 1712 379 1742 Alterum
403 1722 508 1750 genus
524 1714 748 1751 negotiationis
762 1720 854 1743 vete·

112 1757 158 1787 ris
182 1760 254 1786 erat
276 1756 316 1785 ab
339 1756 537 1793 aratoribus,
560 1766 637 1786 eum
662 1757 787 1787 civibus
811 1757 850 1787 R.

112 1804 188 1830 tum
202 1799 474 1840 provincialibus,
487 1800 567 1829 item
584 1801 722 1839 integris
737 1801 854 1830 civita-

111 1844 214 1880 tibus,
227 1843 434 1873 frumentum
453 1853 576 1880 emere,
591 1849 624 1872 et
640 1843 782 1874 Romam
800 1854 854 1874 ve-

111 1887 222 1918 hendo
245 1886 374 1916 lucrum
404 1896 561 1925 quaerere.
595 1887 701 1917 Flacc.
729 1888 781 1918 36.
810 1888 849 1917 de

110 1930 255 1961 Falcidio
285 1930 426 1969 quodam
461 1931 585 1969 agitur,
612 1940 711 1970 quem
743 1937 852 1961 mater

111 1975 147 2005 in
170 1974 375 2014 provinciam
399 1973 511 2003 Asiam
537 1975 672 2004 miserat
695 1984 772 2004 cum
795 1985 852 2014 pe-

110 2019 221 2048 cunia.
245 2018 429 2056 quorsum?
455 2022 495 2046 ut
516 2019 747 2056 negotiaretur.
772 2018 852 2057 quid

112 2062 218 2101 igitur
228 2061 310 2091 fecit
323 2061 334 2090 ?
358 2061 495 2090 Fructus
506 2061 753 2091 Trallianorum
765 2062 852 2091 Prae-

111 2109 183 2135 tore
200 2105 342 2135 Globulo
359 2108 498 2134 emerat.
538 2104 739 2143 Hujusmodi
757 2115 852 2144 nego-

110 2150 243 2179 tiatores
257 2153 336 2178 sunt
352 2148 401 2178 bis
417 2158 469 2188 ap.
485 2148 606 2178 Caesar.
623 2148 707 2178 Bell.
726 2148 812 2179 Gall.
830 2149 851 2179 l.

110 2193 166 2223 vii.
190 2195 220 2223 3.
245 2194 298 2223 42,
330 2201 532 2231 quamquam
558 2202 597 2222 ex
620 2192 669 2222 bis
687 2192 766 2222 locis
783 2202 850 2222 non

111 2237 191 2266 satis
213 2235 358 2275 intelligi
382 2239 492 2275 potest
516 2236 630 2274 quales
646 2235 785 2273 fuerint,
801 2241 851 2265 ta—

111 2289 191 2310 men
215 2279 353 2319 Dionys.
370 2278 505 2309 Vossius
528 2279 765 2309 frumentarios
790 2289 850 2318 pu-

109 2327 172 2354 tat.
207 2323 283 2360 Sed,
301 2324 356 2361 qui
378 2333 406 2352 c.
426 2325 480 2354 38.
515 2328 747 2353 memorantur
763 2323 849 2352 cives

110 2367 208 2398 Rom.
225 2376 305 2404 quos
322 2365 491 2396 interfecit
502 2366 684 2403 Litavicus,
700 2366 850 2396 frumen-

109 2415 147 2441 to
170 2420 285 2450 eorum
309 2409 451 2449 direpto,
470 2409 554 2440 tales
575 2409 724 2449 profecto
745 2409 849 2439 fuere.

110 2453 209 2484 Tales
232 2457 266 2482 et
291 2453 350 2489 illi,
368 2453 407 2483 de
432 2454 551 2491 quibus
568 2453 656 2483 Hirt.
678 2453 763 2484 Bell.
779 2453 848 2483 Afr.

110 2497 164 2528 36.
189 2496 348 2526 Ceterum
373 2498 585 2535 negociatores
599 2505 727 2526 veteres
746 2497 848 2526 libera

110 2539 239 2580 republ.
257 2543 291 2568 et
306 2540 402 2569 initio
419 2540 581 2579 Augustei
593 2532 723 2580 imperii
734 2540 850 2577 fuisse,

113 2584 170 2624 qui
194 2583 344 2623 pecuniis
365 2583 398 2612 in
416 2584 586 2624 provincia
601 2584 719 2614 foenori
738 2584 851 2614 locan-

113 2628 177 2665 dis,
196 2630 231 2656 et
243 2625 421 2656 frumentis
442 2627 644 2664 coemendis,
662 2627 766 2666 iisque
785 2627 851 2657 Ro-

112 2680 217 2708 mam,
251 2674 309 2699 aut
338 2679 495 2708 quorsum
527 2676 673 2709 qnaestus
701 2671 850 2710 juberet,

111 2712 283 2749 vehendis,
311 2718 476 2751 quaestum
502 2713 666 2751 facerent,
691 2714 774 2744 vidit
801 2718 851 2743 et.-

113 2758 195 2794 iam,
209 2760 244 2785 et
258 2756 284 2785 is
303 2755 436 2794 quidem
454 2767 554 2794 unus,
568 2767 666 2796 quem
685 2758 766 2795 scio,
781 2756 851 2787 Cel.

111 2800 327 2832 Burmannus
341 2799 381 2828 ad
394 2799 525 2830 Petron.
540 2811 568 2830 c.
586 2804 652 2831 101.
666 2800 723 2831 sed
736 2804 850 2831 tamen

113 2853 182 2875 non
193 2842 273 2873 satis
286 2851 392 2881 neque
405 2852 425 2872 a
435 2844 674 2874 mercatoribus
690 2845 850 2883 sejunxit,

111 2896 221 2927 neque
237 2885 388 2917 vocabuli
400 2885 499 2927 hujus
510 2889 682 2926 tamquam
695 2892 849 2928 tempora

637 100 785 130 INDEX
815 101 952 130 LATIN
959 103 1075 130 [TATI
1082 102 1115 130 S.

906 189 1069 220 distinxit.
1096 191 1184 221 Nam
1201 191 1261 221 sub
1280 191 1477 229 Caesaribus,
1492 202 1568 223 cum
1586 203 1641 224 ne-

900 235 979 271 gotii
1017 235 1153 264 verbum
1191 240 1277 265 essct
1307 242 1340 264 et
1371 238 1573 274 negotiationi
1603 243 1639 267 et

904 283 1101 307 mercaturi?
1130 288 1321 315 commune,
1344 283 1378 309 et
1402 288 1542 318 utraque
1569 290 1638 310 ma-

902 330 1002 358 gnam
1020 322 1275 352 similitudinem
1295 323 1444 361 haberet,
1461 325 1638 362 negotiato-

902 373 954 393 res
979 365 1081 394 etiam
1109 373 1310 396 mercatores
1338 366 1416 396 dicti
1444 372 1536 403 sunt,
1559 367 1638 396 hinc

901 409 1113 445 negotiatores
1132 408 1259 447 olearii‚
1277 410 1475 447 carbonarii,
1492 409 1637 449 lignarii,

902 451 1021 487 sagarii
1047 451 1106 481 ἃς.
1130 462 1271 491 quoi-uin
1297 463 1372 483 cuni
1397 453 1487 490 alibi,
1505 459 1578 483 tum
1604 454 1638 482 in

903 493 1177 533 inscriptionibus
1194 497 1359 527 veteribus
1376 508 1427 536 ap.
1440 497 1636 534 Gruterum,

900 537 1061 573 Gudiam,
1078 538 1227 569 Donium
1246 541 1360 570 crebra
1378 542 1516 570 mentio.

947 581 1143 619 Negotiatio.
1176 583 1216 612 ad
1247 583 1375 614 Divers.
1408 585 1474 614 xiii.
1507 584 1560 615 66.
1600 589 1639 614 ut

902 623 1069 654 Caecinam
1093 625 1128 654 in
1150 626 1296 664 reliquiis
1312 629 1431 657 veteris
1449 628 1638 666 negotiatio-

901 667 949 696 nis
972 667 1163 705 colligendis
1180 669 1288 707 juves.
1321 671 1418 700 Hanc
1442 681 1556 701 vocem
1582 671 1637 701 Ci-

900 711 1012 740 ceroni
1029 712 1268 742 restituendam
1289 718 1388 752 putat
1402 714 1435 744 «J.
1452 714 1636 745 Gronovius

898 754 930 782 in
956 764 1007 794 ep.
1031 754 1072 784 ad
1087 755 1155 784 Att.
1173 757 1228 786 xii.
1249 759 1279 787 5.
1310 757 1367 786 ubi
1383 758 1545 797 scriptum
1562 763 1632 789 est:

897 798 1067 828 nicasionu
1075 809 1118 836 rn,
1130 809 1202 838 quae
1212 799 1308 829 nihili
1319 810 1379 830 vox
1390 805 1451 830 est.
1472 801 1588 839 Recte,
1597 805 1637 832 ut

899 841 979 870 mihi
1007 842 1150 872 videtur.
1175 842 1356 883 archetypa
1382 845 1637 882 negotiationum

897 889 978 914 sunt
999 885 1123 915 tabulae
1148 887 1409 925 negotiatorum,
1431 888 1549 925 quibus
1574 888 1636 928 ipsi

897 937 958 957 sua
985 938 1085 958 manu
1114 935 1250 969 accepta
1276 937 1311 960 et
1336 939 1482 970 expensa
1505 936 1644 971 notant„

896 969 956 1001 Est
972 971 1035 1001 hoe
1052 972 1188 1002 verbum
1206 974 1306 1003 ctiam
1325 984 1376 1013 ap.
1392 974 1502 1005 Valer.
1526 975 1574 1005 M.
1591 975 1634 1004 iv.

899 1018 928 1045 8.
946 1015 985 1044 de
1003 1015 1178 1045 Considio:
1197 1015 1273 1046 dam
1290 1018 1346 1056 qui
1363 1027 1452 1047 nunc
1468 1019 1636 1058 praecipue

898 1059 1109 1097 negotiatione
1124 1059 1348 1097 delectantur,
1364 1071 1440 1091 cum
1454 1063 1633 1101 pecuniam

897 1106 1072 1132 cruentam
1089 1102 1226 1133 domum
1242 1104 1441 1141 retulerunt,
1455 1115 1554 1144 quam
1573 1106 1635 1135 im-

897 1146 1066 1185 probando
1104 1146 1224 1185 gaudio
1261 1148 1444 1185 exsultent,
1476 1158 1636 1187 recogno-

897 1196 1004 1219 scant.
1031 1189 1170 1220 Salinas.
1197 1190 1238 1220 ad
1266 1191 1446 1230 Capitolini
1470 1192 1636 1222 Pertinac.

897 1237 928 1266 9.
952 1232 1017 1272 legi
1033 1233 1182 1264 volebat:
1209 1235 1397 1265 necatione.
1414 1235 1472 1265 sed
1488 1235 1635 1265 vindica-

898 1280 977 1306 runt
1008 1277 1097 1307 docti
1133 1277 1285 1307 homines
1317 1278 1487 1317 vulgatam
1520 1279 1636 1309 lectio-

898 1329 989 1357 nem,
1007 1320 1158 1360 inprimis
1182 1321 1325 1351 Gronov.
1348 1321 1426 1352 Obs.
1443 1323 1484 1352 iv.
1503 1324 1555 1353 24.
1579 1324 1635 1362 qui

897 1364 999 1393 ctiam
1017 1373 1057 1394 ex
1074 1364 1164 1394 libris
1179 1365 1269 1395 Juris
1288 1365 1400 1395 Civilis
1413 1365 1634 1405 demonstrat,

897 1408 1144 1446 negociationem
1168 1418 1238 1438 esse
1265 1410 1299 1438 in
1327 1409 1366 1439 iis
1389 1409 1559 1440 interdum
1583 1417 1635 1440 ar·

897 1451 1097 1489 gcntariam,
1124 1456 1158 1481 et
1189 1462 1207 1481 e
1237 1451 1329 1482 «lulio
1359 1453 1500 1483 Firmico
1530 1454 1573 1484 iv,
1603 1456 1636 1488 7.

897 1499 1138 1525 commemorat
1152 1495 1317 1525 foenorum
1334 1498 1572 1535 negotiationes.

940 1538 1134 1576 Negotium,
1147 1549 1197 1568 res
1210 1539 1395 1569 familiaris.
1419 1540 1518 1570 Catil.
1532 1541 1565 1570 ii.
1583 1543 1633 1571 10.

895 1583 1059 1619 negotium
1088 1581 1174 1612 male
1204 1592 1330 1621 gerere.
1376 1583 1421 1613 Et
1444 1584 1478 1613 in
1502 1585 1636 1614 univer-

895 1635 968 1654 sum
993 1625 1033 1654 de
1057 1626 1149 1655 omni
1176 1635 1296 1665 genere
1324 1633 1471 1665 quaestus
1495 1627 1633 1664 dicitur,

895 1668 953 1698 sed
977 1668 1129 1708 inprimis
1153 1669 1193 1699 de
1217 1679 1269 1707 eo,
1286 1670 1374 1708 quod
1389 1680 1427 1699 ex
1444 1669 1568 1700 foenore
1584 1680 1636 1701 re-

896 1711 954 1741 dit.
984 1713 1025 1741 ad
1051 1712 1127 1742 Div.
1154 1713 1175 1742 i.
1201 1716 1232 1743 3.
1254 1713 1440 1743 Trebonius
1464 1714 1577 1754 ampla
1599 1717 1634 1744 et

895 1755 1049 1795 expedita
1065 1758 1193 1794 negotia
1209 1756 1244 1786 in
1260 1761 1320 1786 tua
1334 1757 1507 1797 provincia
1521 1757 1634 1788 habet.

895 1799 1045 1829 Graevius
1058 1799 1097 1828 de
1112 1799 1242 1840 praediis
1255 1801 1496 1840 interpretatur
1509 1801 1551 1831 ad
1566 1801 1599 1831 h.
1613 1801 1634 1831 l.

895 1847 995 1881 atquc
1012 1842 1094 1872 adeo
1109 1843 1149 1873 de
1164 1849 1238 1873 tota
1255 1853 1289 1872 re
1305 1843 1461 1874 familiari
1479 1844 1519 1874 ad
1533 1844 1633 1874 Catil.

895 1886 929 1915 ii.
958 1890 1005 1917 10.
1029 1887 1086 1916 ubi
1109 1897 1187 1926 pro:
1213 1886 1300 1916 male
1324 1888 1473 1926 gerundo
1496 1889 1632 1927 negotio,

895 1930 1076 1969 legendum
1106 1934 1241 1960 censet:
1275 1932 1425 1969 negotia:
1457 1931 1478 1961 i.
1507 1941 1535 1962 e.
1563 1941 1634 1961 rem

894 1973 1116 2003 familiarem:
1147 1974 1235 2013 quod
1260 1983 1387 2011 vereor,
1410 1978 1449 2004 ut
1476 1975 1634 2014 cuiquam

895 2017 1023 2056 probet.
1069 2017 1156 2047 Nam
1182 2027 1248 2047 non
1271 2027 1342 2047 uno
1364 2017 1436 2047 loco
1460 2022 1571 2058 patres
1586 2018 1636 2048 fa-

895 2059 1003 2090 milias
1019 2060 1178 2090 dicuntur
1192 2063 1356 2099 negotium
1372 2062 1456 2091 bene
1472 2065 1531 2091 aut
1547 2061 1634 2092 male

896 2114 1020 2143 gerere.
1068 2104 1105 2133 In
1130 2103 1186 2134 illo
1210 2108 1322 2134 autem
1347 2104 1419 2134 loco
1434 2104 1544 2144 ipsum
1562 2114 1634 2134 ver-

895 2148 975 2178 bum
998 2148 1153 2188 expedita
1175 2152 1307 2188 poterat
1324 2147 1455 2185 docere,
1470 2148 1510 2178 de
1527 2158 1560 2177 re
1577 2157 1634 2188 pe-

898 2192 1047 2230 cuniaria
1070 2201 1140 2221 esse
1164 2201 1365 2221 sermonem.
1389 2190 1517 2221 Phaedr.
1535 2192 1557 2221 i.
1584 2191 1633 2222 16.

896 2237 952 2274 qui
968 2245 1091 2265 nomen
1105 2235 1205 2272 locat,
1217 2244 1375 2275 sponsore
1388 2235 1551 2274 improbo,
1565 2243 1633 2265 non

894 2288 965 2308 rem
990 2278 1158 2319 expedire,
1175 2278 1232 2308 sed
1255 2277 1344 2308 mala
1364 2277 1476 2308 videre
1492 2278 1632 2318 expetit.

895 2322 947 2351 Sic
974 2322 1045 2352 Att.
1073 2332 1123 2351 xv.
1154 2324 1201 2352 15.
1229 2323 1282 2352 520.
1309 2321 1474 2361 explicata
1498 2321 1632 2352 solutio.

894 2365 972 2395 ibid.
990 2366 1058 2395 xiii.
1076 2368 1128 2400 29.
1152 2365 1317 2405 explicare
1335 2374 1469 2394 nomen.
1494 2364 1631 2395 Cluent.

894 2410 944 2443 69.
964 2409 1178 2448 junguntur:
1197 2408 1334 2448 praedia,
1350 2409 1491 2447 neg-otia,
1507 2417 1558 2438 res
1575 2418 1632 2448 pe-

893 2453 1062 2482 cuniariae.
1089 2453 1145 2482 ubi
1172 2451 1389 2482 manifestum
1413 2455 1476 2488 est,
1502 2452 1632 2491 negotia

893 2496 935 2525 ad
950 2496 1188 2526 tractationem
1210 2495 1428 2535 pecuniarum
1450 2495 1631 2534 pertinere.

893 2539 1095 2578 Hujusmodi
1118 2540 1247 2578 negotia
1270 2542 1351 2568 sunt
1373 2538 1476 2567 etiam
1497 2537 1539 2567 ad
1554 2538 1630 2569 Div.

893 2583 960 2612 xiii.
978 2585 1030 2613 30.
1047 2586 1099 2613 33.
1117 2585 1168 2613 53.
1193 2582 1283 2612 Sext.
1298 2584 1351 2612 45.
1375 2586 1454 2610 sunt
1470 2581 1632 2611 maximo-

894 2636 969 2656 rum
985 2626 1141 2656 ordinum
1158 2626 1322 2662 homines,
1335 2624 1453 2662 quibus
1465 2625 1559 2654 curia
1573 2634 1634 2665 pa-

892 2673 962 2699 tet:
988 2673 1068 2699 sunt
1091 2668 1310 2708 municipales
1334 2667 1515 2706 rusticique
1531 2668 1630 2698 Rom.

894 2720 974 2743 sunt
990 2714 1117 2752 negotia
1135 2716 1302 2751 gerentes,
1318 2717 1403 2740 sunt.
1414 2712 1515 2740 etiam
1532 2711 1632 2741 liber-

893 2757 958 2786 tini
974 2757 1165 2796 optimates.
1192 2754 1212 2773 ²¹²
1223 2754 1263 2784 de
1278 2754 1481 2785 hominibus.
1505 2755 1582 2784 Sen.
1598 2764 1632 2794 p.

893 2800 932 2830 R.
956 2800 986 2830 6.
1012 2800 1235 2829 inhumanum
1258 2799 1435 2836 negotium.
1458 2797 1501 2828 ad
1520 2800 1592 2828 Att.
1608 2797 1631 2828 i.

897 2846 947 2875 12.
970 2842 1109 2873 Teucris
1124 2841 1182 2872 illa
1196 2841 1327 2871 lentum
1343 2850 1422 2871 sane
1439 2841 1616 2880 negotium.

938 2886 1054 2918 Nemo.
1073 2885 1115 2917 ad
1128 2886 1199 2917 Att.
1214 2885 1270 2916 vii.
1284 2887 1335 2917 13.
1351 2894 1442 2916 nemo
1452 2893 1506 2915 me
1518 2892 1630 2916 move·
