1790 3219
607 89 754 118 mozx
784 87 885 116 LAT!
892 89 918 115 N
925 88 1066 116 rrA'rls
1073 106 1081 114 .

77 175 206 208 eiando.
241 178 275 208 in
302 178 414 210 Cecil.
439 182 469 209 3.
499 178 655 208 sever-itae
673 175 820 214 judicio—

77 228 163 251 rum.
194 220 236 252 cf.
261 222 357 252 Rosc.
382 223 421 253 A.
443 225 474 253 3.
490 222 550 251 &c.
581 221 599 238 “
614 219 713 250 Catil.
730 219 773 249 iv.
789 222 820 250 4.

75 265 197 295 versari
215 265 249 296 in
262 267 446 303 severitate,
462 265 634 301 dicuntur,
651 263 708 302 qui
731 272 822 293 seve-

78 316 149 337 ram
165 310 369 339 sententiam
389 309 518 339 dicunt.

121 350 272 382 Severus.
289 353 415 392 justus.
448 352 543 382 Rosc.
560 350 599 380 Α.
617 353 647 381 5.
678 350 769 380 acria
784 360 822 379 ac

75 404 185 426 severa
198 396 339 432 judicia.
369 395 444 425 Act.
462 395 482 424 i.
499 394 593 425 verr.
615 397 663 424 10.
695 393 823 424 familia

78 444 152 469 tum
167 438 210 470 ad
227 445 354 470 ceteras
371 448 435 476 res,
451 443 525 468 tum
547 437 821 476 adjudicandum

76 483 289 512 secen'ssima.

123 525 288 556 Sevocmoe.
312 525 548 556 Nat.D.iii.8.
572 535 823 556 semea—remen-

78 575 148 599 tem
164 569 205 599 ab
221 567 338 599 oculis.
362 569 609 607 ¹‘distinguere
635 570 759 600 Omen.
783 569 824 598 ab

78 610 129 642 bis
145 621 211 642 non
229 612 336 642 multo
350 622 459 647 secus,
472 623 572 651 quam
590 622 608 642 a
620 613 740 652 posttiS,
753 611 823 642 liaec

77 653 282 694 eloquentia,
299 666 401 695 quam
426 657 621 695 qua-rimus,
644 657 824 686 sevocanda

77 703 140 728 eet.

123 741 329 779 Sexcentcni,
354 743 523 782 profertur
552 754 569 773 e
600 743 693 773 verr.
718 752 747 772 v.
769 744 823 773 95.

76 784 134 816 ned
158 786 203 816 ibi
227 785 408 826 legendum
431 788 568 817 sesceni.
608 786 691 816 adde
721 786 824 815 etiam

78 828 252 860 Drakenb.
268 830 310 860 ad
326 831 398 861 Liv.
414 829 479 860 xlv.
499 830 549 861 16.

121 871 286 911 Sexcenti,
302 874 342 904 do.
367 883 503 912 magno,
527 872 586 903 sed
609 873 738 903 incerto
762 882 825 903 nu-

79 925 181 947 mero.
208 917 280 947 Att.
298 917 363 947 xiv.
382 919 431 948 12.
453 921 601 948 sexcenta
618 916 752 948 similia.
783 916 825 946 cf.

79 959 177 990 Rosc.
194 960 234 990 A.
251 962 304 992 32.
320 961 380 991 dcc.

125 1003 278 1041 Senam,
317 1003 391 1034 duae
422 1004 547 1041 unciae,
585 1013 659 1043 quae
697 1007 826 1034 sextam

78 1047 158 1077 assis
175 1053 305 1086 partem
323 1048 521 1084 conficiunt,
539 1048 627 1077 unde
651 1057 710 1088 pro
733 1052 828 1077 sexta

78 1089 275 1121 hereditatis
299 1098 405 1131 parte.
445 1091 487 1121 ad
512 1092 588 1122 Div.
613 1092 681 1122 xiii.
704 1093 758 1125 29.
793 1091 826 1120 in

78 1137 228 1164 sextante
244 1143 326 1164 esse.
351 1145 380 1165 v.
396 1135 452 1165 As.

123 1176 276 1216 Sextum,
293 1184 389 1208 sexta
404 1188 478 1218 pars
499 1178 620 1208 unciae.
654 1177 777 1208 Caecin.
795 1178 826 1208 6.

79 1219 154 1252 duae
169 1223 315 1252 θαι-[αἰεὶ.
338 1222 417 1253 ibid.
431 1223 594 1253 sextulam
611 1221 785 1261 adspersit.

124 1263 171 1296 Si.
203 1266 262 1296 Or.
281 1267 334 1296 24.
356 1268 384 1296 εἰ
401 1265 537 1305 aliquid.
562 1264 606 1295 cf.
625 1264 696 1295 Att.
711 1265 758 1294 iii.
779 1267 828 1295 14.

82 1308 151 1338 xiii.
182 1311 231 1339 13.
261 1312 311 1343 17.
350 1309 421 1339 Fat.
452 1313 500 1343 19.
528 1309 624 1339 Prov.
651 1308 749 1338 cons.
776 1311 829 1340 ²20.

82 1351 180 1382 Catil.
197 1353 239 1383 iv.
261 1355 309 1383 10.
338 1355 365 1383 si
380 1352 570 1392 aliquando.
602 1352 657 1383 *si
680 1361 755 1391 quae
770 1362 830 1392 pro

80 1396 109 1426 si
123 1405 202 1435 qua.
232 1395 302 1426 Att.
318 1397 360 1426 iv.
377 1399 407 1428 Q.
438 1396 479 1426 ad
498 1397 574 1427 Div.
588 1404 618 1426 v.
636 1398 666 1426 8.
689 1398 738 1426 12.
771 1396 829 1426 Or.

82 1438 116 1469 ii.
133 1441 187 1474 72.
204 1443 258 1474 75.
289 1439 370 1470 Coel.
391 1444 444 1471 ΩΟ.
475 1439 556 1479 Leg.
582 1440 615 1470 ii.
641 1442 671 1470 5.
702 1439 832 1470 *habet

82 1488 118 1513 et
142 1483 206 1513 vim
231 1483 472 1522 interrogandi,
488 1488 528 1513 ut
544 1482 629 1523 Top.
648 1484 700 1513 ⁶2⁶2.
729 1484 758 1513 si
773 1493 831 1513 ex-

82 1526 236 1566 petendae
253 1526 392 1564 divitice,
406 1529 433 1558 si
448 1527 608 1566 fugienda
624 1530 813 1566 paupertas.

125 1569 260 1601 sibilus.
291 1570 333 1601 ad
348 1571 426 1602 Div.
444 1571 510 1601 viii.
526 1572 558 1602 ⁶2.
581 1571 694 1601 sibilus
709 1569 830 1600 ruden-

79 1617 167 1644 tum.

126 1656 194 1697 Sic,
211 1661 399 1698 propterea.
429 1657 471 1688 ad
487 1657 564 1688 Div.
580 1657 650 1688 xiii.
667 1661 721 1692 70.
754 1659 833 1697 quia

81 1710 150 1731 non
165 1704 217 1731 est.
232 1701 374 1732 obscura
389 1705 451 1731 tua
465 1702 499 1731 in
517 1711 571 1731 me
587 1701 832 1732 benevolentia.

81 1743 138 1774 Sic
155 1745 194 1774 fit
211 1745 271 1774 &c.
301 1745 449 1775 *Multis
466 1744 572 1775 modis
595 1745 760 1784 exquisite
784 1745 833 1775 di-

83 1788 185 1826 citur,
208 1792 248 1818 ut
271 1789 330 1819 ita.
360 1789 418 1818 ubi
442 1788 526 1818 vide.
557 1788 626 1819 Att.
646 1789 689 1818 vi.
718 1792 743 1819 1.
777 1789 833 1820 Sic

83 1831 256 1869 contendi,
265 1841 332 1862 non
344 1836 506 1871 sequente
520 1834 569 1862 ut.
585 1831 618 1862 id
630 1839 679 1862 est
690 1842 750 1872 pro
758 1832 832 1863 hoc.

127 1874 275 1906 siccitas.
303 1876 452 1906 tenuitas
468 1876 640 1906 orationis.
665 1875 761 1906 Brut.
780 1878 832 1907 82.

81 1919 210 1950 siccitas
247 1919 418 1950 orationis.
464 1919 507 1950 cf.
538 1918 620 1950 Nat.
658 1919 701 1949 D.
733 1920 767 1949 ii.
804 1923 830 1950 l.

84 1961 212 1993 *Tusc.
229 1971 259 1992 v.
275 1965 328 1993 34.
359 1963 500 2000 siccitas,
516 1972 591 2002 quae
614 1963 833 2003 consequitur

83 2006 329 2036 continentiam
357 2006 392 2036 in
415 2006 518 2036 victu.
550 2006 634 2037 Cato
662 2009 710 2038 10.
740 2017 832 2038 sum-

83 2058 174 2080 mam
207 2050 242 2079 in
272 2059 311 2079 eo
347 2059 418 2080 esse
457 2050 604 2090 corporis
641 2051 832 2081 siccitatem.

83 2092 149 2124 Sed
165 2092 211 2123 ibi
226 2092 386 2123 Dukerus
402 2093 444 2123 ad
457 2092 530 2124 Liv.
546 2094 627 2134 epit.
645 2097 697 2125 50.
714 2095 832 2125 rescri-

81 2137 115 2167 bi
132 2135 204 2167 vult
219 2137 429 2167 firmitatem.
479 2137 642 2168 Diodorus
658 2137 760 2168 Sicul.
778 2147 832 2178 ap.

68 2179 243 2218 ‚Photium
276 2179 423 2221 appellat
453 2179 589 2211 ιῖιτονίιν.
650 2180 722 2221 Ego
754 2191 832 2212 vero

83 2233 152 2254 non
177 2227 295 2264 putem
324 2233 459 2254 necesse
490 2233 572 2254 esse.
620 2223 758 2256 siccitas
781 2229 833 2256 est

82 2267 272 2298 salubritas.
310 2277 390 2298 nam
414 2277 553 2307 corpora
574 2268 664 2298 sicca
685 2268 834 2299 saluber-

84 2311 172 2342 rima
186 2316 221 2341 et
237 2311 431 2342 firmissima
445 2316 539 2349 sunt,
555 2316 590 2341 et
605 2312 743 2350 siccitas,
760 2317 799 2343 ut
813 2323 832 2343 e

83 2354 158 2385 loco
182 2354 352 2385 Ciceronis
375 2359 411 2385 et
433 2354 589 2394 Xenopb.
613 2355 785 2396 Cyropaed.
809 2357 831 2387 i.

84 2399 117 2429 2.
146 2403 255 2439 patet,
269 2399 378 2428 oritur
400 2408 418 2428 e
441 2398 651 2429 continentia
670 2404 706 2429 et
721 2399 832 2430 labore

84 2446 121 2472 et
135 2442 441 2472 exercitationibus.
487 2442 552 2472 Sed
574 2446 757 2482 utrumque
776 2444 833 2475 ad-

86 2484 138 2516 dit
150 2485 279 2517 Cicero.
303 2485 387 2516 adde
404 2486 496 2516 dicta
511 2486 545 2516 in
561 2486 680 2517 siccus.

131 2528 254 2568 Siccus,
268 2529 394 2560 dicitur
408 2529 449 2559 de
465 2538 545 2559 sano
560 2539 709 2569 corpore,
720 2530 754 2560 in
767 2541 833 2570 quo

87 2572 172 2603 nihil
195 2573 303 2603 vitiosi
330 2572 494 2610 humoris,
518 2573 607 2612 quod
637 2583 705 2604 non
729 2574 832 2614 pitui-

84 2621 212 2653 tosum,
228 2626 295 2646 non
312 2626 487 2647 mucosum
509 2617 568 2646 διο.
599 2616 688 2647 unde
703 2617 746 2647 ad
761 2628 834 2648 ora—

87 2659 215 2690 tionem
238 2659 396 2690 subtilem
420 2660 624 2697 traducitur,
643 2661 739 2700 cujus
762 2671 833 2692 ma-

87 2702 217 2733 ximum
244 2710 482 2735 ornamentum
512 2709 564 2734 est
593 2704 751 2734 vitiorum
777 2705 835 2736 ab·

88 2746 210 2776 sentia.
239 2745 335 2777 Brut.
353 2750 405 2778 55.
436 2746 520 2778 nihil
537 2752 609 2777 erat
625 2748 659 2777 in
675 2748 747 2787 ejus
761 2758 834 2778 ora-

87 2789 194 2827 tione,
219 2790 281 2819 nisi
311 2790 494 2829 sincerum,
519 2791 602 2821 nihil
629 2791 693 2821 nisi
715 2792 836 2822 siccum

89 2836 191 2872 atque
206 2841 338 2864 sanum.
371 2833 452 2875 Opt.
469 2844 545 2874 gen.
561 2834 594 2866 d.
610 2838 641 2866 3.
672 2835 731 2865 sed
755 2845 836 2874 qua-

89 2879 189 2907 tenus
216 2875 406 2916 valuerunt,
432 2879 505 2908 sani
534 2884 570 2908 et
595 2879 671 2910 sicci
699 2883 839 2910 tantum

1527 76 1610 123 427

865 174 1064 205 habeantur.
1088 175 1254 206 ‘sobi-ius.
1278 176 1356 215 Agr.
1372 177 1393 206 i.
1413 179 1441 206 1.
1463 176 1538 207 sicci
1552 185 1611 216 op-

866 223 1040 258 ponuntur
1062 218 1260 249 vinolentis:
1287 225 1401 250 utrum
1426 230 1495 250 esse
1520 219 1611 249 vobis

865 261 1004 291 consilia
1014 263 1185 300 siccorum,
1198 272 1240 292 an
1255 263 1504 294 vinolentorum
1521 273 1611 294 som·

867 305 923 335 nia
939 304 1107 335 videntur.

910 348 1102 388 sigillatus,
1133 347 1288 378 caelatus:
1329 349 1368 379 de
1403 360 1468 389 quo
1497 360 1610 391 supra.

865 391 958 423 Verr.
975 393 1017 422 iv.
1038 394 1088 422 14.
1115 391 1230 431 scyphi
1246 394 1393 430 sigillati.

910 435 1081 475 Sigillum,
1098 435 1247 474 signum,
1271 436 1500 467 simulacrum.
1530 437 1612 468 Nat.

865 479 909 510 D.
935 480 955 510 i.
979 482 1031 509 30.
1063 479 1244 519 Epicureos
1268 480 1343 508 novi
1367 482 1481 509 onmia
1502 482 1612 519 sigilla

868 530 1097 553 numerantes.
1125 523 1235 553 Att.·i.
1257 525 1305 552 10.
1330 523 1478 562 putealia
1492 526 1611 562 sigilla.

912 566 1089 605 Signatus,
1117 566 1157 596 de
1185 575 1249 596 a’re
1276 573 1335 596 aut
1367 570 1520 605 argente,
1548 573 1611 604 est,

867 620 940 649 quae
969 611 1112 650 pecunia
1137 610 1271 640 «licitur.
1311 609 1403 639 verr.
1427 619 1456 639 v.
1479 613 1532 640 2²5.
1562 620 1612 640 ar-

868 660 1008 693 gentum
1027 654 1153 684 factum
1170 659 1271 692 atque
1286 654 1467 692 signatum.

913 698 1070 735 sig-nare,
1085 702 1198 728 notam
1215 698 1336 734 facere,
1353 707 1418 736 qua
1434 706 1613 736 agnoscere

867 745 901 770 et
926 742 966 770 ab
990 741 1062 771 aliis
1087 742 1273 771 discerncre
1298 742 1412 780 possis.
1446 740 1548 771 Acad.
1572 742 1613 771 iv.

868 786 920 815 2⁷⁴2.
939 784 1021 814 nihil
1038 785 1085 814 ita
1098 786 1228 823 signari
1244 796 1263 814 a
1279 795 1354 814 vero
1371 794 1478 824 posse,
1492 790 1530 815 ut
1547 794 1613 814 non

868 827 985 858 codem
1004 828 1101 858 modo
1118 829 1221 868 possit
1238 839 1257 858 a
1271 827 1364 858 salso.

913 870 1078 911 Signifer,
1106 873 1140 902 in
1170 882 1203 901 re
1230 871 1367 902 militari
1396 876 1459 909 est,
1486 872 1542 911 qui
1571 872 1614 902 si·

869 924 973 954 gnum
1007 915 1153 946 militare.
1177 919 1298 955 portat.
1339 915 1414 946 Div.
1440 916 1461 946 i.
1485 919 1540 947 35.
1573 917 1615 946 si-

865 958 980 999 gng'j'cr
1000 960 1099 998 primi
1124 959 1260 996 hastati,
1276 958 1365 989 unde
1391 969 1449 999 pro
1473 959 1557 990 duce
1581 964 1616 990 et

869 1002 1019 1042 principe
1043 1002 1184 1042 alicujus
1208 1004 1267 1033 rei.
1301 1002 1372 1033 At‘.
1398 1003 1432 1033 ii.
1462 1006 1487 1033 1.
1517 1007 1550 1033 te
1573 1004 1615 1033 εἱ-

866 1045 998 1086 gavero
1021 1056 1059 1076 ac
1083 1047 1244 1086 principe.
1283 1046 1365 1076 Sull.
1395 1049 1443 1077 12.
1478 1048 1565 1085 sig-ui
1582 1057 1618 1076 er

863 1090 1067 1129 juventutis.
1105 1090 1223 1120 *orbis
1249 1091 1391 1130 signifer
1421 1095 1472 1120 est
1498 1091 1616 1121 Zodia-

870 1143 941 1171 cus,
961 1134 1017 1172 qui
1041 1133 1089 1164 sic
1113 1133 1236 1164 dicitur
1258 1144 1278 1164 a
1300 1134 1475 1164 duodecim
1501 1134 1617 1174 signis,

870 1176 932 1207 hoc
963 1180 1026 1214 est,
1056 1177 1232 1215 sideribus,
1262 1183 1430 1208 certorum
1463 1178 1617 1208 animan·

870 1221 957 1251 tium
982 1221 1191 1260 aliarumque
1215 1230 1327 1251 rerum
1351 1222 1497 1262 speciem
1522 1225 1557 1251 et
1580 1222 1616 1251 si-

871 1274 989 1303 guram
1014 1265 1250 1295 efficientibus.
1288 1265 1366 1296 Div.
1393 1265 1428 1295 ii.
1454 1266 1506 1295 42.
1538 1265 1618 1295 Nat.

871 1309 915 1339 D.
931 1309 965 1338 ii.
981 1310 1035 1340 90.
1395 1343 1400 1348 ¹

917 1351 1125 1392 Sigug'sz'mre.
1156 1352 1214 1382 Or.
1237 1352 1259 1382 i.
1275 1352 1327 1382 26.
1357 1353 1445 1391 signi
1471 1363 1547 1383 care
1569 1353 1620 1383 in-

871 1400 925 1424 ter
947 1405 994 1432 se,
1015 1395 1188 1433 dicuntur,
1212 1396 1268 1435 qui
1293 1396 1353 1426 sibi
1378 1404 1535 1427 annuunt
1558 1398 1619 1428 διο.

872 1438 1008 1469 *obiter
1029 1439 1156 1478 aliquid
1179 1439 1303 1477 dicere,
1329 1443 1366 1470 ut
1388 1444 1524 1470 tantum
1548 1450 1619 1471 mo-

874 1492 953 1513 neas
969 1482 1125 1514 alterum.
1157 1482 1199 1512 ad
1217 1483 1294 1514 Div.
1313 1494 1342 1513 x.
1361 1487 1392 1514 3.
1423 1493 1525 1522 quare
1550 1494 1620 1514 mo-

874 1526 953 1556 dum
970 1526 1104 1557 faciam.
1150 1526 1251 1556 Nunc
1269 1531 1405 1557 tantum
1428 1528 1620 1568 significan-

873 1571 951 1600 dum
978 1571 1105 1610 putavi.
1144 1569 1248 1600 *cum
1281 1580 1421 1611 praepos.
1449 1581 1500 1601 ex.
1539 1572 1620 1602 Har.

873 1614 914 1644 R.
939 1616 969 1645 2.
999 1624 1039 1644 ex
1068 1613 1180 1653 aliquo
1208 1620 1358 1644 monstro
1385 1615 1620 1655 signficatum.

874 1658 944 1688 Att.
962 1658 1027 1688 xvi.
1039 1661 1070 1692 7.
1094 1657 1184 1697 quod
1200 1668 1238 1688 ex
1256 1658 1295 1687 iis
1312 1658 1417 1688 verbis
1435 1669 1454 1688 a
1470 1666 1504 1688 te
1519 1660 1621 1698 signi—

861 1701 969 1741 ficari
987 1704 1113 1741 putem.

919 1744 1133 1785 Sigvaeficcaeeio.
1164 1744 1254 1775 Sext.
1270 1747 1324 1779 49.
1353 1745 1468 1785 populi
1485 1745 1622 1784 judiciis

874 1792 909 1818 et
932 1789 1024 1818 omni
1047 1788 1284 1828 signficatione
1305 1789 1485 1820 florebant:
1511 1790 1619 1821 intell.

875 1830 1071 1869 voluntatis,
1096 1833 1217 1862 amoris
1241 1833 1301 1862 &c.
1333 1842 1407 1871 quae
1436 1834 1475 1863 fit
1501 1834 1622 1873 plausu

876 1876 935 1906 &c.
953 1875 995 1906 cf.
1013 1886 1041 1906 c.
1060 1879 1112 1911 59.
1141 1876 1225 1906 Phil.
1245 1887 1274 1906 x.
1291 1878 1322 1907 2.
1346 1876 1621 1917 *signficationes

875 1919 1026 1950 Deorum
1053 1923 1133 1950 sunt
1155 1920 1282 1957 omina,
1307 1920 1470 1960 prodigia,
1496 1929 1534 1952 ut
1559 1921 1621 1953 Ca·

874 1963 926 1994 til.
940 1964 974 1994 ii.
996 1966 1045 1994 13.
1063 1967 1099 1993 et
1113 1963 1201 1993 alibi.

919 2006 1076 2046 Signum.
1102 2007 1173 2037 Fin.
1186 2009 1278 2038 v.25.
1294 2007 1383 2038 fures
1398 2017 1510 2038 rerum
1523 2010 1620 2048 signa

875 2053 1100 2082 commutant.
1138 2050 1204 2080 *in
1230 2061 1264 2080 re
1291 2050 1441 2082 militari.
1481 2051 1552 2083 Att.
1578 2053 1621 2085 ix.

878 2097 929 2125 10.
959 2095 1021 2125 sub
1036 2096 1129 2134 sig-no
1144 2094 1278 2125 habere.
1311 2094 1351 2124 de
1368 2095 1530 2126 militibus
1546 2097 1622 2135 jam

875 2138 983 2168 lectis.
1021 2137 1281 2176 *simulacrum,
1316 2139 1448 2179 proprie
1485 2140 1622 2178 quidem

874 2181 1018 2212 solidum
1037 2192 1055 2212 e
1078 2181 1201 2221 lapide,
1217 2181 1309 2221 ligno
1333 2182 1394 2212 ἃς.
1423 2182 1482 2213 sed
1503 2187 1621 2216 tamen

875 2230 911 2256 et
935 2225 976 2256 de
1000 2226 1147 2265 imagine
1171 2226 1263 2266 picta
1285 2225 1374 2266 apud
1397 2226 1507 2257 Plaut.
1523 2227 1621 2268 Epid.

874 2279 904 2300 v.
929 2272 955 2300 1.
984 2272 1032 2300 18.
1063 2270 1143 2309 quia
1165 2278 1211 2299 sc.
1234 2274 1285 2300 est
1307 2270 1441 2309 signum
1465 2270 1536 2309 ejus
1559 2272 1621 2310 rei,

875 2313 971 2352 cujus
985 2313 1132 2353 speciem
1155 2312 1300 2343 exhibet.
1332 2313 1403 2344 Fin.
1420 2314 1462 2344 iv.
1485 2317 1534 2346 13.
1564 2315 1622 2346 de-

874 2357 932 2386 bet
952 2357 1147 2388 institutum
1171 2355 1268 2395 illud,
1285 2357 1380 2396 quasi
1402 2358 1548 2397 signum,
1564 2359 1622 2390 ab-

874 2400 1013 2431 solvere.
1057 2399 1137 2430 hinc
1175 2400 1285 2431 sidera
1320 2400 1481 2432 dicuntur
1511 2403 1620 2442 signa.

875 2443 995 2474 Milon.
1023 2447 1076 2475 30.
1103 2444 1164 2474 &c.
1203 2445 1282 2483 quia
1308 2449 1343 2475 et
1373 2445 1446 2485 ipsa
1474 2447 1620 2486 speciem

875 2497 1051 2528 corporum
1083 2487 1293 2527 quorundam
1332 2488 1529 2529 praeferunt,
1561 2497 1622 2522 aut

875 2531 1031 2571 praeferre
1047 2534 1223 2571 putantur,
1241 2531 1385 2571 indeque
1401 2533 1539 2563 nomina
1552 2543 1620 2564 sor-

874 2575 941 2605 tita
954 2582 1045 2605 sunt.
1092 2575 1181 2606 Hinc
1205 2574 1355 2615 intellige
1376 2575 1471 2607 illum
1489 2576 1623 2617 elegan-

874 2622 946 2649 tem
969 2618 1093 2649 locum.
1125 2618 1206 2649 Nat.
1228 2618 1273 2649 D.
1297 2619 1318 2649 i.
1341 2623 1372 2654 9.
1406 2620 1500 2651 Deus
1524 2630 1623 2652 mun-

875 2661 956 2692 dum
970 2663 1075 2701 signis
1090 2669 1125 2692 et
1140 2661 1323 2693 luminibus
1344 2667 1519 2703 tamquam
1542 2665 1623 2695 aedi-

875 2705 915 2735 lis
942 2707 1085 2736 ornavit.
1130 2704 1278 2744 Scilicet,
1302 2706 1415 2738 aediles
1441 2717 1519 2739 cum
1548 2718 1621 2738 mu-

876 2758 958 2779 nera
972 2749 1092 2787 edunt,
1108 2749 1211 2789 signis
1233 2753 1356 2781 ornant
1373 2750 1484 2782 forum
1501 2755 1535 2782 et
1551 2752 1622 2792 pla-

876 2796 960 2831 teas,
988 2802 1047 2833 per
1076 2802 1158 2832 quas
1188 2802 1312 2834 pompa
1342 2794 1490 2832 ducitur,
1520 2795 1621 2832 unde,

877 2836 988 2867 forum
1011 2841 1170 2868 ornatum
1193 2838 1229 2868 in
1245 2837 1386 2869 Verrina
1407 2838 1518 2879 prima
1540 2838 1621 2868 dici-

877 2884 945 2911 tur.
991 2880 1140 2913 Mundus
1162 2885 1279 2913 autem
1303 2882 1367 2914 Dei
1396 2890 1518 2913 munus
1541 2881 1623 2913 dici-
