1800 3131
115 171 197 211 250

117 266 360 309 crepitaculum
381 275 528 304 aeneum,
544 274 608 304 quo
623 265 711 306 Syrae
728 266 846 298 mulie-

118 322 170 342 res
199 312 392 349 utebantur,
419 319 605 348 sonumque
631 310 749 341 edebat
780 320 847 341 non

121 355 304 386 absimilem
330 354 473 394 cymbali
487 363 585 383 sono:
611 354 700 383 unde
716 360 749 383 et
767 354 847 391 jun-

119 400 213 439 gitur
224 402 402 438 utrumque
419 407 536 437 genuS.
554 396 594 426 de
607 406 646 426 eo
657 397 722 426 vid.
732 402 847 427 aucto-

119 452 171 473 res
202 442 353 472 laudatos
384 443 417 472 in
446 441 527 471 Lex.
559 440 663 471 Fabri.
694 440 776 470 Intt.
806 440 847 470 ad

115 486 255 516 Patron.
280 496 307 516 c.
324 487 377 520 67.
407 485 590 515 Gesnerum
609 484 642 513 in
661 484 847 514 Clu-ostoun.

118 529 206 560 Plin.
223 540 255 569 p.
272 530 346 561 436.
371 525 510 559 Salmfs.
527 527 568 557 ad
585 527 715 567 vopisc.
736 527 848 557 Carin.

124 578 172 608 19.
196 578 220 602 t.
238 574 272 603 ii.
290 583 321 613 p.
339 574 413 604 8521.

169 617 334 653 Cruditas,
345 624 396 646 est
408 615 525 645 vitium
538 613 700 643 stomachi
710 622 748 642 ex
760 611 849 642 mala

121 661 353 692 concoctione.
375 669 452 689 cum
473 664 646 696 tamquam
668 656 762 685 crudi
785 655 846 685 cibi

121 709 321 734 coacescunt
335 704 369 733 iu
378 713 432 733 eo:
448 700 709 740 intemperantia
718 698 848 728 edendi.

120 747 163 777 ad
185 747 260 778 Div.
277 748 321 777 ix.
343 750 390 777 18.
413 745 576 776 ‹nuditate›
595 743 698 773 satius
716 747 767 772 est
781 742 848 780 hic,

121 800 223 830 quam
239 791 315 820 istie
331 789 433 820 fame..
457 787 536 818 ibid.
552 797 604 817 xv.
627 789 675 821 17.
698 786 741 817 D.
758 785 851 816 Sulla

121 839 275 865 mortuus
291 833 464 863 cruditate.

170 878 309 914 Gradus,
327 876 385 914 qui
401 874 564 905 cruditate
575 873 714 904 laborat.
730 873 800 903 Fin.
817 873 850 903 ii.

122 924 154 953 8.
177 921 274 957 asoti,
290 920 347 958 qui
361 920 395 949 in
410 928 561 949 mensam
578 923 726 953 vomant,
742 917 851 946 crudi-

120 974 182 1004 que
205 963 363 1004 postridie
381 973 416 993 se
433 971 546 993 rursus
562 961 783 1000 ingurgitent.
806 960 852 990 O-

121 1013 185 1039 rat.
209 1008 231 1037 ἰ.
249 1008 301 1041 27.
332 1006 442 1037 noluit
464 1006 562 1035 hodie
585 1014 682 1043 agere
697 1004 850 1041 Roscius,

121 1056 182 1081 aut
203 1051 335 1081 crudior
355 1049 433 1080 fuit.
458 1049 477 1067 ²*
490 1050 704 1084 immaturus,
721 1047 760 1077 de
784 1047 852 1077 fru-

122 1095 233 1125 ctibus
256 1095 423 1125 arborum.
447 1093 541 1123 Cato.
571 1095 618 1126 19.
643 1090 737 1130 quasi
755 1101 854 1131 poma

122 1148 163 1168 ex
187 1138 370 1175 arboribus,
384 1137 490 1167 cruda
513 1137 539 1166 si
556 1136 626 1166 sint
641 1136 701 1165 διο.
717 1134 759 1164 cf.
783 1134 853 1164 Sal-

111 1181 205 1213 ’mas
219 1182 261 1211 ad
277 1181 379 1211 Solin.
395 1191 427 1221 p.
443 1181 517 1211 ⁶252.

171 1225 300 1256 Crusta.
334 1225 427 1255 Verr.
452 1225 494 1254 iv.
526 1225 578 1254 23.
607 1222 732 1253 Omnia
764 1222 855 1262 (vasa

123 1268 253 1308 eaelata)
269 1268 475 1300 deferuntur.
493 1267 657 1307 Cibyratae
668 1266 786 1296 fratres
799 1275 854 1295 vo-

123 1317 261 1344 cantur:
287 1322 396 1353 pauca
409 1311 620 1351 improbant:
646 1319 719 1348 quae
737 1309 854 1349 proba-

124 1362 216 1394 rant,
233 1357 272 1387 iis
295 1360 413 1386 crustoe
436 1359 495 1385 aut
519 1353 722 1384 emblemata
745 1353 855 1382 detra-

125 1400 265 1431 huntur.
291 1400 378 1429 Sunt
394 1403 508 1429 autem
524 1401 642 1428 crusta>
657 1402 856 1427 ornamenta

123 1454 278 1474 vasorum
296 1447 547 1482 argenteorum,
560 1447 734 1479 tamquam
752 1441 856 1470 simu-

124 1487 228 1526 lacra,
252 1497 357 1526 eaque
387 1486 594 1516 extrinsecus
626 1484 775 1523 alligata,
798 1483 857 1513 sed

124 1531 254 1562 diversa
265 1531 304 1560 ab
317 1530 539 1560 emblematis.
550 1529 640 1559 Nam
653 1527 857 1558 emblemata

126 1579 208 1607 sunt
234 1574 344 1614 sigilla
369 1573 488 1604 statuis
511 1572 647 1610 similia,
670 1571 704 1601 h.
729 1580 757 1600 e.
782 1580 857 1609 quae

124 1622 233 1649 totam
257 1625 297 1648 ex
320 1617 412 1648 omni
435 1620 530 1657 parte
554 1625 624 1646 rem
649 1615 856 1654 exprimunt,

123 1667 242 1693 crusta>
253 1665 368 1692 autem
383 1670 489 1691 unum
499 1664 636 1689 tantum
646 1657 735 1688 latus
744 1665 856 1688 osten-

126 1706 228 1743 dunt,
244 1714 354 1744 neque
374 1704 454 1734 adeo
471 1704 621 1733 eminent
634 1711 855 1742 magnopere:

125 1749 182 1780 Gr.
198 1748 344 1791 2:465..aeoe
357 1751 489 1784 vocant,
505 1751 544 1776 ut
567 1745 782 1783 emblemata,
799 1756 859 1775 πε-

124 1793 236 1836 ριφανῆ.
265 1803 293 1822 ν.
317 1792 389 1822 haee
412 1791 512 1822 latius
536 1790 764 1829 disputantem
788 1788 858 1818 Sal-

127 1846 211 1867 maS.
242 1836 285 1866 ad
314 1835 417 1866 Solin.
453 1845 529 1876 pag.
560 1834 636 1868 736.
669 1832 759 1862 Hine
781 1841 860 1862 vasa

127 1880 259 1922 potoria
274 1884 424 1909 crustata
436 1888 489 1918 ap.
503 1878 637 1908 Festum
650 1877 684 1906 in
696 1875 858 1906 Tabernae

128 1924 300 1954 crustariae
329 1928 365 1953 et
400 1922 588 1952 Crustarius
621 1920 739 1950 artifex
771 1918 860 1959 apud

128 1967 216 1998 Plin.
239 1967 353 1996 xxxiii.
380 1968 430 1997 12.
461 1964 583 1996 Crustae
599 1964 758 1994 dicuntur
772 1973 860 1993 sen]-

128 2021 189 2052 per
211 2010 252 2040 de
275 2020 326 2046 eo,
344 2020 408 2049 quo
431 2019 482 2039 res
506 2009 617 2047 aliqua
639 2007 812 2038 inducitur
825 2011 861 2036 et

128 2062 304 2094 tamquam
318 2053 490 2089 loricatur,
502 2053 572 2082 sine
585 2051 655 2082 ulla
665 2051 860 2081 eminentia.

131 2098 230 2129 Notae
248 2103 328 2128 sunt
343 2101 460 2128 crusta?
471 2097 506 2126 in
518 2095 672 2136 operibus
683 2094 860 2125 tessellatis

129 2146 165 2172 et
188 2142 337 2179 musivis,
362 2150 437 2180 quae
466 2149 534 2170 non
556 2139 721 2176 eminent,
745 2137 804 2167 sed
826 2138 861 2167 in

132 2185 223 2216 calce
246 2189 329 2215 totae
345 2184 467 2221 latent,
484 2193 522 2214 ac
539 2192 645 2213 unum
660 2185 796 2212 tantum
812 2180 861 2211 la-

131 2237 187 2259 tus
212 2228 380 2259 exhibent.
425 2227 489 2267 Ap.
509 2227 595 2257 Plin.
609 2225 718 2256 xxxvi.
740 2225 771 2255 6.
788 2224 862 2254 Ma-

131 2282 247 2303 murra
273 2272 401 2313 primus
428 2270 544 2302 Romae
572 2270 706 2300 dicitur*
718 2269 861 2309 parietes

131 2316 250 2346 domus
273 2325 342 2346 suae
365 2320 477 2345 crusta
492 2314 666 2344 marmoris
683 2313 862 2353 operuisse.

132 2359 247 2400 Ipsum
263 2360 458 2396 tectorium,
471 2368 536 2397 quo
549 2357 693 2398 parietes
705 2356 864 2396 operiun-

131 2408 201 2441 tur,
217 2408 328 2433 crusta
347 2402 498 2442 parietis,
516 2401 649 2431 dicitur.
696 2399 737 2430 ln
751 2400 865 2439 lignea

132 2447 346 2487 supellectili,
362 2450 537 2485 tamquam
553 2444 690 2481 mensis,
703 2444 786 2474 arcis
803 2443 863 2473 διο.

132 2490 292 2521 Germani
309 2495 447 2520 vocant:
473 2489 663 2528 eingelegte
678 2487 805 2517 Arbeit.

183 2534 302 2571 Cubile,
327 2533 432 2570 loeus,
457 2533 513 2562 nbi
535 2531 615 2562 ferae
638 2531 773 2569 cubare,
790 2530 864 2560 dor-

135 2578 218 2608 mire
241 2577 362 2608 solent.
392 2577 486 2607 Verr.
501 2576 535 2606 ii.
551 2579 605 2610 77.
635 2584 702 2605 non
720 2575 793 2614 jam
809 2583 865 2604 ve·

134 2621 248 2661 stigia‚
265 2621 324 2651 sed
338 2621 410 2660 ipsa
425 2621 546 2650 cubilia
560 2619 672 2649 videre
688 2618 828 2658 possint.

183 2664 309 2702 Cultus,
334 2663 438 2695 victui
469 2669 528 2694 aut
557 2662 688 2693 habitui
714 2663 865 2701 junctus,

134 2708 304 2747 significat
321 2708 494 2744 vestitum,
505 2706 678 2736 interdum
693 2705 796 2736 etiam
811 2715 867 2736 su-

135 2751 339 2792 pellectilem
366 2760 502 2781 omnem
529 2754 808 2790 apparatumque,
832 2754 868 2779 et

134 2794 268 2825 vivendi
280 2795 446 2824 rationem
462 2798 647 2824 externam.
671 2793 714 2823 ad
728 2793 805 2824 Div.
821 2793 866 2824 ix.

135 2841 168 2870 3.
192 2838 345 2869 dabimus
357 2847 546 2867 sermonem
561 2838 613 2875 iis,
627 2837 685 2876 qui
697 2837 866 2874 nesciunt,

135 2882 244 2920 nobis,
261 2890 459 2920 quocunque
483 2881 518 2911 in
542 2880 615 2910 loeo
638 2890 768 2918 sumus,
784 2890 868 2910 eun-

135 2926 214 2956 dem
235 2926 376 2962 cultum,
392 2924 537 2954 eundem
555 2925 682 2954 vietum
698 2933 781 2954 esse.
802 2924 868 2955 Off.

136 2970 159 3001 i.
186 2972 239 3005 39.
273 2968 392 3000 eadem
422 2967 635 2999 mediocritas
662 2967 704 2998 ad
730 2977 867 3001 omnem

631 175 778 207 INDEX
808 178 1087 207 LATINITATIS
1093 195 1104 207 .

890 277 987 298 usum
1005 269 1191 306 moltumque
1206 266 1282 297 vitae
1305 266 1536 298 transferenda
1551 270 1614 298 est.

887 312 944 342 Or.
963 311 984 341 i.
1001 314 1031 342 Β.
1055 311 1205 341 homines
1222 321 1241 340 a
1260 310 1330 340 fera
1344 311 1531 350 agrestique
1547 312 1616 341 vita

888 354 929 385 ad
953 354 1042 385 hune
1066 354 1251 385 humanum
1274 356 1398 384 culeum
1415 354 1612 393 civilemque

887 399 1073 428 traducere.
1099 398 1158 427 δερ.
1190 398 1232 427 cf.
1263 397 1446 427 Burmann.
1471 398 1510 427 ad
1534 399 1615 427 Sue-

888 445 957 470 ton.
987 441 1068 471 Caes.
1099 445 1150 472 45.
1184 451 1214 481 p.
1245 444 1312 471 103.
1342 451 1389 479 sq.
1419 441 1438 458 ²*
1450 441 1615 471 institutio

889 491 922 513 et
939 484 1093 514 educatio
1110 486 1182 514 unii
1192 494 1276 521 ersa,
1293 486 1369 514 vitae
1385 485 1480 514 ratio.
1496 484 1615 514 partit.

890 528 941 558 26.
966 535 1016 557 est
1032 538 1136 566 genus
1155 528 1327 558 bominum
1345 527 1386 557 ad
1405 527 1615 558 honestatem

892 577 1023 607 natum,
1036 571 1122 601 malo
1134 574 1224 602 cultu
1241 578 1449 611 corruptum,
1462 572 1483 600 i.
1494 582 1524 601 e.
1537 570 1617 600 edu-

889 615 1019 644 catione
1045 614 1144 651 mala,
1160 620 1220 645 oze.
1242 615 1364 644 *labor
1384 614 1617 653 agricolarum.

890 657 969 695 Agr.
996 658 1028 686 ii.
1046 659 1097 688 25.
1128 658 1162 687 in
1186 668 1251 696 quo
1275 659 1493 698 agricolarum
1511 660 1618 688 cultus

891 709 958 730 non
976 700 1133 730 elaboret.
1150 701 1224 731 add.
1240 702 1320 740 Leg.
1339 702 1360 731 i.
1381 705 1406 731 l.

939 744 1030 774 Cum.
1061 744 1156 774 Brut.
1178 748 1206 775 1.
1235 755 1307 775 eum
1325 755 1389 784 quo
1405 750 1532 775 certare
1547 746 1620 774 erat

891 786 1076 826 gloriosius
1107 787 1159 817 Sic
1189 796 1224 817 et
1251 788 1346 818 Ovid.
1377 788 1458 818 Met.
1488 798 1519 818 x.
1544 787 1620 818 635.

891 833 910 849 ξ
922 830 963 860 ad
991 831 1067 860 Div.
1084 841 1136 860 xv.
1156 834 1207 861 11.
1233 830 1445 869 facturusque
1466 832 1527 861 sim
1544 840 1619 861 eum

891 874 1051 911 studiose,
1067 884 1104 904 ae
1123 877 1209 914 (pro,
1224 874 1313 913 tum)
1336 874 1488 904 libenter.
1510 874 1563 904 Sic
1586 878 1622 904 et

892 917 962 947 Att.
979 918 1034 948 vii.
1056 921 1103 949 13.
1120 919 1191 948 Att.
1207 918 1249 948 vi.
1267 921 1293 948 1.
1317 928 1391 948 cum
1409 928 1460 955 eo,
1475 918 1496 948 i.
1513 928 1542 948 e.
1558 917 1620 947 hac

893 971 969 991 cum
987 962 1183 1001 exceptione
1200 961 1252 991 vel
1268 961 1470 991 conditione.

905 1042 914 1052 ‚
941 1005 1178 1042 Cecmmaaeime,
1203 1005 1321 1035 dieunt
1343 1015 1413 1034 esse
1438 1014 1541 1042 nune,
1558 1003 1622 1034 hoc

893 1048 964 1088 ipso
983 1054 1144 1088 tempore.
1161 1059 1190 1077 v.
1208 1048 1314 1079 Graev.
1332 1049 1372 1078 ad
1388 1050 1479 1078 Suet.
1495 1047 1623 1078 Domit.

897 1095 945 1121 10.
976 1091 1018 1121 ad
1042 1092 1111 1122 Cic.
1126 1091 1190 1122 Off.
1208 1093 1241 1122 ii.
1259 1096 1289 1126 7.
1321 1092 1451 1122 Duker.
1468 1091 1509 1121 ad
1538 1090 1623 1121 Flor.

894 1135 928 1164 ii.
949 1135 997 1165 16.
1022 1140 1061 1164 ut
1074 1135 1154 1165 alios
1170 1140 1312 1166 taceam.
1330 1135 1401 1165 Nee
1419 1135 1623 1174 negaverim,

894 1178 930 1208 in
954 1178 1070 1208 multis
1094 1178 1174 1209 locis
1199 1180 1247 1209 ita
1269 1178 1441 1209 commode
1466 1178 1624 1217 explicari

894 1231 1000 1262 posse.
1030 1222 1148 1261 Neque
1163 1226 1279 1252 tamen
1294 1222 1452 1259 concedo,
1466 1231 1540 1252 cum
1555 1232 1629 1252 ma-

894 1267 981 1296 xime
1004 1266 1133 1306 proprie
1155 1276 1246 1296 nunc
1263 1265 1462 1305 significare.
1509 1266 1571 1296 Sed
1592 1263 1621 1303 l)

895 1313 946 1339 est
968 1309 1075 1339 forma
1091 1309 1238 1350 elliptiea
1254 1319 1313 1350 pro
1327 1314 1365 1339 ut
1379 1319 1454 1339 cum
1468 1310 1623 1339 maxime.

895 1363 925 1383 v.
944 1363 972 1383 c.
988 1353 1084 1383 offic.
1103 1354 1137 1383 ii.
1154 1358 1186 1388 7.
1204 1363 1266 1383 nee
1281 1363 1358 1382 vero
1373 1352 1475 1392 hujus
1490 1353 1624 1392 tyranni

895 1397 1018 1434 solum,
1043 1407 1142 1436 quem
1173 1397 1274 1427 armis
1304 1405 1461 1436 oppressa
1489 1395 1630 1435 pertulit

896 1440 1026 1477 civitas,
1042 1451 1116 1480 quae
1134 1446 1229 1480 paret
1243 1450 1316 1470 cum
1335 1441 1480 1470 maxime
1495 1442 1628 1470 mortuo

897 1485 956 1514 &a
981 1494 1048 1514 non
1072 1484 1212 1514 absurde
1235 1484 1402 1524 explices:
1435 1492 1510 1522 quae
1534 1487 1630 1523 paret

897 1537 988 1557 nune
1017 1532 1150 1558 mortuo
1166 1540 1172 1557 :
1208 1527 1266 1558 sed
1297 1527 1428 1568 proprie
1457 1530 1522 1564 est,
1553 1535 1629 1566 quae

897 1575 992 1611 paret
1005 1576 1138 1601 mortuo
1152 1572 1213 1608 ita,
1225 1575 1264 1601 ut
1280 1581 1346 1610 quo
1360 1576 1512 1610 tempore
1526 1570 1631 1600 maxi-

897 1625 951 1645 me
974 1615 1095 1645 servire
1119 1615 1312 1655 putabatur,
1335 1624 1456 1654 nempe
1480 1618 1519 1643 ut
1541 1614 1628 1644 vivo.

897 1658 979 1688 Har.
1003 1658 1103 1698 Resp.
1119 1661 1167 1689 15.
1191 1668 1264 1697 quae
1277 1659 1367 1688 fiunt
1377 1667 1453 1688 cum
1467 1658 1628 1687 maxime.-

899 1703 919 1732 i.
938 1712 966 1731 e.
983 1712 1083 1741 quam
1105 1702 1388 1740 frequentissime,
1403 1703 1464 1738 ita,
1481 1706 1520 1731 ut
1542 1710 1630 1731 nun-

899 1755 1000 1784 quam
1016 1746 1123 1785 magis
1137 1745 1229 1776 facta
1243 1745 1321 1776 sint.
1338 1745 1382 1775 Et
1397 1745 1447 1775 ita
1460 1749 1511 1774 est
1526 1744 1630 1774 etiam

900 1789 936 1819 in
963 1789 1097 1828 reliquis
1122 1789 1296 1829 exemplis,
1316 1798 1390 1828 quae
1416 1788 1557 1828 proferri
1580 1797 1633 1818 so-

900 1833 982 1863 lent.
1030 1832 1148 1872 Itaque
1173 1831 1206 1872 Ω)
1234 1832 1406 1863 interdum
1421 1831 1507 1862 illud
1519 1835 1560 1862 ut
1575 1830 1634 1861 ad-

900 1876 1002 1907 ditur.
1024 1876 1065 1916 Ω.
1082 1876 1134 1906 Fr.
1152 1877 1185 1906 ii.
1203 1877 1234 1907 6.
1257 1876 1376 1906 domus
1392 1874 1579 1905 celebratur
1593 1878 1633 1904 ut

899 1930 975 1951 cum
999 1921 1153 1950 maoeime.
1176 1921 1209 1950 Si
1226 1923 1265 1950 ut
1278 1920 1456 1956 omisisset,
1471 1918 1560 1958 quod
1574 1928 1634 1958 po-

899 1964 1021 1994 tuisset
1031 1964 1154 2000 facere,
1164 1963 1314 1994 dicerent
1326 1963 1402 1993 boni
1414 1961 1635 1993 Grammatici

900 2009 1122 2038 cummaxime
1136 2007 1170 2038 h.
1185 2007 1207 2037 1.
1219 2017 1290 2037 esse
1307 2016 1417 2037 nune:
1439 2006 1528 2045 quod
1542 2015 1634 2035 nune

894 2052 968 2088 jam
984 2052 1019 2081 in
1035 2051 1134 2081 verbo
1158 2050 1345 2081 celebratur
1367 2050 1464 2088 latet,
1479 2053 1518 2080 ut
1535 2058 1636 2089 supra

902 2096 938 2125 in
951 2102 1059 2134 paret,
1073 2101 1107 2124 et
1119 2094 1191 2124 aliis
1204 2094 1302 2125 loeis:
1327 2093 1417 2124 unde
1434 2093 1491 2123 ubi
1507 2103 1527 2123 a
1541 2093 1634 2123 bonis

902 2138 994 2169 libris
1018 2138 1124 2175 abest,
1142 2147 1210 2168 non
1224 2142 1351 2168 temere
1371 2135 1634 2173 admittendum,

902 2185 942 2212 ut
965 2191 1019 2222 ap.
1035 2181 1108 2212 Liv.
1125 2182 1214 2212 xxix.
1235 2185 1284 2215 17.
1307 2188 1392 2212 extr.
1429 2180 1495 2211 Sed
1517 2189 1635 2210 sensus

903 2231 972 2256 est:
998 2225 1117 2255 domus
1131 2235 1208 2255 mea
1223 2225 1410 2255 celebratur
1424 2233 1491 2254 non
1509 2223 1636 2260 minus,

903 2279 1004 2309 quam
1031 2279 1096 2308 quo
1122 2273 1272 2309 tempore
1304 2268 1451 2298 maxime
1478 2267 1638 2297 celebrari

902 2313 1096 2353 putabatur.
1117 2312 1255 2343 Terent.
1265 2311 1386 2352 Heeyr.
1398 2312 1421 2341 i.
1433 2313 1465 2342 2.
1479 2311 1531 2342 36.
1551 2310 1636 2341 Bae-

904 2356 1037 2387 chidem
1071 2356 1218 2393 amabat,
1242 2360 1283 2386 ut
1305 2356 1537 2392 cummaxime,
1559 2358 1637 2384 tum

904 2399 1100 2440 Pamphilus
1119 2411 1126 2429 t
1157 2400 1192 2430 in
1215 2409 1281 2438 quo
1304 2398 1378 2429 loco
1401 2398 1501 2439 plane
1524 2397 1640 2427 absur-

905 2444 986 2474 dum
996 2449 1084 2474 esset
1096 2443 1135 2474 de
1148 2452 1238 2473 nunc
1248 2443 1407 2482 cog-itare.
1420 2441 1531 2481 Quid?
1550 2439 1640 2480 quod

906 2486 939 2526 3)
959 2489 1001 2528 τῷ
1016 2498 1091 2518 cum
1115 2487 1258 2517 maxime
1280 2485 1452 2516 interdum
1475 2494 1565 2514 nune
1582 2484 1639 2514 ad-

905 2531 1009 2568 ditur,
1027 2531 1116 2570 quod
1138 2539 1206 2560 non
1230 2530 1340 2567 fieret,
1355 2530 1383 2559 si
1406 2538 1466 2569 per
1487 2538 1523 2558 se
1546 2537 1640 2558 nune

905 2575 1120 2614 significaret.
1144 2573 1280 2604 Cluent.
1293 2577 1324 2605 5.
1347 2582 1421 2611 quae
1435 2571 1558 2602 multos
1565 2571 1640 2610 jam

906 2628 1025 2656 annos,
1043 2623 1078 2649 et
1101 2627 1192 2648 nune
1214 2627 1290 2647 cum.
1307 2618 1452 2647 maxime
1464 2615 1573 2645 filium
1589 2615 1641 2644 in-

906 2662 1087 2692 terfectum
1112 2661 1217 2701 cupit.
1240 2660 1273 2691 h.
1297 2670 1327 2690 e.
1344 2669 1436 2690 nune
1458 2659 1508 2689 ita
1531 2658 1640 2698 cupit,

907 2710 947 2737 ut
969 2715 1143 2745 nunquam
1166 2705 1273 2743 magis
1290 2703 1444 2744 cupierit.
1458 2701 1536 2733 Ter.
1553 2701 1640 2732 And.

908 2751 930 2780 i.
950 2753 977 2780 1.
1005 2752 1075 2781 125.
1099 2758 1190 2779 nunc
1212 2757 1286 2778 cum
1306 2748 1451 2778 maxime
1476 2755 1497 2776 a
1521 2750 1556 2776 te
1583 2754 1642 2784 po-

908 2792 1008 2824 stulo.
1030 2793 1113 2832 Quis
1128 2800 1197 2822 non
1207 2791 1312 2829 videt,
1323 2801 1399 2821 cum
1411 2791 1556 2820 maxime
1570 2797 1642 2818 esse

911 2836 1225 2867 vehementissime?
1251 2841 1286 2864 et
1297 2835 1344 2865 sie
1358 2843 1438 2874 cape
1451 2833 1555 2863 etiam
1569 2832 1641 2862 sine

910 2890 1014 2917 nune,
1033 2879 1190 2910 Eunuch.
1213 2878 1260 2909 iii.
1283 2881 1312 2909 5.
1336 2881 1389 2909 33.
1417 2876 1642 2907 cummaxime

910 2924 984 2954 volo
998 2927 1032 2954 te
1048 2932 1185 2963 operam
1199 2922 1288 2952 dare.
1315 2921 1399 2952 Plin.
1417 2920 1525 2960 Epist.
1540 2930 1572 2949 x.
1589 2920 1642 2949 53.

911 2967 1001 3008 quod
1025 2972 1077 2998 est
1109 2965 1222 2998 multo
1249 2965 1434 3006 depressior
1461 2972 1563 3006 opere
1586 2970 1642 2999 ec,
