1804 3178
618 92 763 124 mnnx
798 87 1089 128 ιΑτιΝιτᾸπς.

105 188 142 211 re
156 179 192 211 in
206 181 391 222 quadrum.-
414 181 447 215 h.
463 192 494 216 e.
520 182 705 214 numerosis
721 183 828 225 perio-

105 221 156 255 dis
172 225 359 265 complecti.
372 226 415 259 cf.
432 226 476 258 ib.
494 229 546 262 70.

148 267 410 310 Quwdruplator,
426 270 567 307 delator,
593 269 826 301 calumniator.

105 319 228 342 nomen
255 313 331 344 inde
369 313 522 350 ductum,
552 312 688 352 quidam
715 314 827 344 existi-

105 362 214 394 mant,
244 357 333 396 quod
354 363 507 396 quartam
533 360 662 398 partem
685 358 754 395 ejus
771 367 826 398 pe-

101 398 212 429 cunie
228 401 424 441 accipiebat,
448 400 489 430 de
515 411 580 440 qua
602 399 725 430 delatio
741 405 824 439 erat,

101 445 163 472 aut
179 442 307 480 multae,
323 453 396 484 quae
413 443 572 474 damnato
594 444 822 484 irrogabatur:

101 484 157 515 alii
173 485 318 517 aliunde.
345 487 379 517 in
396 485 506 518 Caecil
530 491 562 522 7.
585 488 640 518 uhi
658 498 687 519 v.
703 488 823 518 Asc-on.

101 525 196 559 Verr.
213 529 246 559 ii.
264 533 294 563 7.
312 532 342 561 8.
365 531 658 571 qnatlruplatomm
686 530 823 562 deterri-

101 581 188 603 mus.
210 572 309 604 iidem
327 574 487 605 dicuntur
503 586 530 605 c.
548 579 579 609 9.
604 575 823 606 calumniato-

99 624 163 646 res.
179 615 254 646 add.
270 616 412 648 Gronov.
428 618 468 648 de
485 618 567 648 Sest.
587 629 618 659 p.
633 620 671 653 97
682 621 707 648 l.

141 657 312 700 ‚Quaen-e,
326 661 522 692 vocabulum
535 662 821 702 Philosophorum,

97 710 158 743 pro
173 705 392 743 questionem
409 714 543 746 ponere.
569 705 655 736 Nam
671 706 822 737 solebant

97 745 149 776 ita
185 747 352 787 postulare
392 751 566 779 materiam
613 749 794 779 disserendi
812 762 818 778 :

99 797 181 820 uum
198 792 272 830 quis
288 792 365 831 quid
381 795 498 833 querrie
511 793 528 822 ,Ρ
550 793 607 823 Or.
626 793 646 822 i.
665 794 717 822 ⁶22⁷.
746 793 765 811 *
780 793 820 823 de

96 835 281 873 quaestione
323 845 383 876 per
423 842 604 867 tormenta.
646 836 740 867 Rose.
780 839 818 868 A.

94 879 149 908 41.
170 888 315 918 quaerere
335 879 376 910 de
405 879 526 918 aliquo.
550 879 593 910 ib.
616 889 760 920 qua’rere
785 881 817 911 in

95 920 253 960 aliquem.
291 923 311 941 ⁸
324 922 365 953 de
381 923 566 962 quaestione
583 924 629 954 rei
656 923 817 964 capitalis.

93 964 171 995 Act.
185 965 207 995 i.
230 965 324 996 Verr.
341 969 372 998 8.
397 976 542 1007 quoerere
557 967 597 997 de
616 968 817 1007 repetundis.

94 1006 115 1027 θ
131 1007 326 1048 deliberare,
359 1011 558 1049 excogitare.
598 1010 682 1040 Phil.
711 1012 754 1042 ix.
790 1015 815 1044 1.

94 1049 236 1082 honores
251 1062 396 1094 querere
417 1054 528 1085 alicui.
556 1057 575 1075 Ἰ
588 1053 721 1085 lucrari.
739 1054 818 1085 Clu-

93 1099 165 1126 eut.
190 1096 244 1128 26.
261 1097 334 1136 jam
366 1097 422 1128 diu
453 1097 537 1128 nihil
567 1100 746 1138 quoesiercet.
773 1099 816 1130 cf.

90 1137 176 1171 Rab.
208 1140 295 1171 Post.
329 1144 377 1172 14.
401 1141 420 1160 ¹*
436 1141 645 1172 desiderare:
680 1144 816 1173 vermis-

91 1191 165 1214 sen.
187 1183 281 1215 Verr.
309 1184 354 1215 iii.
375 1188 424 1217 18.
459 1195 604 1225 quoerere
626 1184 816 1216 multitudi-

89 1235 169 1258 nem
185 1227 357 1267 jugerum.
379 1229 398 1247 '⁵
415 1229 594 1270 postulare,
610 1238 692 1269 opus
716 1229 815 1260 habe—

90 1279 137 1301 re.
159 1270 287 1302 verni.
311 1275 359 1303 10.
383 1273 470 1312 quod
493 1273 631 1304 oratoris
658 1272 815 1312 eloquen-

87 1313 172 1346 tiam
185 1320 353 1355 quaereret.
370 1316 412 1347 ef.
424 1317 517 1347 Verr.
528 1327 558 1347 v.
575 1318 628 1351 27.
641 1319 658 1337 ²*
670 1316 815 1348 formula

88 1358 116 1389 si
143 1362 262 1400 quavis
284 1359 335 1390 vel
358 1361 516 1400 quoeritis,
539 1359 710 1399 eleganter
732 1361 812 1391 dici-

85 1406 145 1433 tur
161 1413 219 1444 pro
235 1408 273 1434 ut
287 1413 401 1434 verum
414 1403 537 1441 dicam,
555 1409 592 1434 ut
603 1403 660 1434 Or.
677 1404 710 1434 ii.
728 1404 779 1434 6⁶2.

130 1447 304 1488 Qecaesitm,
327 1451 376 1477 est
400 1450 534 1487 praetor,
558 1447 613 1486 qui
636 1448 811 1486 quaestioni

88 1489 225 1531 capitali
249 1494 380 1532 praeest.
402 1484 477 1522 Aet.
490 1491 511 1521 i.
527 1490 621 1521 Verr.
644 1493 692 1521 10.
712 1491 811 1522 Catil.

84 1531 128 1564 iv.
145 1537 176 1566 5.
200 1533 240 1564 de
269 1534 310 1564 iis
332 1543 362 1565 v.
379 1534 491 1574 Sigon.
516 1533 556 1564 de
585 1533 697 1565 Judic.
720 1535 754 1565 ii.
778 1538 809 1567 4.

83 1576 169 1608 adde
183 1587 285 1618 supra
299 1577 389 1608 dicta
401 1579 435 1608 in
451 1578 586 1608 Praetor.

92 1660 94 1662 Υ
126 1619 282 1663 ρειαείἰυ,
299 1622 334 1652 ἰη
350 1621 522 1652 rhetoricis
539 1621 618 1661 quid
634 1622 677 1652 sit
692 1623 705 1651 ἓ
736 1621 807 1653 Inv.

83 1663 106 1695 i.
122 1665 153 1696 6.
177 1665 235 1696 Or.
257 1666 291 1696 ii.
315 1668 364 1700 19.
388 1665 407 1684 ¹*
423 1666 564 1696 materia
587 1675 808 1706 quaecunque,

81 1707 123 1738 de
161 1718 228 1748 qua
263 1710 436 1748 quaeritur.
473 1708 531 1739 Or.
563 1712 611 1740 10.
644 1711 808 1741 sustinere

80 1753 284 1792 quoestionem
307 1757 438 1783 tantam
470 1761 538 1783 non
571 1753 706 1793 possim.
738 1753 807 1785 Att.

81 1795 152 1826 xiii.
194 1799 242 1831 19.
287 1797 396 1827 omnis
433 1795 636 1826 Academica
668 1799 806 1836 quoestio.

80 1838 102 1857 ’ἕ
116 1840 276 1879 cogitatio
306 1844 471 1880 occupata
487 1840 520 1870 in
539 1850 573 1870 re
599 1839 723 1879 aliqua,
749 1840 806 1871 ‹lo-

79 1883 192 1914 ctrina
214 1884 273 1914 &c.
300 1884 358 1915 Or.
384 1884 430 1915 iii.
461 1885 513 1915 23.
537 1884 609 1924 ipsa
633 1885 805 1923 tractatio,

81 1926 137 1967 (ut
153 1924 381 1967 philosophiae)
400 1931 435 1958 et
455 1929 586 1967 quoestio
601 1927 748 1966 quotidie
765 1939 804 1959 ex

77 1978 114 2000 se
131 1970 241 2010 gignit
266 1970 402 2010 aliquid.
424 1969 525 2001 Tusc.
556 1971 576 2001 i.
602 1973 650 2001 ll.
674 1974 805 2011 quaestio

79 2014 284 2052 animorum,
307 2015 329 2044 i.
353 2024 383 2044 e.
414 2013 454 2044 de
477 2015 599 2044 animis
616 2014 803 2047 hominum.

75 2056 96 2076 ⁸
109 2062 282 2088 tormenta
305 2057 346 2088 ad
371 2057 548 2088 veritatem
564 2058 802 2097 exquirendam

55 2100 236 2145 adhibita.
269 2101 366 2132 Rosc.
390 2101 429 2132 A.
461 2103 515 2131 41.
539 2101 572 2132 in
601 2104 802 2142 quoestionem

76 2144 160 2175 dari.
183 2145 237 2175 Sic
253 2151 289 2176 et
306 2145 440 2176 Cluent.
467 2145 520 2175 64.
545 2144 600 2176 ubi
627 2150 662 2175 et
685 2150 737 2176 est
767 2147 801 2177 in

95 2190 277 2219 uoestionem
291 2189 390 2226 ferre,
402 2198 461 2229 pro
468 2189 598 2226 offerre,
609 2193 650 2219 ut
657 2198 800 2221 servum.

99 2232 154 2262 inc
169 2233 273 2263 etiam
291 2232 331 2264 de
346 2233 386 2263 iis
411 2231 547 2269 dicitur,
564 2241 637 2272 quae
652 2235 799 2263 tormen-
834 2262 839 2267 ,

72 2276 117 2306 tis
134 2285 289 2316 expressa
303 2280 395 2307 sunt.
421 2275 555 2306 Cluent.
583 2276 635 2307 65.
666 2275 799 2307 tabellae

73 2322 264 2361 quaestnmz’s.
294 2320 340 2350 ib.
356 2320 410 2351 66.
433 2321 562 2360 quoescio
586 2320 676 2349 fieta.
702 2319 740 2350 it.
757 2319 797 2350 de

71 2363 254 2402 advocatis,
285 2364 404 2404 quihus
428 2362 645 2404 praesentibus
671 2365 799 2403 quoestio

73 2405 190 2438 habita
205 2413 267 2438 est.
291 2407 424 2437 Cluent.
441 2407 493 2439 63.
517 2408 645 2447 quoestio
661 2406 798 2437 dimissa

75 2455 145 2481 est:
163 2451 252 2490 quod
268 2451 385 2481 eodem
400 2450 498 2480 modo
515 2450 650 2488 dicitur,
668 2455 705 2480 ut
719 2460 797 2480 eon-

73 2493 186 2525 silium
211 2494 388 2525 dimissum
404 2499 465 2524 est.
484 2494 563 2525 ibid.
592 2494 796 2534 quaestionem

71 2538 293 2573 conscribere.
311 2539 332 2569 i.
350 2548 379 2568 e.
393 2539 427 2568 in
448 2537 562 2567 literas
578 2537 700 2567 referre
716 2537 795 2576 quid

70 2581 230 2620 dixerint,
247 2582 288 2612 de
304 2582 422 2621 quibus
439 2581 577 2621 quaestio
593 2580 707 2611 habita
733 2584 794 2611 est.

69 2622 267 2664 'judicium
297 2626 332 2656 in
357 2635 458 2656 causa
487 2623 632 2664 capitali.
663 2624 739 2654 Act.
770 2625 792 2655 i.

68 2666 164 2698 Verr.
200 2672 250 2700 10.
281 2669 446 2710 quaestioni
471 2677 622 2709 praeesse.
658 2667 731 2698 Mil.
763 2670 793 2699 5.

67 2711 197 2752 qeaeaetnb
213 2720 318 2743 nova:
345 2713 376 2744 b.
393 2724 422 2744 e.
439 2721 524 2743 nova
539 2711 611 2751 lege
628 2711 793 2741 constitu-

67 2760 116 2785 ta.
141 2754 224 2786 Rab.
240 2755 329 2787 Post.
357 2758 388 2788 6.
411 2757 579 2797 quaestione
595 2754 735 2794 alligari.
759 2754 793 2785 id

67 2798 122 2837 fit,
144 2807 222 2829 cum
245 2797 296 2829 lex
313 2798 404 2830 facta
418 2806 482 2837 est,
497 2810 538 2830 ex
564 2809 630 2838 qua
644 2798 790 2828 accusari

67 2841 103 2872 in
119 2851 220 2872 eausa
245 2841 381 2883 publica
404 2852 592 2884 possumus
616 2841 710 2872 Brut.
736 2843 791 2875 27.

65 2886 252 2929 questiones
273 2891 458 2929 perpetue.
480 2886 512 2918 Is
534 2885 625 2920 locus
641 2891 692 2919 est
707 2884 790 2917 clas-

1510 92 1595 134 ⁴0⁸

871 183 970 215 sicus.
994 184 1276 226 Dequaemonsbm
1426 190 1433 197 ”
1459 191 1586 225 tirone·

869 227 940 258 haee
955 231 1110 259 teneant:
1137 229 1222 260 Ante
1244 232 1282 263 L.
1308 232 1433 264 Pisonis
1455 238 1587 275 tempo-

869 280 905 301 ra
921 281 1028 302 eausae
1036 272 1176 313 publicae
1189 268 1371 313 agebantur
1381 277 1468 318 apud
1479 287 1586 318 popu-

869 313 938 346 lum
955 315 989 346 in
1005 315 1161 354 comitiis,
1178 317 1396 358 undejudlcia
1409 320 1522 361 populi
1537 320 1586 351 di·

867 357 1044 397 cebantur,
1069 369 1145 390 cum
1172 359 1270 390 nulla·
1293 361 1380 401 leg-eo
1395 369 1520 401 essent,
1542 372 1584 395 ex

866 402 986 441 quibus
1001 402 1088 443 apud
1111 402 1341 442 magistratum
1365 416 1438 436 reus
1455 407 1506 446 agi
1524 405 1586 438 ali-

866 446 938 484 quis
955 445 995 476 de
1011 446 1152 476 erimine
1163 446 1295 486 publico
1307 454 1434 487 posset:
1453 450 1492 480 de
1509 451 1583 489 qui·

867 488 926 518 bus
946 489 1083 529 judiciis
1106 499 1136 520 v.
1148 490 1275 530 ,Sigom
1301 490 1340 520 de
1360 490 1469 522 dudic.
1487 492 1507 522 l.
1533 494 1583 524 iii.

869 534 895 562 1.
913 541 960 572 sq.
990 532 1028 564 A.
1047 533 1087 564 U.
1105 539 1218 564 autem
1242 541 1334 564 οων.
1352 534 1533 566 Censorino
1548 542 1584 567 et

865 574 1005 607 Manilio
1035 577 1125 608 Coss.
1151 577 1307 607 tribunus
1336 576 1438 617 plebis
1454 578 1492 609 L.
1511 579 1583 610 Piso

865 620 991 659 primus
1029 619 1136 660 legem
1175 620 1215 650 de
1259 620 1453 661 repetundis
1488 621 1582 661 tulit,

864 672 963 702 quam
981 663 1099 694 deinde
1116 663 1188 694 aliae
1206 664 1294 704 leges
1320 663 1360 694 de
1388 664 1582 695 criminibus

864 706 1003 745 publicis
1033 713 1156 738 secutae
1182 711 1273 745 sunt,
1295 707 1414 747 quibus
1443 712 1582 739 cautum

863 755 947 786 erat,
963 751 1012 780 uti
1027 751 1067 780 ad
1077 751 1287 790 quaesitorem
1303 751 1463 790 aliquem,
1478 752 1532 782 cui
1544 761 1584 782 ea

862 795 990 833 questio
1000 794 1186 834 obtigisset,
1198 794 1249 825 hae
1261 804 1368 825 eausae
1384 804 1442 834 per
1451 795 1583 835 judices

863 837 1003 868 selectos
1029 842 1217 878 agerentur.
1251 838 1294 868 Et
1310 838 1467 877 quoniam
1485 841 1581 878 quot-

862 881 956 911 annis
973 882 1183 918 creabantur,
1200 882 1317 921 quibus
1333 881 1383 912 hoe
1397 883 1582 922 questiones

862 924 1112 963 mandarentur,
1129 924 1276 965 adeoque
1299 934 1431 965 semper
1455 931 1581 963 essent,

861 968 916 1006 qui
943 978 997 998 eas
1027 973 1233 1006 exercerent,
1260 972 1437 1009 propterea
1461 978 1580 1010 perpe-

860 1015 928 1041 tuae
958 1014 1037 1042 sunt
1065 1011 1251 1052 appellatae.
1297 1011 1376 1051 Ejus
1405 1012 1452 1043 rei
1478 1022 1580 1043 causa

859 1055 961 1085 creati
978 1061 1070 1093 sunt,
1092 1059 1212 1095 praeter
1235 1055 1397 1086 urbanum
1429 1059 1465 1087 et
1486 1065 1581 1097 pere·

858 1098 991 1136 grinum
1009 1105 1203 1139 praetorem.
1219 1105 1362 1138 quatuor
1376 1098 1444 1137 alii,
1460 1098 1579 1140 quibus

858 1141 909 1171 hae
932 1144 1114 1182 quaestiones
1127 1141 1366 1172 mandarentur
1380 1146 1481 1181 sorte,
1497 1152 1580 1183 quo-

858 1193 932 1215 rum
959 1195 1131 1224 numerus,
1153 1188 1251 1216 aucto
1276 1187 1485 1227 quoestionum
1516 1195 1580 1217 nu-

857 1237 962 1266 mero,
984 1234 1020 1260 et
1041 1229 1110 1270 ipse
1139 1233 1258 1259 auctus
1284 1233 1346 1259 est.
1368 1228 1456 1260 Nam
1485 1229 1580 1262 Sulla

856 1272 977 1302 additis
994 1273 1086 1303 novis
1102 1272 1324 1312 quoestionilms
1339 1272 1420 1303 duos
1436 1272 1579 1312 addidit,

855 1315 937 1346 duos
951 1315 1032 1346 alios
1049 1316 1171 1353 Caesar,
1184 1319 1218 1347 et
1233 1315 1312 1346 alios
1328 1315 1395 1347 alii.
1419 1317 1514 1356 Saepe
1528 1319 1581 1347 tan

855 1368 931 1389 men
950 1359 1039 1390 SCto
1055 1360 1190 1390 decreta
1212 1360 1339 1400 quoestio
1365 1359 1578 1398 Consulibus,

855 1402 935 1432 item
952 1403 1122 1442 rogatione
1132 1403 1321 1441 tribunitia,
1333 1410 1372 1433 ut
1383 1403 1468 1433 bene
1479 1403 1578 1435 docet

853 1445 1012 1476 Dukerus
1028 1447 1067 1476 ad
1085 1446 1155 1477 Liv.
1172 1447 1281 1478 xxxix.
1301 1449 1350 1478 14.
1362 1450 1504 1486 tumque
1520 1457 1578 1478 ex-

852 1493 905 1519 tra
934 1490 1084 1520 ordinem
1114 1499 1260 1530 quaerere
1301 1489 1508 1529 dicebantur,
1541 1495 1578 1522 et

853 1535 982 1573 quoestio
1009 1533 1280 1564 extraordinaria.
1315 1536 1335 1555 ἕ
1350 1533 1461 1564 Judex
1491 1543 1578 1574 quoe·

851 1578 970 1607 stionis.
1015 1577 1067 1608 De
1090 1587 1128 1608 eo
1144 1578 1214 1617 egit
1229 1577 1382 1617 Sigonius
1399 1576 1438 1608 de
1461 1576 1576 1609 Judie.

853 1620 886 1650 ii.
904 1623 934 1652 5.
958 1626 993 1651 et
1023 1621 1079 1660 qui
1106 1620 1198 1651 hunc
1223 1621 1331 1651 secuti
1359 1625 1452 1659 sunt,
1483 1621 1576 1653 nulla

852 1673 938 1694 nova
975 1674 1010 1695 re
1048 1664 1172 1702 addita,
1199 1663 1399 1695 Heineccius
1437 1664 1575 1704 Antiqu.

849 1706 923 1738 Jur.
940 1707 961 1738 l.
980 1708 1022 1738 iv.
1058 1707 1119 1738 ult.
1145 1707 1309 1738 Noodtius
1335 1707 1376 1738 de
1401 1706 1576 1739 Jurisdict.

853 1756 890 1781 et
919 1751 1037 1791 imper.
1061 1752 1097 1782 ii.
1115 1755 1148 1782 5.
1173 1751 1215 1782 cf.
1237 1752 1341 1782 etiam
1367 1750 1509 1782 casaub.
1533 1752 1576 1782 ad

850 1793 943 1825 Suet.
957 1795 1040 1825 Caes.
1057 1797 1105 1825 11.
1122 1794 1325 1834 Adjiciamus
1341 1793 1573 1834 Ciceroniana,

848 1848 888 1868 ex
904 1838 1023 1878 quibus
1036 1839 1115 1869 satis
1130 1839 1255 1869 tirones
1269 1838 1309 1868 de
1319 1837 1433 1878 judice
1444 1841 1573 1879 quoesti-

847 1884 914 1912 onis
939 1891 1136 1922 cognoscere
1159 1884 1308 1922 possunt.
1340 1881 1436 1912 Brut.
1465 1882 1518 1917 76.
1545 1883 1572 1912 is

847 1935 923 1955 eum
952 1931 1027 1966 post
1056 1924 1206 1956 curulem
1234 1924 1428 1955 aedilitatem
1461 1925 1567 1963 judex

846 1971 1024 2008 quoestionis
1046 1973 1145 2000 esset.
1171 1968 1306 1999 Cluent.
1323 1970 1376 2002 5²7.
1400 1968 1565 2000 Patronus

845 2011 883 2042 L.
900 2013 1060 2053 Quintius
1076 2013 1264 2042 convicium
1282 2012 1318 2042 C.
1331 2011 1447 2050 Junio,
1458 2011 1566 2052 judici

844 2057 1034 2096 quoestionis,
1051 2056 1234 2086 maximum
1258 2055 1350 2091 fecit,
1378 2059 1416 2085 ut
1431 2064 1473 2086 ne
1495 2056 1569 2086 sine

844 2100 980 2130 Staieno
997 2101 1028 2130 in
1047 2099 1221 2130 consilium
1233 2099 1347 2128 iretur.
1372 2098 1414 2129 ib.
1429 2101 1483 2133 29.
1506 2099 1566 2130 At-

844 2145 953 2183 quein
971 2143 1057 2173 hanc
1074 2144 1242 2173 flammam
1256 2147 1439 2179 recentem,
1453 2141 1489 2172 C.
1505 2141 1566 2173 Ju-

843 2189 951 2225 nium,
969 2187 1024 2227 qui
1053 2187 1098 2216 illi
1119 2186 1285 2226 quoestae'oni
1306 2185 1496 2225 praefuerat,
1512 2186 1564 2216 in-

841 2231 967 2267 iectum
983 2240 1053 2261 esse
1066 2229 1218 2266 memini,
1233 2235 1268 2259 et
1283 2229 1377 2260 illum
1393 2228 1565 2260 hominem

841 2273 1034 2312 aedilicium,
1051 2274 1122 2313 jam
1148 2278 1325 2313 praetorem
1351 2272 1564 2312 opinionibus

841 2317 1014 2348 hominum
1028 2317 1248 2347 constitutum
1263 2316 1322 2346 διο.
1339 2315 1382 2346 cf.
1399 2315 1442 2346 ib.
1459 2317 1511 2346 33.
1529 2316 1566 2348 in

839 2371 905 2400 quo
913 2360 1141 2399 omniajudici
1158 2361 1338 2400 quoeseionis
1351 2359 1561 2397 tribuuntur,

839 2414 912 2444 quoe
930 2405 1061 2445 praetori
1079 2403 1260 2443 quaesitori,
1273 2410 1311 2433 ut
1325 2411 1464 2443 praeesse
1475 2412 1562 2442 quet·

837 2449 942 2485 stioni,
959 2457 1105 2487 quoerere,
1125 2446 1211 2486 lege,
1234 2446 1439 2477 subsortitio.
1463 2446 1564 2478 Rosc.

837 2492 876 2522 A.
892 2494 922 2522 4.
947 2492 1109 2532 quoestz'nni
1134 2489 1282 2529 judicem
1312 2499 1464 2530 proeesse.
1509 2489 1560 2520 Ex

837 2535 955 2574 quibus
976 2534 1176 2573 intelligitur
1194 2533 1294 2563 fuisse
1312 2533 1461 2573 praetoris
1473 2533 1560 2563 vica-

837 2579 934 2608 rium.
951 2580 969 2597 ⁴*
979 2578 1111 2617 judices
1125 2582 1159 2606 et
1170 2576 1494 2616 quicunquejudicio
1510 2576 1560 2606 in-

836 2626 978 2652 tersunt.
1003 2621 1094 2651 Verr.
1125 2621 1158 2651 ii.
1191 2623 1243 2651 30.
1267 2619 1394 2650 dimisit
1419 2621 1562 2660 questio-

835 2671 919 2696 nem.
936 2666 954 2684 *ι
971 2665 1063 2696 Brut.
1080 2665 1133 2695 92.
1156 2664 1325 2704 quoeslione
1338 2662 1483 2700 liberari,
1501 2662 1561 2693 ali-

835 2709 866 2739 bi
885 2709 1025 2747 judicio,
1043 2709 1064 2738 i.
1080 2716 1109 2737 e.
1134 2706 1268 2737 absolvi.
1291 2707 1310 2725 ⁴*
1327 2706 1450 2737 dicitnr
1471 2711 1505 2736 et
1519 2705 1561 2736 de

834 2750 982 2791 quolibet
1000 2751 1215 2790 inquisitione
1230 2750 1373 2791 publiea.
1397 2749 1486 2780 Mur.
1509 2751 1561 2780 34.

833 2797 1018 2837 quaxnimzes
1033 2796 1066 2825 in
1079 2794 1206 2825 Senatu
1223 2794 1356 2825 habitae.

877 2839 1110 2880 tawstoriccm,
1122 2837 1223 2877 aedes,
1234 2838 1267 2870 in
1281 2838 1400 2878 quibus
1416 2838 1560 2877 quaestor

834 2882 979 2916 habitat.
996 2882 1109 2914 Plane.
1125 2884 1180 2915 41.

884 2934 906 2958 o
921 2926 942 2957 d
966 2928 986 2958 2
