1800 3131
202 89 279 124 112

244 185 339 222 Laco,
364 185 575 224 Anagvzimts.
599 184 683 215 Phil.
701 186 734 216 ii.
751 189 803 216 41.
835 196 922 216 unus

194 228 234 261 de
252 228 300 258 M.
315 229 453 259 Antonii
472 228 720 267 gladiatoribus.

239 272 407 308 Laciadoe,
433 272 528 302 Offic.
553 273 585 302 ii.
614 276 662 304 18.
697 272 837 302 curiales
869 272 923 303 Ci-

194 314 312 347 monis.

238 359 395 397 Larysdes,
415 368 455 388 eJ·
470 358 647 391 Academia
665 359 697 388 ii.
714 358 813 389 Acad.
833 359 873 388 iv.
890 360 920 389 6.

194 404 318 432 retinet
341 402 494 433 Arcesilae
513 403 688 432 rationem.
704 402 804 432 Tuse.
823 413 852 433 V.
868 405 920 436 37.

193 447 436 485 peregrinatur.

237 490 362 525 Ladas,
388 489 430 519 ad
450 489 573 520 Hei-en.
591 489 632 518 ἰν.
650 491 680 518 3.
712 497 826 518 nomen
841 489 918 517 eele-

193 534 258 562 bris
280 535 421 563 cursoris
442 534 476 562 in
496 533 673 571 Olympios&
686 544 694 560 :
718 529 815 571 cujus
832 541 919 561 men·

191 578 234 608 tio
249 586 302 616 ap.
327 576 446 607 Catuli.
462 586 509 616 ep.
529 579 580 605 50.
610 576 666 604 ubi
680 584 710 604 v.
727 574 851 603 Mur-ec.

235 620 353 656 lana,
369 620 405 649 C.
423 620 455 650 F.
472 627 584 648 socrus
600 617 639 648 L.
651 618 772 655 Crassi,
785 617 918 656 elegan-

188 667 243 693 ter
262 663 418 702 loquitur.
446 662 539 692 Brut.
557 664 608 692 58.
635 670 743 690 sermo
766 661 836 699 ejus
861 670 917 700 pa-

188 707 251 736 tris
280 706 446 746 elegantia
469 707 595 735 tinctus
619 708 704 741 erat,
728 704 809 734 duas
833 705 916 734 filias

189 749 318 780 Mucias
355 755 391 779 et
421 750 501 779 duas
533 751 651 788 neptes
681 748 826 778 Licinias
858 748 916 778 ha-

188 793 273 823 buit.

238 837 270 867 C.
297 835 433 872 Laelius,
457 835 615 874 sapientis
639 839 744 875 pater.
769 834 854 865 Phil.
871 835 915 866 xi.

188 884 218 913 7.
247 878 369 909 Consul
387 889 463 909 cum
482 878 518 908 L.
536 879 688 918 Scipione
704 879 864 915 Asiatico,
881 889 913 909 a.

188 930 309 953 Dixin.
334 922 445 953 Soeius
466 926 543 951 ante
558 932 671 952 rerum
684 927 858 960 gestarum
874 922 915 952 ab

185 966 344 1006 Africano
362 964 494 1007 majore.

236 1010 267 1039 (J.
294 1009 431 1046 Lcelius,
455 1009 492 1038 C.
517 1008 551 1038 F.
575 1009 705 1049 sapiens
728 1008 834 1038 dietus
850 1009 914 1039 Off.

187 1053 219 1082 ii.
248 1057 296 1083 11.
329 1053 375 1082 iii.
399 1056 431 1083 4.
450 1053 509 1082 διο.
542 1052 642 1082 Tusc.
659 1063 688 1082 V.
709 1055 756 1087 19.
789 1052 915 1083 Consul

186 1097 289 1127 semel
313 1096 390 1133 suit,
413 1102 447 1126 et
471 1096 605 1135 quidem
630 1106 706 1126 cum
730 1096 862 1136 repulsa
881 1106 912 1126 a.

186 1148 307 1170 Dcxln.
317 1140 420 1170 Hunc
429 1141 532 1170 loc-nm
539 1141 706 1179 pertinere
713 1140 759 1170 ad
770 1139 913 1169 Laelium.

186 1184 373 1224 Sapientem
386 1184 474 1214 docet
492 1183 624 1214 Corrad.
634 1185 668 1213 in
680 1187 788 1222 quest.
795 1193 830 1222 p.
840 1186 912 1214 38⁶3.

185 1228 279 1257 offic.
288 1228 321 1257 ii.
334 1230 382 1257 11.
394 1227 561 1257 Viriatum
574 1226 773 1257 Lusitanun]
783 1227 862 1256 vicit
873 1237 913 1257 ex

179 1275 343 1311 proetura.
360 1271 430 1300 Fin.
447 1272 480 1300 ii.
499 1274 528 1301 8.
558 1271 742 1309 Diogenem
760 1270 910 1300 Stoicum

185 1315 313 1345 audivit
326 1319 358 1344 et
373 1315 572 1344 Panaetium.
590 1314 646 1344 Or.
660 1314 692 1344 ii.
711 1316 762 1344 84.
779 1314 913 1353 scripsit

183 1358 350 1389 Tuberoni
387 1358 586 1394 orationem,
618 1367 684 1395 qua
716 1357 911 1387 Africanum

185 1401 386 1432 avunculum
426 1401 584 1431 laudavit.
616 1401 695 1430 Nat.
726 1401 769 1431 D.
802 1401 849 1430 iii.
878 1403 909 1432 2.

185 1445 268 1475 Phil.
287 1447 320 1475 ii.
338 1448 389 1475 33.
407 1455 524 1484 augur.
542 1444 599 1474 Or.
617 1445 662 1474 iii.
679 1448 710 1478 7.
723 1445 758 1474 in
772 1443 911 1474 dicendo

184 1489 277 1519 lenis.
301 1489 365 1520 Off.
390 1490 411 1519 i.
436 1491 487 1520 30.
520 1489 555 1518 in
570 1498 609 1517 eo
625 1488 733 1517 multa
748 1487 909 1518 hilaritas.

183 1533 204 1562 i.
229 1533 280 1565 535.
305 1533 338 1563 in
362 1533 454 1562 omni
477 1532 547 1561 vita
569 1531 749 1570 aequabilis.
773 1531 846 1561 Att.
866 1531 908 1562 iv.

186 1577 234 1606 16.
266 1576 379 1615 generi
402 1576 472 1616 ejus
495 1576 535 1616 Ω.
553 1574 699 1605 Seaevola
720 1579 754 1605 et
772 1574 808 1604 C.
827 1574 910 1604 Fan-

183 1621 268 1650 nius.
287 1622 347 1650 ἃς.

225 1664 273 1694 D.
292 1664 429 1699 Laelius,
446 1663 503 1693 Or.
517 1662 551 1692 ii.
566 1662 596 1692 6.
614 1666 738 1699 orator,
755 1660 793 1691 L.
812 1661 909 1692 Cras-

180 1716 216 1738 ιο
237 1707 446 1737 adolescente
464 1706 590 1742 floruit,
607 1705 773 1735 virbonus
787 1710 821 1734 et
838 1715 907 1735 me-

180 1750 338 1780 diocriter
364 1750 492 1779 doctus.
517 1749 610 1780 Him-
631 1750 761 1779 dictum
785 1749 909 1778 Lucilii

180 1794 237 1824 Or.
261 1794 294 1824 ii.
319 1795 348 1824 6.
374 1794 522 1823 Persium
545 1802 611 1822 non
629 1802 708 1823 curo
724 1792 846 1832 legere,
864 1792 907 1823 D.

181 1836 322 1867 Laelium
353 1836 437 1867 volo.
474 1837 535 1876 Ap.
570 1836 653 1866 Plin.
686 1836 729 1866 H.
762 1835 805 1866 N.
830 1836 850 1865 i.
880 1839 906 1866 l.

180 1881 384 1911 Hardainus
405 1891 422 1911 e
444 1881 535 1910 libris
556 1890 619 1909 sor.
642 1880 743 1910 edidit
764 1879 907 1910 Junium

180 1924 344 1964 Congum.
363 1934 457 1964 quem
473 1924 537 1953 vid.
555 1923 697 1954 Emend.
713 1924 755 1953 iv.

222 1968 270 1998 D.
284 1968 421 2004 Laetius,
440 1967 545 1997 Flacc.
566 1970 592 1997 1.
617 1966 802 1997 accusatL.
815 1965 907 1996 Flac-

179 2021 254 2041 cum
288 2011 327 2041 de
359 2010 564 2052 repetundis.
595 2010 667 2041 Att.
699 2011 767 2040 viii.
802 2013 850 2040 ll.
887 2020 907 2040 a

179 2054 336 2094 Pompeio
360 2065 437 2085 cum
461 2054 627 2084 mandatis
649 2054 691 2084 ad
708 2054 798 2084 Coss.
815 2053 906 2083 Mar-

126 2131 128 2133 ,
178 2098 298 2128 cellum
324 2103 360 2128 et
376 2097 559 2128 Lentulum
578 2098 727 2138 Capuam
745 2098 905 2127 mittitur.

178 2139 267 2181 ‚Ejus
280 2143 396 2173 mentio
408 2147 454 2172 est
465 2142 555 2183 apud
574 2142 649 2172 Coes.
665 2142 753 2172 Bell.
775 2139 866 2171 Civ.
859 2141 904 2171 1ii.

180 2188 251 2216 100.

226 2229 258 2259 C.
283 2233 316 2258 et
332 2229 382 2259 M.
401 2230 519 2268 Loenii,
535 2240 565 2260 v.
582 2229 718 2259 Lenius.

227 2272 259 2303 C.
279 2274 410 2311 Lamus,
426 2285 443 2304 e
466 2274 629 2314 Popilliis,
646 2272 738 2302 Ball).
767 2274 815 2301 11.
847 2281 905 2311 pa-

176 2316 243 2345 tria
266 2316 392 2355 pulsus,
414 2318 568 2348 Nuceriae
586 2317 689 2345 civem
707 2325 741 2347 se
758 2315 830 2344 fieri
846 2325 903 2345 cu-

177 2361 295 2389 rat.al.
320 2360 353 2390 P.
372 2361 434 2391 vid.
451 2361 494 2392 P.
515 2360 688 2400 Popillius.

220 2403 353 2440 Laenas,
370 2403 441 2434 Att.
457 2405 512 2434 xii.
532 2408 580 2435 13.
603 2406 650 2434 14.
681 2411 798 2442 augur.

220 2447 367 2482 Loenius,
384 2458 414 2477 v.
431 2448 565 2478 Lenius.

220 2490 345 2527 Latus,
366 2487 436 2520 Ait.
454 2493 496 2521 iv.
514 2497 544 2526 9.
569 2491 696 2521 amicus
721 2490 902 2527 Ciceronis,

176 2534 231 2572 qui
245 2533 384 2573 Neapoli
397 2535 533 2565 domum
551 2535 667 2565 habuit
683 2546 692 2572 3
716 2534 780 2563 m'sz'
795 2534 904 2572 legen-

175 2577 268 2613 dum,
287 2577 406 2607 Paetus.

220 2621 387 2654 Loer'imzs,
403 2621 497 2651 Vei-r.
529 2621 574 2651 iii.
600 2624 650 2651 54.
682 2624 804 2660 praetor
820 2620 903 2649 Sici-

174 2663 238 2694 liae.
271 2665 405 2703 quidam
420 2675 481 2694 ser.
497 2664 652 2694 Levinus.

219 2707 349 2743 Locrus,
368 2708 500 2746 Cispius.
519 2708 560 2737 ad
572 2708 647 2738 Div.
662 2719 692 2738 x.
710 2710 758 2738 18.
786 2706 901 2737 Planei

174 2750 398 2790 legatusjuit.
441 2752 532 2781 lVam
552 2762 603 2790 ep.
622 2753 673 2782 ⁶21.
697 2752 818 2781 dieitur
835 2760 902 2780 om-

173 2795 268 2824 uibus
285 2795 406 2824 Planci
421 2796 515 2825 rebus
535 2796 634 2833 gestis
657 2793 855 2834 infer-flasse,
871 2798 900 2824 et

172 2838 335 2876 discessus
352 2838 551 2877 legatorum,
568 2848 629 2868 non
642 2842 745 2878 potest
762 2839 901 2878 intelligi

175 2882 236 2912 wisi
252 2883 290 2912 de
306 2883 400 2913 Laevo
416 2886 446 2913 et
463 2883 588 2912 [Veri-u.

724 97 869 126 INDEX
891 94 1169 125 HISTomcUS.

1012 183 1130 223 Laius,
1145 183 1244 214 Tusc.
1266 183 1308 213 iv.
1325 186 1377 215 33.
1408 182 1478 214 Fat.
1497 187 1546 215 13.
1578 185 1694 227 OEdz‘pa‘

961 232 1070 267 paler.

1011 271 1103 307 Lais,
1119 270 1158 300 ad
1184 270 1259 300 Div.
1276 270 1319 300 ix.
1336 270 1387 301 26.
1418 274 1565 302 scortum
1588 271 1693 302 Athe-

966 315 1016 344 nis
1034 313 1154 351 nobile,
1171 323 1236 353 quo
1257 319 1292 344 et
1315 314 1503 353 Aristippus
1526 324 1606 345 usus
1629 320 1691 346 est.

964 356 1044 397 Ejus
1063 357 1191 387 dictum
1208 357 1248 386 de
1265 368 1313 387 ea.

1008 401 1142 437 Lamia,
1161 401 1253 430 Verr.
1277 401 1318 431 iv.
1342 401 1394 431 2¹6.
1423 400 1553 438 ,semina
1574 400 1691 441 Seges-

962 447 1053 472 tana.

1009 487 1048 516 l..
1074 486 1208 523 Lamia,
1233 497 1272 517 ea:
1303 486 1422 518 AEciis.
1453 487 1495 517 ad
1526 487 1604 518 Div.
1632 487 1691 518 xii.

962 530 1014 562 ⁶29.
1044 529 1180 568 nvgotia
1196 531 1228 559 in
1243 530 1321 560 Asia
1336 530 1435 561 habet
1451 534 1527 561 Seu.
1551 541 1583 571 p.
1605 531 1690 562 Red.

962 575 991 603 5.
1023 573 1112 602 Sext.
1135 576 1181 603 12.
1213 583 1312 612 eques
1330 573 1427 604 Rom.
1446 584 1466 604 a
1481 575 1598 604 Pisone
1615 574 1689 605 Cae-

960 616 1078 645 sonino
1106 616 1204 646 Cons.
1232 617 1266 646 in
1293 616 1429 647 exilium
1461 619 1508 648 ire
1539 618 1689 656 jubetur,

958 659 1052 698 quod,
1066 659 1275 698 manifestata
1291 659 1510 700 conjuratione
1527 662 1688 699 catilinae,

959 703 1125 742 inprimis
1138 707 1287 733 senatum
1311 702 1499 743 defenderat
1521 709 1551 736 ει
1575 706 1609 735 in
1630 707 1689 736 eli—

957 755 995 776 vo
1023 747 1198 786 Capitolino
1219 750 1362 777 steterat.
1400 748 1442 777 ad
1464 749 1541 779 Div.
1563 749 1609 778 xi.
1638 749 1687 780 16.

962 792 1010 823 17.
1042 794 1223 830 praeturam
1248 791 1333 830 petit
1354 789 1502 821 Antonio
1524 795 1559 821 et
1582 791 1686 823 Dola-

957 832 1045 862 bella
1059 834 1148 864 Coss.
1164 843 1263 873 quam
1277 838 1306 863 et
1316 838 1462 873 sequente
1474 843 1560 865 auno
1568 837 1666 873 gessit
1676 848 1686 864 .-

957 877 1044 906 unde
1065 877 1243 907 Praetorius
1266 877 1390 907 dicitur
1413 877 1526 909 Plinio
1548 877 1603 908 vii.
1632 880 1688 910 52.

956 924 987 949 et
1005 920 1113 950 Wzler.
1131 920 1179 950 M.
1197 921 1218 950 i.
1235 923 1265 951 8.

1002 963 1196 1000 Laomedon,
1219 963 1248 992 T
1251 973 1319 994 use.
1346 964 1367 994 i.
1391 964 1444 995 26.
1483 963 1686 1004 Ganymedis

958 1010 1064 1046 pater.

981 1050 1162 1088 .Larg·ius,
1193 1050 1249 1081 Or.
1285 1050 1317 1080 ii.
1355 1053 1407 1086 59.

957 1094 1043 1124 idem
1059 1104 1186 1131 nomen,
1201 1095 1285 1133 quod
1300 1094 1446 1134 Largus.

1000 1137 1150 1175 Largus,
1168 1137 1210 1167 ad
1232 1135 1308 1168 Di'v.
1324 1138 1366 1167 vi.
1385 1141 1415 1168 8.

1003 1181 1132 1218 Lartes,
1148 1191 1203 1210 seu
1221 1182 1331 1219 pocius
1352 1181 1420 1211 Lar
1439 1180 1493 1211 vel
1514 1180 1596 1212 Lars
1617 1181 1684 1213 To-

955 1223 1113 1254 lumnius.
1139 1224 1223 1255 Phil.
1248 1226 1290 1254 ix.
1323 1226 1353 1254 2.
1391 1234 1449 1255 rex
1476 1225 1685 1264 Veientium,

955 1268 1011 1306 qui
1035 1275 1178 1306 quatuor
1200 1268 1297 1299 Rom.
1329 1267 1456 1307 legatos
1480 1268 1611 1299 Fidenis
1631 1270 1683 1299 in-

953 1312 1100 1341 teremit.
1147 1311 1226 1342 Fuit
1262 1316 1375 1342 alitem
1408 1313 1465 1341 hoe
1494 1321 1684 1352 praenomen

953 1355 1141 1394 dignitatis,
1154 1359 1184 1385 et
1196 1356 1328 1394 regibus
1341 1356 1488 1385 omnibus
1503 1366 1683 1388 commune.

998 1398 1186 1435 Lartidius,
1214 1398 1285 1428 Att.
1317 1399 1370 1428 vii.
1404 1401 1431 1429 1.
1470 1409 1597 1438 nomen,
1622 1410 1684 1441 quo

953 1443 1063 1472 utitur
1077 1442 1122 1472 ad
1134 1441 1287 1472 fllilmzem
1306 1443 1616 1482 reprehendendum.

994 1485 1044 1515 M.
1070 1485 1269 1522 Laterensis,
1296 1497 1312 1516 e
1339 1486 1516 1517 Juzvencz'z's.
1547 1488 1620 1517 Att.
1646 1487 1683 1518 ii.

956 1531 1004 1559 18.
1033 1529 1245 1559 tribunatum
1264 1539 1330 1559 non
1356 1530 1453 1568 petit,
1470 1539 1511 1559 ne
1528 1531 1622 1570 juret
1645 1532 1682 1562 in

953 1572 1091 1602 Caesaris
1116 1572 1224 1611 legem
1239 1572 1425 1612 Agrariam.
1449 1583 1478 1602 v.
1495 1573 1568 1604 Lex
1581 1574 1682 1606 aazia

950 1616 1112 1654 Agraria.
1129 1616 1241 1645 Plane.
1262 1619 1289 1645 1.
1315 1616 1483 1646 studiosus
1500 1617 1681 1650 Ciceronis..

951 1659 1125 1689 Plancium
1141 1659 1180 1689 de
1198 1660 1326 1690 ambitu
1343 1667 1490 1697 accusat,
1506 1661 1596 1699 quod
1610 1662 1682 1702 ipse

950 1703 985 1732 in
1017 1713 1056 1732 ea
1086 1703 1248 1752 petitione
1280 1703 1447 1743 repulsam
1476 1703 1614 1743 tulerat,
1638 1706 1682 1737 ad

950 1747 1026 1777 Div.
1043 1746 1109 1776 viii.
1127 1749 1157 1777 8.
1187 1751 1311 1786 praetor
1332 1747 1492 1777 Marcello
1511 1752 1546 1778 et
1562 1749 1681 1780 Paullo

952 1790 1042 1820 Coss.
1060 1790 1350 1830 ignorantissimus
1367 1789 1458 1821 Juris
1471 1792 1595 1823 Civilis.
1607 1794 1679 1824 Att.

950 1834 1006 1863 xii.
1027 1836 1075 1867 17.
1107 1843 1224 1873 augur.
1254 1833 1296 1863 ad
1310 1834 1386 1864 Div.
1403 1845 1435 1864 x.
1451 1837 1504 1866 21.
1530 1836 1679 1876 Legatus

949 1877 997 1907 M.
1021 1877 1157 1917 Lepidi:
1190 1878 1246 1916 qui
1268 1887 1301 1907 se
1322 1878 1386 1917 ipse
1408 1878 1584 1919 interfecit,
1602 1890 1679 1911 cum

950 1920 1095 1960 Lepidus
1110 1921 1288 1951 Antonium
1303 1922 1389 1951 clam
1403 1933 1436 1953 se
1456 1925 1492 1953 in
1501 1928 1612 1954 eastra
1627 1935 1681 1955 re-

948 1965 1088 2004 cepisset.
1117 1964 1160 1994 ad
1182 1965 1258 1994 Div.
1283 1975 1314 1994 x.
1339 1967 1390 1996 ⁶23.
1430 1967 1511 1997 fides
1541 1968 1612 2006 ejus
1642 1972 1679 1998 et

949 2009 1081 2037 animus
1102 2008 1136 2037 in
1160 2017 1265 2047 remp.
1282 2007 1396 2039 Vatin.
1417 2013 1465 2041 11.
1496 2011 1526 2041 ei
1541 2011 1679 2042 insidias

948 2051 1102 2081 Vatinius
1117 2051 1209 2081 facit.
1226 2051 1393 2082 laudatur.

993 2095 1149 2132 Latinus,
1173 2094 1215 2124 ad
1243 2095 1320 2125 Div.
1352 2097 1408 2127 xii.
1437 2100 1490 2129 30.
1527 2096 1678 2136 Legatus

953 2137 988 2169 C.
1015 2138 1144 2169 Calvisii
1167 2139 1203 2168 in
1223 2137 1356 2177 Africa,
1379 2142 1435 2180 qui
1458 2151 1533 2171 cum
1556 2142 1678 2172 duobus

947 2183 1034 2218 aliis,
1054 2183 1179 2212 absente
1207 2181 1353 2221 Calvisio,
1370 2185 1576 2224 provinciam
1598 2186 1678 2216 obti-

946 2227 1051 2256 nebat.

990 2269 1038 2299 M.
1064 2270 1181 2306 Lecca,
1197 2279 1214 2299 e
1236 2270 1377 2309 Porciis,
1393 2269 1492 2302 Catil.
1516 2271 1538 2301 i.
1562 2274 1594 2302 4.
1624 2281 1676 2302 so·

947 2314 1016 2344 cius
1034 2313 1200 2344 Catilinae.

991 2357 1104 2395 Leius,
1121 2356 1162 2386 ad
1177 2358 1247 2388 Att.
1263 2367 1294 2388 v·
1310 2359 1362 2389 20.
1393 2358 1448 2388 secl
1461 2363 1606 2390 inmotas.

995 2401 1027 2431 C.
1044 2406 1078 2431 et
1092 2401 1140 2431 ΛΙ-
1162 2401 1269 2437 Lenii,
1284 2411 1310 2431 s.
1336 2401 1456 2438 Loemi,
1472 2412 1551 2432 nam
1574 2403 1675 2433 iidem

943 2450 1033 2481 sunt,
1055 2445 1185 2475 fratres.
1217 2444 1258 2474 ad
1281 2444 1358 2474 Div.
1384 2445 1455 2475 xiii.
1478 2446 1531 2476 63.
1560 2445 1674 2477 Plane.

945 2494 997 2521 41.
1040 2489 1129 2518 Sext.
1167 2489 1218 2518 63.
1263 2487 1458 2519 Ciceronem
1496 2489 1674 2529 expulsum

945 2532 1115 2564 Brundisii
1131 2532 1165 2561 in
1182 2531 1295 2561 hortos
1312 2541 1388 2562 suos
1403 2532 1582 2571 recipiunt,
1596 2542 1674 2562 con·

944 2576 1060 2608 temtis
1083 2574 1191 2605 Clodii
1214 2575 1325 2604 minis.
1357 2574 1486 2605 adAtt.
1503 2585 1533 2605 ν.
1551 2577 1602 2606 20.
1619 2578 1672 2608 21.

945 2621 1013 2651 fiio
1027 2623 1072 2650 est
1087 2618 1134 2648 Μ.
1148 2618 1286 2654 Lenius,
1302 2619 1359 2657 qm·
1368 2620 1502 2658 primus
1518 2618 1674 2668 ὄρνιθος-ςσ-

944 2667 1016 2703 φεῖαν
1032 2663 1153 2692 interiit
1163 2662 1344 2692 Brundisii.
1361 2671 1391 2691 v.
1401 2661 1563 2692 Ρανᾙοίί
1572 2661 1616 2691 R.
1625 2663 1674 2692 iii.

945 2711 974 2740 5.
993 2711 1022 2737 8.
1054 2706 1109 2737 ubi
1126 2707 1211 2735 male
1240 2704 1380 2735 Ursinus
1403 2716 1420 2735 e
1441 2705 1601 2736 Pliniox.
1620 2708 1673 2736 50.

943 2750 1067 2787 corrigi
1084 2750 1153 2779 vult
1168 2747 1304 2786 Laelius,
1319 2758 1393 2778 cum
1410 2749 1453 2779 ibi
1470 2749 1579 2788 potius
1600 2748 1672 2779 Lae-

944 2804 966 2824 n
980 2803 1020 2824 us
1035 2794 1078 2823 sit
1094 2792 1323 2831 reponendum.

988 2836 1172 2871 Leiztidius,
1196 2835 1296 2865 Dom.
1326 2837 1379 2865 33.
1409 2835 1498 2865 Sext.
1523 2837 1576 2868 37.
1601 2836 1673 2875 ple-

944 2882 1030 2912 buius
1045 2889 1061 2910 e
1081 2879 1242 2910 Clodianis
1256 2880 1369 2919 olm-is.

1451 1060 1468 1081 e
1497 1050 1686 1089 Scribonii-5,
