1800 3131
152 107 236 148 334

201 201 403 242 latorque-re.
418 202 519 234 Tuae.
534 202 577 234 iv.
594 204 647 236 36.
664 205 801 236 alternis
819 216 890 236 ver—

156 245 247 276 sibus
270 247 498 287 intorquentur
520 248 609 278 inter
630 248 748 280 fratres
771 254 891 280 contu-

158 288 281 321 meliae.

202 334 420 372 Intrat-tatus„
453 333 646 366 indomitus.
669 335 751 366 Lael.
772 338 821 370 19.
839 337 891 366 in-

157 380 322 408 tractatus
336 387 452 417 equus,

202 421 347 451 intrare.
386 421 491 451 Flacc.
534 424 582 452 10.
619 423 746 452 intrabo
786 423 889 452 etiam

158 465 280 504 magis,
295 474 340 495 se.
357 465 392 495 in
410 475 557 504 causam,
575 467 763 496 accuratius
781 476 889 505 agam.

201 508 378 539 Incrudere
407 518 453 540 se.
486 509 608 539 Caecin.
644 513 673 540 5.
708 509 796 539 idem
826 513 890 547 est,

156 552 248 591 quod
264 552 385 583 inferre
401 562 449 590 se,
467 552 505 582 de
523 562 588 591 quo
604 562 714 592 supra.

202 596 345 634 Intueri,
377 596 484 635 sequi,
525 594 659 626 imitari.
704 596 796 626 Sext.
836 598 890 626 45.

162 639 251 678 quod
265 641 388 670 intueri
408 639 562 669 debeant.
587 640 644 669 Or.
663 640 696 669 ii.
709 641 763 670 21.
783 640 891 669 intue-

155 683 189 712 ri
219 683 375 722 aliquem.
412 682 660 721 *imperterriti
691 683 794 712 animi
824 683 891 721 sig-

157 734 254 764 num,
269 727 388 756 intueri
407 725 452 762 id,
469 725 556 764 quod
573 726 760 765 periculum
784 727 889 756 minu-

159 773 228 800 tur.
251 771 340 799 Sext.
370 773 401 803 9.
436 773 676 808 tempestatem
702 771 833 800 intueri.
859 780 888 799 v.

157 812 301 852 Inter-pr.
325 812 367 842 ad
398 811 481 842 illud
513 811 666 843 Horatii:
705 813 761 852 qui
790 814 889 844 rectis

157 855 264 887 oculis
280 860 429 885 monstra
444 857 597 886 natantia
614 856 707 886 vidit.

201 901 307 930 Intus.
330 899 423 929 verr.
447 900 467 928 i.
492 901 545 929 20.
576 901 666 930 intus
681 909 823 938 canere3
849 900 889 930 de

155 942 338 973 citharoedo
366 942 546 983 Aspendio,
568 948 619 973 est
635 944 771 974 sinistra
787 954 889 974 manu

155 991 301 1018 tractare
326 986 419 1017 fides.
442 996 470 1015 v.
498 986 638 1017 Canere.
660 986 739 1026 Agr.
770 987 804 1017 ii.
836 988 888 1019 26.

155 1030 407 1070 proverbialiter
432 1034 496 1067 est,
518 1031 586 1061 suis
609 1030 791 1061 commodis
817 1035 889 1062 stu-

157 1074 247 1105 dere.

199 1117 371 1148 Invadere.
410 1127 488 1148 cum
518 1127 657 1158 praepos.
681 1118 727 1148 in.
759 1117 825 1148 Off.
855 1118 888 1147 ii.

154 1163 209 1194 21.
231 1161 295 1191 hoc
311 1161 437 1191 malum
462 1163 498 1191 in
521 1171 625 1201 remp.
650 1163 778 1192 invasit.
810 1171 888 1191 cum

157 1205 227 1235 dat.
251 1204 293 1234 ad
323 1205 398 1235 Div.
433 1206 497 1234 xvi.
530 1208 578 1236 10.
600 1205 693 1236 furor
722 1207 889 1236 invaserat

156 1248 328 1289 improbis.
345 1249 400 1278 ubi
417 1259 447 1278 v.
464 1248 643 1279 Victorius.

200 1293 400 1323 lnzvalitudo.
425 1292 495 1322 Att.
513 1293 567 1322 vii.
583 1294 615 1324 2.

201 1337 368 1366 Invehere.
390 1336 490 1366 Tusc.
508 1337 550 1366 iv.
580 1340 629 1370 17.
653 1345 888 1375 quemcunque

149 1389 270 1410 ⁸casum
297 1379 431 1410 fortuna
457 1381 590 1410 invenit.
613 1379 632 1398 ⁸*
649 1380 733 1411 Phil.
760 1380 808 1410 iii.
838 1383 887 1411 13.

156 1433 234 1453 cum
266 1423 322 1453 ille
353 1425 387 1453 in
411 1432 464 1452 me
501 1425 664 1461 invehens,
701 1424 741 1454 ab
770 1424 888 1454 invehi.

151 1467 208 1497 Sic
224 1472 259 1496 et
276 1471 327 1497 est
341 1466 384 1497 N.
402 1466 444 1496 D.
462 1468 483 1496 i.
495 1469 548 1497 28.

199 1511 362 1547 Invenire,
404 1520 532 1549 parare,
562 1510 681 1541 Manil.
718 1513 767 1542 14.
797 1510 887 1541 unde

155 1559 226 1584 tam
266 1553 494 1584 incredibilem
535 1564 671 1584 cursum
719 1555 888 1585 inventum

155 1599 293 1638 putatis.
322 1597 434 1627 Vatin.
456 1602 489 1632 9.
519 1599 656 1628 inventis
670 1599 840 1638 auspiciis,
865 1598 886 1628 i.

156 1653 185 1671 e.
200 1641 358 1672 inductis.

201 1686 409 1722 Inveleratio,
423 1684 462 1714 de
475 1686 554 1715 vitio
568 1685 765 1715 inveterato.
784 1685 885 1715 Tusc.

156 1729 198 1758 iv.
216 1732 268 1762 37.
292 1730 481 1758 inveteratio
497 1729 618 1768 aegrius
634 1727 825 1769 depellitur.

201 1773 350 1802 Invidere
366 1782 441 1802 cum
459 1782 568 1802 accus.
590 1771 691 1802 Tusc.
709 1772 756 1801 iii.
773 1776 804 1806 9.
823 1772 888 1802 Sed

157 1816 249 1846 locus
263 1820 313 1845 est
325 1826 364 1845 ex
378 1816 491 1853 Accio,
506 1821 538 1846 et
553 1816 669 1846 Cicero
681 1815 787 1852 addit,
800 1814 887 1845 male

156 1859 261 1890 latine
278 1859 418 1889 dictum.
433 1859 498 1889 vid.
515 1860 632 1890 Heius.
645 1859 687 1889 ad
697 1859 792 1890 Ovid.
805 1859 887 1889 Her.

155 1903 225 1933 xiii.
246 1905 316 1936 137.
341 1903 419 1941 Egit
434 1904 537 1933 etiam
554 1903 593 1933 de
609 1902 671 1932 hac
687 1903 796 1933 forma
805 1902 887 1933 Gro-

157 1956 231 1976 nov.
249 1946 289 1976 ad
305 1946 413 1976 Tacit.
437 1947 476 1977 A.
493 1948 514 1977 i.
532 1949 582 1978 22.
615 1945 698 1977 [bid.
720 1945 810 1976 unde
827 1946 888 1977 du-

156 1995 249 2020 ctum
268 1988 401 2020 verbum
417 1991 428 2020 ?
456 1990 544 2020 conf.
562 1989 684 2020 Euher.
701 1989 743 2020 ad
757 1989 790 2020 h.
807 1989 829 2019 l.

201 2034 399 2064 Invidentia.
426 2033 527 2064 Tusc.
545 2035 590 2064 iii.
605 2038 637 2068 9.
664 2033 830 2073 quomodo
847 2033 887 2063 ab

157 2077 283 2107 invidia
299 2077 430 2108 differat
443 2078 456 2107 ?

202 2121 343 2152 Invidia.
367 2121 466 2151 Tusc.
483 2121 526 2151 iv.
543 2124 574 2155 7.
598 2121 722 2151 «licitur
745 2130 812 2151 non
836 2131 886 2151 so·

157 2163 227 2194 lum
244 2165 278 2194 in
294 2175 346 2203 eo,
362 2165 417 2203 qui
435 2164 574 2202 invidet,
590 2165 648 2195 sed
665 2165 766 2194 etiam
785 2166 819 2195 in
834 2174 887 2202 eo,

156 2208 210 2238 cui
226 2208 405 2239 invidetur.

200 2252 382 2282 Invidiosus
407 2263 427 2282 a
451 2252 521 2282 vita
547 2252 720 2292 superiori.
745 2251 788 2281 ad
810 2251 885 2282 Div.

157 2296 226 2325 viii.
246 2298 295 2325 14.

201 2339 344 2377 Invisus,
360 2349 461 2378 quem
478 2338 587 2368 videre
612 2339 716 2369 nefas.
740 2337 820 2368 Har.
844 2337 885 2369 R.

158 2384 210 2416 27.
235 2383 381 2413 maribus
395 2383 500 2413 invisa
516 2391 619 2412 sacra.

201 2426 363 2463 Invitare,
375 2430 466 2456 tecto
482 2431 517 2456 ct
533 2425 641 2455 domo.
664 2425 758 2455 Vcrr.
774 2425 816 2454 iv.
837 2428 847 2455 l
861 2428 886 2454 l.

157 2467 260 2499 Tusc.
276 2470 320 2499 iii.
338 2472 390 2500 34.
414 2471 555 2500 imitare
570 2478 604 2498 se
621 2469 662 2498 ad
678 2469 857 2500 miseriam.

203 2513 366 2543 Invitatio.
394 2513 495 2544 Tusc.
519 2513 566 2543 iii.
590 2516 642 2543 34.
671 2513 822 2542 invitatio
845 2511 888 2543 ad

158 2555 350 2586 dolendum.

203 2600 321 2630 Im'z'te.
345 2600 386 2630 ad
400 2599 471 2630 Att.
490 2600 555 2630 viii.
573 2602 603 2630 2.

203 2643 379 2674 Invitatus.
404 2643 474 2674 Fin.
498 2644 531 2673 ii.
555 2645 607 2675 31.
636 2643 781 2682 probitas
805 2644 887 2674 iuvi-

159 2690 241 2716 tata.

203 2729 382 2766 bimatus,
397 2728 536 2759 volatus.
561 2729 602 2759 ad
625 2730 701 2761 Div.
724 2730 767 2761 vi.
792 2729 822 2760 6.
847 2739 888 2761 ex

157 2774 306 2807 involatu
330 2772 428 2803 alitis.
452 2773 516 2802 Sed
536 2773 610 2803 libri
636 2773 746 2813 plures
763 2773 888 2803 habent

158 2817 284 2847 volatu.

201 2860 383 2895 [revolutus.
400 2859 572 2897 obscurus,
591 2869 655 2891 non
679 2860 759 2891 satis
783 2860 888 2900 expli-

158 2908 264 2934 vatus.
288 2903 359 2933 Fin.
376 2903 396 2934 i.
412 2906 443 2938 9.
469 2903 561 2939 notio
586 2905 741 2935 involuta.
763 2904 804 2934 cf.
829 2904 886 2935 Qr.

679 116 828 146 fflmzx
859 117 993 146 LATIN
1001 117 1155 146 [TATIS.

934 209 987 237 33.
1012 209 1031 228 θ
1043 211 1166 237 tectus.
1199 205 1283 237 Phil.
1299 206 1355 237 vii.
1371 207 1402 238 6.
1435 207 1559 238 bellum
1574 208 1664 241 inva-

933 251 1041 280 lutum
1057 251 1147 290 pacis
1165 251 1313 288 nomine,
1330 249 1389 281 sed
1403 250 1459 281 alii
1475 251 1595 291 legunt
1605 252 1664 282 obz-

932 293 1097 325 volutum.
1114 304 1144 323 v.
1163 298 1232 323 not.

976 338 1162 376 Involg'are.
1179 337 1220 366 ad
1236 336 1306 367 Att.
1323 337 1357 366 ii.
1377 340 1404 368 1.
1427 348 1457 368 v.
1474 338 1577 368 Gron.

980 381 1125 411 [nurere.
1150 381 1224 411 Mil.
1243 383 1289 411 13.
1314 391 1393 419 quas
1412 380 1501 421 leges
1517 380 1662 413 fuerit—.-

932 424 1148 463 impositurus
1165 428 1263 464 atque
1279 426 1461 455 inusturns.

975 468 1121 498 Inustus.
1145 468 1227 498 Har.
1243 468 1282 498 R.
1299 469 1352 498 25.
1375 469 1523 498 inustum
1540 468 1661 504 animi}

931 509 1109 541 hominum
1126 511 1252 541 odium.
1276 510 1389 541 Plane.
1407 514 1456 543 12.
1477 512 1574 550 signa
1587 521 1663 552 pro-

931 553 1045 584 bitatis
1062 554 1253 585 domesticis
1268 556 1377 585 inusta
1396 556 1482 585 notis
1500 555 1663 591 veritatis.

932 597 988 627 Or.
1012 598 1047 627 ii.
1073 600 1127 628 45.
1155 598 1219 627 11ἰεί
1245 608 1360 628 omues
1384 599 1406 628 ii
1432 603 1556 635 motus,
1581 608 1664 637 quos

931 644 1045 670 orator
1074 639 1231 670 adhibere
1260 642 1349 671 volet
1375 642 1496 682 judici,
1527 642 1562 672 in
1592 642 1663 682 ipso

931 688 1063 714 oratore
1080 685 1232 724 impressi
1254 695 1325 715 esse
1341 691 1442 724 atque
1458 686 1560 716 inusti
1576 685 1665 715 vide-

931 727 1070 758 buntur.

975 772 1122 808 Inutilis,
1135 771 1351 810 perniciosus.
1376 770 1447 801 lnv.
1464 773 1487 802 i.
1502 774 1556 807 49.
1578 771 1664 803 sedi.

930 815 1035 845 tiosus
1063 818 1113 844 est
1139 815 1180 851 is,
1197 815 1253 853 qui
1281 814 1388 844 malus
1414 820 1515 854 atque
1538 817 1664 849 inutilis

931 863 982 888 est
997 858 1088 888 civis.
1105 858 1170 888 vid.
1187 858 1227 888 de
1244 858 1306 887 hac
1321 858 1567 896 significatione
1578 859 1665 890 Bur·

931 911 1047 932 mann.
1064 902 1105 931 ad
1119 901 1217 932 Ovid.
1236 902 1330 931 Pont.
1348 902 1382 932 ii.
1400 904 1431 932 8.
1448 904 1501 935 59.
1531 902 1585 933 Sic
1603 903 1664 933 Po·-

931 945 1038 985 lybius
1066 945 1150 975 dixit
1180 943 1371 982 ἀλυσιτελὴς,
1396 945 1444 975 iii.
1474 945 1546 976 116.
1579 949 1663 976 extr.

931 989 1020 1028 Ergo
1046 988 1142 1018 offic.
1158 989 1205 1018 iii.
1221 990 1274 1019 21.
1297 999 1398 1026 quam
1413 990 1528 1019 inutile
1543 999 1589 1020 sc.
1605 999 1663 1030 pa·

930 1033 1019 1069 triae,
1042 1036 1095 1062 est
1118 1032 1357 1071 perniciosum,
1381 1031 1480 1071 idque
1507 1035 1664 1064 convenit

930 1075 1024 1106 loco:
1049 1080 1088 1105 ut
1104 1085 1171 1105 non
1188 1085 1322 1105 necesse
1337 1076 1394 1113 sit,
1410 1077 1560 1115 spurium
1571 1076 1665 1115 judi-

932 1120 999 1149 cari
1015 1130 1022 1148 τ
1048 1128 1252 1158 quamquam
1264 1119 1359 1149 abest
1373 1129 1394 1149 a
1409 1119 1512 1150 Codd.
1529 1120 1665 1159 quibus—

930 1162 1020 1193 dam.

976 1206 1149 1237 Inutilitas
1163 1205 1257 1236 facti.
1280 1205 1353 1236 Inv.
1369 1205 1404 1235 ii.
1421 1206 1475 1236 26.

974 1250 1060 1290 Ipse,
1078 1260 1154 1279 cum
1172 1248 1320 1279 numeris
1336 1249 1504 1288 adjicitur,
1520 1248 1662 1286 indicat,

930 1302 999 1323 non
1024 1303 1203 1323 numerum
1229 1296 1358 1323 eertum
1383 1303 1442 1332 pro
1459 1294 1588 1323 incerto
1602 1297 1663 1323 aut

930 1337 1113 1367 rotundum
1140 1337 1234 1376 poni,
1260 1336 1318 1367 sed
1344 1346 1474 1374 verum,
1500 1337 1554 1366 cui
1580 1336 1665 1367 nihil

930 1390 1039 1419 neque
1070 1380 1222 1410 additum
1251 1390 1360 1419 neque
1389 1380 1579 1410 detractum
1605 1380 1663 1410 sit.

928 1423 1024 1455 verr.
1042 1424 1076 1454 ii.
1092 1428 1124 1458 9.
1149 1425 1216 1463 ipso
1231 1424 1390 1463 vigesimo
1405 1433 1506 1453 anno.
1529 1423 1602 1454 Att.
1617 1423 1665 1454 iii.

929 1469 983 1498 21.
1005 1468 1149 1507 triginta
1164 1467 1233 1497 dies
1246 1468 1316 1508 ipsi.
1332 1466 1373 1497 cf.
1390 1467 1434 1496 ib.
1446 1477 1476 1498 v.
1494 1470 1542 1497 ll.
1566 1466 1663 1498 Brut.

935 1513 982 1542 15.
1007 1511 1049 1541 ad
1065 1511 1141 1541 Div.
1157 1511 1201 1541 vi.
1219 1514 1269 1541 18.
1291 1512 1376 1550 ipsas
1390 1510 1548 1541 undecim
1561 1510 1664 1550 legio-

930 1564 999 1584 nes.
1038 1555 1057 1573 *ἒ
1072 1555 1241 1593 significat
1278 1555 1396 1592 etiam,
1429 1564 1488 1593 per
1523 1564 1572 1591 se,
1602 1563 1664 1584 sua

929 1603 1060 1638 sponte.
1094 1597 1176 1628 emi.
1208 1601 1255 1632 19.
1280 1597 1390 1627 valeat
1414 1601 1531 1627 tamen
1555 1599 1662 1637 ipsum

929 1642 996 1672 suis
1019 1642 1153 1672 viribus.
1176 1642 1255 1671 Div.
1276 1642 1298 1672 i.
1322 1644 1374 1671 34.
1405 1641 1509 1671 valvae
1531 1651 1566 1671 se
1588 1643 1664 1681 ipsa

930 1690 1146 1725 aperuerunt.
1169 1685 1226 1714 Or.
1249 1685 1273 1715 i.
1295 1686 1348 1715 24.
1372 1694 1438 1714 non
1458 1686 1522 1725 ipse
1537 1684 1662 1723 aliquid

930 1738 949 1758 a
966 1739 1020 1758 me
1043 1728 1233 1768 promsisse,
1250 1728 1310 1758 sed
1327 1727 1467 1758 fortuito
1487 1729 1522 1758 in
1537 1737 1665 1758 sermo-

931 1781 1008 1802 nem
1034 1779 1179 1801 vestrum
1207 1772 1374 1802 incidisse.
1412 1772 1490 1802 Huc
1516 1772 1665 1812 pertinet

931 1815 1013 1845 illud
1043 1815 1139 1846 Offic.
1167 1816 1189 1845 i.
1219 1817 1273 1846 22.
1304 1813 1440 1855 delapsa
1469 1825 1564 1845 arma
1591 1817 1663 1855 ipsa

930 1858 1145 1889 ceciderunt:
1171 1859 1192 1888 i.
1209 1869 1238 1889 e.
1254 1862 1388 1898 sponte,
1402 1859 1475 1888 sine
1497 1859 1529 1888 vi
1553 1864 1663 1889 exter-

931 1912 993 1932 na:
1021 1903 1076 1932 ubi
1101 1902 1187 1932 male
1212 1902 1400 1932 Gronovius
1423 1901 1542 1942 ezipm
1557 1902 1661 1933 deleri

931 1946 1013 1976 vult.
1038 1946 1090 1976 Sic
1115 1947 1222 1976 Graeci
1238 1950 1381 1976 utuntur
1397 1946 1439 1985 τῷ
1453 1945 1553 1978 mia-55.
1586 1945 1662 1976 Cal-

931 1989 1064 2020 limach.
1083 1989 1126 2019 H.
1144 1991 1178 2019 in
1195 1989 1302 2029 Apoll.
1319 1999 1348 2019 v.
1370 1993 1398 2020 1.
1420 1990 1529 2019 *cum
1542 1999 1662 2029 prono⁴

931 2033 1076 2063 minibus
1104 2033 1199 2071 mihi,
1220 2043 1288 2069 me,
1311 2034 1387 2070 tibi,
1410 2036 1445 2062 te
1469 2033 1528 2063 ἃς.
1545 2033 1667 2073 jungi-

929 2080 998 2114 tur,
1015 2077 1113 2106 modo
1129 2077 1163 2106 in
1186 2077 1302 2107 eodem
1327 2087 1406 2106 casu
1427 2077 1575 2116 ponitur,
1592 2086 1664 2107 mo-

930 2120 971 2150 do
984 2120 1124 2150 diverso.
1149 2120 1236 2150 Mur.
1249 2122 1302 2150 20.
1325 2121 1358 2150 111
1377 2129 1429 2150 me
1445 2122 1519 2159 ipso.
1533 2119 1613 2150 ibid.
1629 2123 1660 2151 3.

930 2164 1172 2204 mihimetipsi.
1195 2165 1253 2195 Or.
1272 2166 1323 2194 52.
1346 2174 1380 2194 se
1397 2165 1462 2203 ipse
1477 2163 1538 2193 &c.
1562 2164 1663 2194 Criti-

930 2208 959 2238 ei
983 2217 1070 2247 saepe
1095 2218 1154 2248 pro
1177 2207 1311 2246 obliquo
1333 2217 1411 2237 casu
1425 2212 1596 2246 reponunt
1611 2217 1663 2237 re-

930 2258 1038 2290 ctum,
1067 2256 1108 2282 ut
1136 2251 1284 2282 Graevius
1315 2252 1350 2281 in
1381 2250 1553 2281 Cicerone.
1597 2251 1664 2281 Sed

930 2295 1009 2333 quia
1033 2300 1161 2325 certam
1187 2294 1309 2334 legem,
1332 2304 1372 2324 ex
1400 2303 1466 2333 qua
1494 2294 1662 2334 refingant

930 2337 1014 2376 loca,
1032 2348 1098 2368 non
1116 2338 1252 2376 habent,
1266 2348 1352 2378 saepe
1369 2338 1565 2376 relinquunt
1579 2337 1663 2368 obli-

930 2392 1034 2421 quum
1051 2392 1179 2419 casum,
1192 2382 1248 2412 ubi
1264 2382 1394 2412 alienus
1408 2386 1473 2415 est.
1483 2385 1519 2411 et
1529 2385 1662 2412 rectum

930 2430 1048 2456 contra
1072 2429 1203 2466 ponunt
1230 2425 1414 2462 interdum,
1441 2425 1497 2455 ubi
1526 2425 1662 2464 obliquo

929 2479 1023 2509 opus.
1054 2469 1125 2508 Ego
1152 2469 1320 2508 existimo,
1337 2469 1374 2498 111
1395 2468 1662 2508 oppositionibus

929 2513 1053 2551 requiri
1080 2511 1267 2551 obliquum,
1293 2513 1328 2543 in
1360 2512 1478 2542 ceteris
1504 2511 1585 2542 locis
1610 2521 1661 2541 re-

930 2563 1036 2587 ctum.
1065 2556 1123 2586 Or.
1148 2556 1181 2586 ii.
1207 2560 1238 2587 3.
1269 2557 1434 2586 rationem
1455 2555 1585 2585 dicendi
1603 2565 1663 2595 per

929 2603 962 2630 te
992 2601 1113 2639 ipsum,
1137 2608 1237 2629 usum
1262 2609 1321 2640 per
1343 2598 1593 2631 nos—voluisti.
1617 2599 1662 2629 ib.

932 2645 983 2675 52.
1007 2643 1307 2682 alium—seipsum.
1326 2641 1368 2672 cs.
1385 2642 1509 2672 Caecin.
1528 2644 1577 2673 14.
1604 2642 1661 2672 ubi

930 2687 1013 2716 bene
1038 2686 1087 2716 nil
1110 2686 1228 2717 Critici
1251 2690 1400 2716 tentant.
1424 2685 1549 2716 Contra
1573 2685 1661 2716 male

930 2730 1084 2760 Pearcius
1105 2730 1162 2760 Or.
1179 2730 1201 2759 i.
1218 2730 1270 2760 28.
1294 2730 1330 2759 in
1353 2729 1524 2759 vobis—et
1544 2729 1579 2758 in
1605 2739 1659 2761 me

928 2775 995 2814 ipso
1022 2773 1186 2814 experior,
1217 2772 1396 2812 legendum
1427 2780 1544 2802 censet
1572 2774 1661 2812 ipse.-

931 2827 1008 2847 cum
1033 2818 1077 2847 sit
1104 2817 1139 2846 in
1163 2817 1384 2856 oppositione.
1410 2816 1568 2846 Ceterum
1593 2825 1661 2846 non

931 2860 1072 2900 negabo,
1085 2859 1164 2890 huic
1186 2859 1310 2899 regulas
1335 2869 1418 2890 meze
1443 2859 1573 2889 obstare
1595 2858 1661 2889 du<-

931 2903 1016 2941 loca,
1048 2914 1086 2935 ox
1122 2902 1266 2941 lectione
1297 2903 1445 2948 vulgatae
1475 2912 1549 2944 quae
1578 2902 1661 2932 mihi
