1800 3131
158 105 238 143 122

156 201 350 241 Allobroges
374 198 468 238 vicit,
484 198 595 230 consul
606 196 685 240 suit
699 209 732 230 α.
746 206 885 230 ncxxxl.

154 246 222 276 vicl.
239 245 368 275 Fabius.

203 289 246 330 ρ.
272 287 443 319 Maximus
468 286 640 318 mamus.
666 287 800 317 Muren.
834 289 885 320 17.

157 332 263 364 vincit
280 332 313 361 in
330 331 492 371 petitione
509 330 682 361 Scaurum.

201 376 245 418 Q.
264 375 383 406 Fabius
397 374 578 413 illusimus,
603 374 645 404 ad
671 373 747 404 Div.
763 373 818 404 vii.
834 376 887 404 30.

159 429 238 450 eum
255 418 372 449 consul
395 422 481 448 esset
496 427 571 447 eum
592 417 624 448 C.
643 417 796 448 Trebonio
816 415 885 455 siff-

146 463 262 504 fectus
283 462 402 493 Cffsari
429 471 470 492 ex
483 460 651 501 Hispania
677 461 827 490 redeunti
852 468 886 489 α.

160 514 302 538 Dccvui.
334 504 476 535 moritur
522 504 605 543 prid.
637 504 714 535 Kal.
743 503 884 534 Jauuar.

160 551 253 583 Idem
266 554 325 586 est,
341 549 380 579 de
395 558 453 588 quo
468 548 502 577 in
519 547 631 578 Vatin.
648 548 682 578 ii.

203 594 247 634 Q.
264 593 447 629 ll111ximus‚
473 591 567 621 Balb.
603 594 650 621 ll.
673 588 751 620 exul
774 587 886 618 Nuce·

158 637 218 669 riae
235 638 326 667 vivit.
372 636 539 667 Incertum
551 639 608 671 est,
624 633 806 674 quisuerit.

202 681 246 722 Q.
262 679 444 716 Inruimus,
469 678 563 707 verr.
582 678 623 708 iv.
641 680 692 709 20.
703 686 766 718 pro
779 686 838 716 quo
852 676 888 706 in

165 725 329 756 Graeve'an.
342 724 462 761 legitur
473 733 482 750 .·
507 721 653 761 quinque
666 719 802 751 maximi
814 718 886 749 fue—

158 773 234 800 rant
246 778 289 797 se.
305 767 438 806 equulei.

203 811 415 846 Mmutmzz‘us,
432 808 538 839 Flacc.
566 810 618 840 90.
635 807 725 837 homo
739 807 778 836 de
796 806 888 847 plebe

160 854 330 887 Romana,-
362 855 388 884 si
407 862 489 883 sana
515 853 612 883 lectio.
647 850 822 881 Maelonios
852 855 887 880 et

160 898 338 930 Memmios
356 898 477 927 invenio
493 897 526 925 in
553 895 713 934 lapidibus
728 894 888 925 Donimeis

158 952 181 973 a
202 942 249 972 Cl.
271 941 364 971 (im-20
379 941 479 971 editis.
496 939 553 969 sed
576 937 782 969 Meclonium
808 937 886 966 Pro-

159 985 274 1015 culum
289 995 342 1024 ap.
365 984 555 1015 Gruterum.

201 1028 318 1059 Medea
336 1028 511 1063 Palatina,
530 1024 609 1056 Coel.
635 1028 666 1056 8.
683 1028 734 1054 est
760 1023 887 1055 Clodia.

201 1071 331 1108 Medus,
348 1071 412 1102 Off.
428 1072 449 1101 i.
466 1073 516 1100 31.
532 1068 695 1109 tragoedia
705 1068 849 1098 Pacuvii.

202 1115 447 1155 IPIegabocelzus,
472 1114 543 1144 Att.
566 1113 599 1143 ii.
622 1117 653 1147 7.
668 1113 707 1142 de
732 1111 886 1151 Pompeio

157 1161 438 1200 interpretantur.-
461 1158 516 1189 scd
541 1157 716 1187 Gronovius
743 1156 885 1194 legebat.-

159 1203 419 1243 Megabacchus,
462 1211 556 1242 quem
593 1201 812 1236 Plutarchus,
852 1200 887 1229 in

160 1247 327 1286 Pompeio,
345 1248 377 1276 in
393 1247 542 1285 suspectis
571 1241 797 1285 conjuratlmzis
829 1242 888 1273 (Ja-

157 1292 311 1323 tilium-ise
326 1293 564 1320 commemorat.

203 1334 422 1373 Megalensia,
439 1333 479 1363 ad
495 1333 570 1364 Div.
586 1332 620 1362 ii.
640 1334 690 1361 11.
706 1330 813 1361 Item:

203 1377 396 1417 Megalesia,
410 1376 553 1415 Harusp.
563 1386 649 1415 resp.
666 1378 714 1405 ll.
727 1375 765 1404 de
777 1383 886 1404 eorum

159 1424 284 1459 origine
298 1432 328 1452 v.
357 1422 429 1451 Liv.
455 1420 544 1450 xxix.
570 1422 619 1450 14.
645 1419 743 1449 ubiv.
760 1417 888 1450 Duker.

160 1467 245 1497 adde
259 1465 366 1495 xxxiv.
380 1468 432 1495 54.

203 1509 374 1548 Megarici.
391 1508 447 1538 Or.
474 1507 522 1538 iii.
549 1510 598 1541 17.
626 1505 785 1536 Socratici
813 1505 888 1545 phi-

158 1553 301 1593 losophi,
339 1553 379 1582 ab
427 1551 565 1582 Euclide
605 1550 775 1590 Megarico
812 1549 888 1579 orti.

159 1597 262 1628 Acad.
284 1597 327 1627 iv.
354 1598 407 1627 42.
439 1605 553 1625 eorum
584 1595 738 1634 princeps
769 1593 889 1623 dicitur

159 1640 384 1681 Xenophanes
399 1651 405 1669 z
445 1640 506 1669 lzac
525 1639 563 1668 de
579 1648 691 1674 causa,
707 1637 789 1677 quod
802 1636 889 1667 Dict-

159 1686 343 1715 lecticorum
373 1685 572 1723 laqueorum,
612 1691 749 1721 quorum
793 1684 890 1711 erant

158 1729 387 1764 studiosissimi,
410 1731 573 1757 auctorem
598 1726 756 1756 habebant
783 1724 889 1754 Xeno-

154 1774 312 1815 phanem,
332 1771 489 1802 Eleatieoe
500 1771 612 1799 sclzolae
627 1769 830 1800 conditorem.

204 1816 417 1855 Megaristus,
434 1815 474 1854 Q.
501 1813 551 1844 Fr.
576 1814 597 1843 i.
621 1815 652 1845 2.
678 1814 709 1843 2.
736 1812 889 1852 queritur

162 1859 203 1890 de
220 1860 259 1898 Q.
279 1859 437 1889 Cicerone
456 1861 670 1898 propraetore.

204 1902 374 1942 Meg-illus,
403 1901 691 1937 Lacedaemonius,
719 1899 801 1939 Leg.
819 1899 839 1928 i.
858 1901 889 1930 5.

162 1948 219 1987 qui
249 1946 420 1977 inducitur
451 1944 590 1984 loquens
633 1953 710 1974 cum
753 1944 888 1973 Socrate

161 1991 250 2032 apud
267 1990 439 2020 Platonem
457 1989 492 2018 in
509 1988 638 2027 dialogo
655 1987 695 2017 de
711 1986 850 2026 legibus.

204 2033 377 2073 Mega-⁴21⁸,
391 2034 485 2063 Verr.
501 2033 542 2062 iv.
559 2033 611 2063 ⁶26.
628 2031 795 2061 Elorinus.

204 2076 308 2115 Mela,
321 2077 404 2107 Phil.
423 2077 488 2106 xiii.
505 2077 535 2107 Ω.
560 2075 697 2105 Antonii
714 2073 867 2104 collusor.

205 2120 402 2161 Illelmnpus,
419 2120 462 2150 N.
479 2120 522 2150 D.
550 2120 596 2149 iii.
612 2121 664 2150 21,
680 2117 773 2147 Atrei
789 2117 888 2147 filius.

161 2166 242 2205 Leg.
259 2166 294 2195 ii.
314 2168 362 2195 13.
387 2163 608 2202 Melampodis
623 2161 794 2202 praedicta.

205 2209 411 2240 Melanthius
421 2207 585 2244 Rhodius,
602 2206 704 2236 Acad.
723 2206 764 2235 iv.
782 2204 813 2234 6.
824 2203 889 2233 dis-

163 2252 295 2294 cipulus
323 2251 517 2289 Carneadis,
541 2251 576 2280 in
607 2259 672 2289 quo
703 2249 887 2289 plurimum

163 2296 338 2330 suavitatis
354 2296 430 2326 fuit.

205 2340 335 2376 Melete,
351 2339 391 2369 de
408 2338 451 2369 N.
467 2338 510 2368 D.
521 2337 567 2368 iii.
583 2339 635 2368 ⁶21.
651 2336 751 2367 Musa
766 2345 806 2365 ex
821 2335 889 2375 pri-

162 2384 227 2417 mis
244 2388 398 2423 quatuor,
415 2382 502 2411 natis
517 2381 599 2411 Jove
616 2380 731 2410 altero.

205 2428 369 2462 Melissus,
386 2425 539 2456 Acadiv.
556 2428 609 2458 37.
625 2423 699 2454 Hoc
714 2423 887 2453 infinitum

163 2476 199 2503 et
224 2470 433 2502 immutabile
459 2478 590 2509 semper
610 2467 713 2498 fuisse
742 2471 777 2496 et
805 2466 888 2496 fore.

164 2516 298 2547 Samius
326 2513 415 2554 fult,
457 2522 522 2542 mm
555 2511 754 2552 philosophia
785 2510 892 2548 magis

163 2569 264 2601 quam
284 2559 379 2588 ‘rebus
403 2558 503 2595 gestis
529 2558 650 2593 clarus,
678 2553 890 2584 Parmenides

162 2603 347 2643 discipulus.
363 2611 392 2631 v.
417 2601 531 2632 Lao-t.
556 2600 603 2630 ix.
620 2601 673 2630 24.
698 2602 731 2628 et
755 2598 796 2628 ibi
819 2596 890 2628 Me-

162 2656 209 2678 ua
237 2669 244 2676 .

208 2657 266 2730 gp.
293 2687 423 2725 Melius,
451 2686 549 2717 Catil.
566 2687 587 2717 i.
609 2689 637 2716 1.
653 2695 674 2716 a
694 2685 735 2725 Ω.
751 2682 891 2714 Servilio

164 2733 271 2765 Ahala
297 2731 511 2762 interficitur.
528 2730 569 2760 cf.
586 2731 686 2761 Dom.
707 2732 759 2760 38.
782 2727 889 2758 Amic.

165 2781 197 2811 3.
217 2780 266 2808 11.
290 2775 330 2806 de
347 2776 480 2805 Senect.
503 2774 551 2804 16.
567 2783 708 2812 regnum
726 2772 866 2813 appetit.

212 2821 246 2851 C.
262 2816 574 2857 lllemmius,fi·ater
590 2816 633 2847 L.
647 2816 809 2854 Memmii,
832 2816 889 2845 Or.

165 2865 200 2896 ii.
218 2867 269 2898 59.
284 2862 381 2893 Brut.
408 2862 461 2893 36.
486 2860 587 2891 homo
603 2860 753 2898 mordax,
777 2863 890 2889 orator

165 2907 354 2944 mediocris,
380 2910 555 2937 accusator
578 2913 655 2935 acer
676 2908 711 2934 et
741 2902 890 2934 acerbum

663 107 811 138 1NnEx
840 107 1120 137 msromcUS.

929 198 973 229 ib.
997 201 1051 232 70.
1078 200 1214 228 accusat
1240 196 1399 228 Bestiam.
1428 196 1524 229 Font.
1551 201 1582 232 7,
1613 196 1654 229 de

881 252 892 263 ·
930 242 1124 282 repetundis
1141 247 1326 272 accusatur.
1373 242 1488 271 Scauri
1502 243 1656 272 testimo·-

931 285 1024 316 nium
1044 286 1078 315 iu
1095 295 1172 315 eum
1190 285 1272 315 nihil
1291 284 1388 315 valet.
1434 284 1533 315 Catil.
1551 286 1594 316 iv.
1622 287 1655 317 2.

931 339 950 359 a
962 329 1144 360 Saturnino
1160 329 1374 358 interficitur.

979 372 1011 403 C.
1027 372 1214 409 Memmius,
1245 372 1280 402 L.
1305 372 1350 402 fil.
1368 372 1463 402 Brut.
1480 374 1533 405 70.
1549 371 1656 410 perfe-

930 419 1003 445 ctus
1021 415 1138 454 literis,
1152 415 1208 446 sed
1219 415 1355 453 Graecis,
1365 415 1493 445 fastidit
1505 413 1656 453 Latinas,

930 464 1068 497 argutus
1095 464 1130 489 et
1159 459 1263 489 dulcis
1289 464 1413 496 orator,
1451 458 1509 488 sed
1538 468 1657 498 parum

929 502 1032 532 studii
1058 501 1258 542 eloquentiae
1289 503 1418 533 tribuit.
1457 502 1527 532 Att.
1553 502 1574 532 i.
1607 504 1657 532 18.

931 545 979 576 Μ.
992 544 1124 575 Luculli
1147 551 1182 576 et
1207 546 1267 576 Cn.
1285 546 1433 586 Pompeii
1452 555 1569 575 uxores
1586 549 1659 575 stu-

932 589 1051 629 pravit.
1101 589 1261 619 Lucullus
1277 595 1327 619 est
1350 589 1537 626 Menelaus,
1555 589 1657 619 Pom-

923 634 1019 673 peius
1044 631 1286 672 Agamemnon.
1318 632 1410 663 Balb.
1442 634 1472 664 2.
1505 632 1656 672 Pompeii

931 681 1076 715 quaestor
1092 675 1180 706 bello
1205 676 1407 706 Sertoriano.
1429 676 1470 706 ad
1497 676 1537 716 Q.
1555 675 1607 706 Fr.
1634 675 1657 706 ἰ.

930 722 961 751 2.
990 723 1020 751 5.
1051 725 1174 760 praetor
1206 719 1325 750 Bibulo
1360 723 1391 749 et
1423 719 1548 750 Caesare
1577 719 1658 750 Coss.

929 762 1006 793 vat.
1028 766 1075 794 14.
1093 770 1215 803 praetor
1230 763 1404 793 Vatinium
1421 762 1534 793 adesse
1544 763 1658 802 jubet,

930 809 1135 847 questionem·
1152 808 1186 836 in
1202 816 1276 837 eumv
1297 807 1468 836 habiturus
1482 816 1499 836 e
1514 807 1583 844 lege
1599 807 1658 837 Li-

930 852 1016 881 cinia
1032 851 1148 882 dania.
1186 850 1258 880 Att.
1278 850 1319 880 iv.
1351 850 1400 880 16.
1425 853 1474 880 18.
1498 851 1660 880 enunciat

931 895 1136 934 pactionem,
1163 904 1263 932 quam
1295 894 1364 933 ipse
1391 898 1424 922 ct
1457 893 1658 933 competitor

930 938 1101 969 Domitius
1133 947 1210 967 cum
1239 938 1330 968 Coss.
1353 936 1461 977 Appio
1477 940 1510 965 et
1526 936 1659 966 Aheno-

929 981 1031 1010 barbo
1049 981 1087 1010 de
1116 980 1300 1011 Consulatu
1326 980 1487 1010 fecerant.
1513 979 1555 1010 ad
1580 980 1658 1011 Div.

930 1025 999 1055 xiii.
1020 1027 1048 1055 l.
1072 1024 1211 1054 Athenis
1238 1023 1350 1054 exulat
1365 1024 1404 1053 de
1419 1023 1543 1054 ambitu
1565 1024 1660 1054 dam-

929 1072 1038 1098 natus.
1085 1068 1156 1098 Att.
1182 1068 1226 1098 vi.
1255 1070 1282 1098 1.
1315 1067 1355 1097 de
1381 1077 1420 1097 eo
1449 1067 1660 1098 restituendo

932 1111 1033 1142 Curio
1050 1111 1187 1150 cogitat.
1233 1111 1287 1142 De
1311 1121 1345 1141 eo
1372 1112 1436 1141 vid.
1450 1120 1520 1151 quoe
1533 1112 1662 1150 colleg-tt

930 1154 1064 1185 Manat.
1080 1155 1125 1185 ad
1138 1164 1187 1194 ep.
1208 1157 1234 1184 l.
1252 1157 1273 1185 I.
1291 1155 1360 1185 xiii.
1376 1155 1419 1185 acl
1434 1155 1511 1185 Div.
1541 1154 1660 1194 Cogno-

931 1200 1017 1229 miue
1033 1198 1202 1228 Gemellus
1218 1199 1333 1235 dictus,
1351 1199 1377 1228 sl
1392 1202 1440 1228 est
1464 1199 1504 1236 is,
1520 1200 1574 1238 qui.
1590 1198 1661 1229 xiii.

934 1245 983 1276 19.
1003 1243 1120 1273 Patris
1148 1243 1294 1272 exulasse
1321 1242 1454 1280 dieitur,
1478 1242 1562 1282 quod
1575 1243 1661 1272 vide-

929 1290 986 1316 tm·
997 1285 1148 1317 Minucio
1164 1290 1194 1316 et
1215 1286 1367 1316 Cor-rado.

979 1329 1010 1360 C.
1035 1330 1222 1366 fllevnnius,
1249 1329 1288 1370 Ω.
1307 1329 1357 1359 Fr.
1375 1328 1422 1359 iii.
1450 1331 1480 1359 3.
1505 1328 1661 1360 tribunus

929 1372 975 1413 pl.
992 1373 1170 1403 subscribit
1185 1373 1219 1403 P.
1236 1373 1335 1403 Sullae
1351 1372 1524 1402 accusanti
1539 1371 1577 1402 A.
1595 1372 1661 1403 Ga-

932 1417 1060 1447 binium
1078 1418 1117 1448 de
1143 1417 1326 1456 repetundis
1342 1421 1373 1446 et
1400 1416 1597 1446 Postumum
1623 1417 1664 1448 de

930 1461 1078 1491 residuis.
1124 1461 1160 1491 P.
1188 1460 1289 1490 Sullae
1319 1460 1489 1500 privignus
1515 1459 1592 1490 fuit.
1620 1460 1660 1490 de

931 1504 1048 1534 eadem
1065 1505 1277 1534 accusatione
1294 1514 1324 1534 v.
1337 1514 1389 1543 ep.
1409 1506 1435 1533 1.
1455 1503 1496 1533 cf.
1513 1503 1595 1534 Sull.
1611 1507 1662 1538 19.

933 1558 982 1588 pr.
997 1547 1080 1578 Rab.
1099 1548 1186 1578 Post.
1205 1551 1235 1578 3.
1283 1547 1342 1577 Ex
1358 1557 1404 1584 ev,
1425 1547 1509 1587 quod
1526 1548 1660 1588 trib.pl.

930 1591 1008 1629 mit,
1037 1593 1249 1630 intelligitur,
1272 1591 1465 1622 llsemmiam
1484 1589 1662 1630 familiam.

928 1635 1212 1678 plebeiamsuisse.
1228 1636 1284 1665 sed
1298 1636 1384 1664 lzzmc
1398 1644 1473 1664 cum
1488 1636 1592 1665 altero
1607 1637 1661 1666 illo

934 1679 976 1709 L.
993 1680 1030 1710 F.
1057 1678 1251 1718 confimdcre
1280 1679 1410 1708 videtur
1426 1677 1558 1708 Manat.
1585 1680 1607 1709 l.
1633 1689 1660 1709 c.

931 1733 1005 1753 cum
1031 1723 1077 1753 ad
1089 1733 1135 1753 or.
1146 1732 1201 1762 pr.
1219 1722 1333 1753 Rablr.
1348 1732 1374 1752 e.
1392 1725 1422 1753 3.
1437 1726 1590 1752 accurate
1613 1723 1663 1753 di-

930 1768 1091 1805 sti71gucrt.
1141 1768 1287 1797 Ceterum
1302 1766 1404 1806 filius
1435 1765 1466 1795 C.
1496 1765 1662 1806 Memmii,

919 1810 1052 1851 J'ratris
1065 1810 1106 1840 L.
1118 1810 1280 1846 llstmmii,
1296 1819 1361 1839 esse
1376 1809 1514 1839 videtur.

977 1854 1018 1885 L.
1048 1854 1238 1891 Memmius,
1273 1853 1306 1884 C.
1317 1852 1448 1893 fiuter,
1480 1852 1575 1884 Brut.
1608 1854 1661 1885 36.

933 1903 1045 1927 orator
1060 1898 1249 1936 mediocris,
1267 1902 1441 1926 accusator
1456 1906 1541 1927 acer.

977 1941 1021 1972 P.
1047 1941 1235 1980 Memmius,
1268 1940 1391 1971 Caecin.
1422 1943 1472 1970 10.
1498 1941 1595 1971 testis
1624 1941 1660 1972 in

933 1985 1114 2016 Caecinam.

976 2029 1182 2068 flstnaoppa,
1210 2027 1250 2058 de
1273 2026 1338 2057 Off.
1354 2027 1376 2058 i.
1393 2030 1447 2058 31.
1472 2027 1565 2058 Accii
1591 2031 1660 2059 tra-

934 2073 1054 2113 goedia.

976 2116 1198 2155 llletmlippus,
1215 2115 1314 2145 Tusc.
1331 2115 1376 2144 iii.
1396 2119 1426 2149 9.
1449 2113 1541 2144 Accii
1567 2114 1662 2145 fabu-

932 2160 975 2190 la.
998 2161 1055 2190 sed
1070 2160 1242 2190 Bentleius
1258 2159 1383 2197 legebat
1394 2170 1403 2187 :
1433 2157 1660 2199 MelanippuS,

933 2205 1104 2235 thlzerius
1123 2207 1232 2233 autem
1250 2201 1452 2242 Menalippa.

976 2248 1156 2283 lllenalius,
1174 2246 1216 2276 N.
1233 2247 1276 2276 D.
1293 2246 1338 2275 iii.
1355 2247 1406 2276 2⁶2.
1425 2249 1521 2285 pater
1539 2244 1662 2275 Vulca-

933 2292 980 2328 ni,
997 2292 1082 2329 ejus,
1099 2300 1118 2320 a
1135 2300 1200 2329 quo
1213 2289 1383 2320 Vulcaniae
1400 2289 1632 2319 nominantur.

978 2334 1017 2365 T.
1043 2335 1182 2374 Ampius
1204 2332 1400 2369 Menander,
1422 2332 1465 2362 ad
1489 2332 1565 2363 Div.
1589 2332 1658 2363 xiii.

933 2382 986 2413 70.
1005 2377 1142 2408 libertus
1158 2376 1197 2408 T.
1211 2376 1323 2416 Ampii
1336 2374 1444 2406 Balbi.

975 2422 1169 2459 Menander,
1200 2420 1242 2450 ad
1272 2420 1348 2450 Div.
1377 2420 1440 2449 xvi.
1472 2421 1521 2449 13.
1548 2427 1661 2449 servus

934 2466 1113 2496 Ciceronis.

975 2509 1170 2546 fllenander‚
1187 2506 1226 2538 de
1245 2507 1361 2547 optim.
1388 2515 1500 2546 gener.
1517 2509 1602 2536 orat.
1629 2507 1660 2538 2.

932 2553 1004 2583 Fin.
1022 2554 1042 2583 i.
1059 2555 1090 2584 2.
1106 2555 1205 2592 poeta
1217 2551 1580 2587 Comicus,notissimus
1593 2551 1661 2589 ille,

932 2594 1027 2637 cujus
1036 2597 1202 2636 proeclara
1206 2593 1407 2634 fragmenta
1422 2597 1545 2624 extant.

975 2640 1134 2671 Menecles
1158 2638 1405 2675 Alabandensis,
1427 2638 1520 2668 Orat.
1547 2637 1579 2667 ii.
1607 2638 1660 2668 ⁶23.

932 2684 1028 2715 Brut.
1046 2687 1100 2718 95.
1126 2683 1220 2713 Orat.
1246 2683 1297 2716 69.
1343 2681 1464 2711 Orator
1488 2685 1522 2710 et
1547 2680 1663 2711 rhetor

932 2728 1098 2758 Asiaticus
1111 2726 1358 2762 celeberrimus,
1377 2734 1477 2763 quem
1493 2728 1568 2754 tota
1581 2723 1661 2754 Asia

932 2771 1139 2802 imitabatur.
1184 2769 1347 2800 Audivere
1373 2769 1483 2808 ipsum
1507 2768 1546 2799 L.
1563 2768 1660 2798 Cras-

932 2824 987 2845 sus
1003 2819 1115 2845 orator
1131 2817 1165 2843 et
1177 2813 1293 2843 Cicero
1308 2822 1401 2852 puer.
1435 2811 1583 2842 Fratrem
1600 2811 1659 2841 haa-

932 2859 1006 2889 buit
1031 2857 1234 2894 Hieroclem,
1252 2856 1401 2896 ejusdem
1426 2855 1533 2886 laudis
1549 2859 1660 2886 orato-
1676 2882 1679 2885 .

931 2912 1014 2934 rem.
1030 2905 1169 2942 argutus
1184 2904 1219 2932 et
1233 2900 1460 2931 sententiosum
1475 2899 1551 2930 fuit.
1606 2912 1611 2917 ·
