1800 3131
117 173 196 211 248

118 270 211 300 tibus
240 269 276 300 in
307 267 478 306 conviviis,
508 277 585 298 cum
614 269 845 309 probarentur.

121 313 218 345 Verr.
233 314 276 342 iv.
291 315 344 344 22.
368 312 435 349 hic,
452 312 544 351 quasi
563 311 719 344 festivum
736 324 848 345 acroa—

121 366 190 395 ma,
205 366 247 387 ne
263 357 334 387 sine
350 356 516 386 corollario
529 355 569 386 de
585 358 733 387 convivio
747 358 850 388 disce·-

121 400 229 438 deret,
245 400 380 437 ibidem,
401 399 545 430 convivis
569 401 848 441 inspectantibus,

119 444 325 474 emblemata
339 443 511 473 avellenda
525 445 663 473 curavit.
693 444 758 474 Sed
771 455 847 475 cum

122 487 256 519 honoris
276 497 376 518 causa
398 491 497 517 antea
525 492 659 517 tantuin
691 498 776 518 verce
800 499 848 518 co-

120 533 209 562 rolla>
225 531 397 567 darentur,
414 535 529 571 postea
544 532 686 570 pecunia
701 537 758 560 aut
775 532 847 561 aliae

123 585 175 605 res
191 575 291 614 pretii
307 574 446 613 alicujus
470 574 653 604 dabantur:
679 575 773 613 cujus
802 575 848 605 rei

122 619 219 649 testis
236 625 285 648 est
299 618 390 647 locus
403 618 437 648 in
464 618 556 647 Verr.
578 618 623 647 iii.
635 622 686 651 79.
718 625 753 647 et
769 618 849 647 Sue-

121 663 235 692 tonius
253 661 274 691 l.
293 672 321 691 c.
343 662 419 691 «lam
437 661 516 699 quia
538 667 660 700 praeter
686 661 850 691 constitu-

119 709 192 737 tam
211 714 402 745 rectamque
416 703 603 734 mercedem
617 704 687 733 haee
696 705 850 744 praemio-

121 748 156 779 la
170 749 348 784 dabantur,
359 748 567 777 corollarium
583 747 702 777 deinde
719 747 848 778 dictum

122 796 175 823 est
191 803 249 832 pro
266 792 424 822 auctario.
471 791 522 820 Sic
546 795 598 820 est
622 791 716 822 Verr.
732 792 777 821 iii.
794 793 847 823 20.

122 837 329 867 corollarium
360 844 558 864 numurum:
585 838 623 864 ut
649 840 737 864 esset
758 836 847 865 uude

124 880 270 920 Apronio
287 878 329 908 ad
345 877 417 907 illos
434 877 563 908 fructus
580 878 771 909 arationum
786 879 848 909 hoe

125 923 334 954 corollarium
351 930 530 951 numorum
547 921 735 952 adderetur.

173 966 305 996 Corona.
335 965 429 995 Verr.
445 974 475 995 v.
498 968 548 995 11.
573 965 643 1005 ipse
667 970 780 996 autem
798 977 847 996 co-

123 1020 239 1040 ronam
255 1018 358 1039 unam
373 1008 517 1039 habebat
525 1009 560 1038 in
574 1009 696 1049 capite,
709 1009 848 1039 alteram

120 1053 159 1084 in
186 1052 282 1083 eollo.
312 1052 382 1082 Att.
408 1052 472 1083 xiv.
505 1052 552 1082 16.
581 1052 706 1083 Brutus
737 1061 851 1083 noster

122 1096 176 1126 vel
200 1106 348 1126 coronam
377 1105 512 1125 auream
542 1096 588 1134 (h.
611 1106 640 1125 e.
663 1097 851 1136 triumpha-

123 1138 205 1178 lem)
228 1149 286 1180 per
300 1140 411 1169 forum
426 1139 512 1169 ferre
524 1144 646 1179 posset.
669 1141 726 1170 sed
742 1150 851 1172 aureae

123 1193 245 1214 coronoe
281 1184 386 1214 etiam
423 1183 565 1214 mortuis
604 1184 781 1223 impositae.
820 1195 848 1215 v.

123 1227 230 1258 Flace.
245 1230 298 1258 31.
336 1227 448 1256 Etiam
466 1226 546 1266 Leg.
569 1227 602 1257 ii.
619 1229 671 1258 524.
697 1228 849 1269 prohibe-

122 1275 192 1308 tur,
205 1280 247 1301 ne
263 1270 372 1309 longae
384 1280 505 1300 coronoe
517 1281 559 1300 ne
571 1280 691 1301 acerrae
708 1273 850 1302 mortuis

122 1314 357 1358 praeferantur.
420 1314 544 1353 Longae
577 1324 698 1345 coremoe
727 1315 852 1345 similes

121 1364 204 1389 sunt
223 1358 274 1388 his
291 1357 495 1397 longioribus
512 1357 642 1388 corollis
669 1359 704 1388 in
730 1369 851 1389 monu-

124 1402 262 1439 mentis„
285 1401 324 1433 de
352 1401 471 1440 quibus
494 1411 605 1441 supra.
656 1401 675 1420 ²*
700 1402 853 1433 Circulus

121 1444 313 1481 hominum,
338 1445 394 1484 qui
425 1445 563 1484 aliquid,
589 1451 764 1484 tamquam
797 1457 851 1476 ur-

122 1489 201 1520 bem
218 1490 252 1518 in
274 1488 457 1525 obsidione,
475 1495 534 1518 aut
543 1489 710 1526 judicium
728 1490 763 1519 in
777 1489 851 1520 foro

123 1532 280 1563 audiendi
312 1541 424 1569 causa,
450 1532 490 1562 ab
514 1533 671 1562 omnibus
699 1533 850 1572 partibus

123 1577 277 1616 cingunt.
303 1575 403 1606 Tusn.
420 1576 440 1605 i.
459 1579 487 1607 5.
513 1576 586 1606 Mil.
606 1579 632 1606 l.
657 1576 726 1606 Fin.
745 1577 779 1607 ii.
797 1579 850 1609 ⁶22.

121 1619 230 1650 Plane.
248 1622 301 1651 28.
320 1619 379 1649 8ιο.
395 1619 473 1650 Nat.
490 1619 532 1650 D.
549 1620 581 1649 ii.
599 1623 626 1650 1.

171 1663 374 1694 coronarias.
389 1662 468 1702 Agr.
484 1663 507 1693 i.
522 1666 555 1693 4.
572 1663 660 1702 quod
676 1664 720 1693 ad
735 1674 851 1703 quem-

120 1717 185 1746 que
212 1707 447 1746 imperatorem
471 1708 635 1747 pervenit,
652 1709 852 1747 pervenerit,

122 1761 162 1781 ex
179 1751 307 1791 praeda,
322 1760 362 1780 ex
378 1751 557 1787 manubiis,
569 1760 608 1780 ex
625 1761 706 1781 auro
722 1762 854 1782 corona-

121 1796 184 1831 rio,
200 1794 289 1834 quod
312 1803 420 1833 neque
444 1799 659 1825 consumtum
682 1795 716 1824 in
734 1805 853 1825 monu-

122 1844 252 1875 mento,
275 1847 384 1877 neque
403 1837 437 1866 in
453 1838 608 1868 aerarium
625 1838 772 1868 relatum
797 1840 851 1870 sit.

121 1881 170 1913 Ex
188 1891 255 1921 quo
271 1881 343 1911 loco
357 1880 557 1920 intelligitur
569 1881 670 1919 clare,
689 1882 730 1912 ad
746 1882 851 1922 irnpe-

121 1930 269 1956 ratorem
283 1925 455 1964 pervenire
473 1924 606 1955 solitam
624 1926 727 1955 fuisse
743 1927 852 1965 primo

120 1979 195 1998 eam
215 1973 345 2008 partem
362 1968 494 2007 praedae‚
513 1978 586 2007 quae
612 1968 727 2009 populi
751 1975 851 2007 esset,

121 2012 268 2051 adeoque
284 2012 318 2042 in
335 2012 490 2042 aerarium
506 2011 706 2051 referretur3
732 2012 851 2043 deinde

120 2056 223 2086 aliam
254 2060 399 2096 partem,
431 2065 531 2094 quam
564 2057 598 2086 in
629 2062 851 2087 monumento

120 2099 246 2138 aliquo,
260 2106 435 2137 tamquam
446 2098 587 2138 templo,
605 2099 693 2138 quod
707 2101 850 2131 vovisset

122 2148 215 2180 ante,
233 2152 333 2181 quam
356 2142 536 2182 paludatus
560 2152 600 2172 ex
623 2143 704 2173 urbe
731 2144 851 2182 exiret,

123 2191 181 2216 aut
198 2187 232 2216 in
250 2187 321 2227 ipso
336 2185 437 2222 bello,
455 2191 732 2226 consumeretur-3
748 2188 849 2218 tertio

122 2240 244 2260 aurum
270 2232 488 2260 coronarium.
535 2229 574 2259 ld
601 2229 701 2260 habet
725 2240 849 2273 nomen

121 2284 142 2303 a
157 2283 272 2304 corona
285 2285 294 2302 :
322 2273 480 2312 quoniam
498 2273 640 2303 dabatur
655 2275 849 2313 imperatori

120 2328 140 2347 a
156 2316 429 2357 provincialibus,
443 2322 482 2346 ut
498 2317 533 2346 in
550 2327 665 2347 corona
677 2327 778 2347 aurea
788 2318 847 2347 tri-

122 2360 275 2400 umphali
291 2367 560 2397 consumeretur,
571 2362 598 2390 si
612 2361 804 2401 triumphus
821 2362 851 2391 ei

122 2411 210 2435 esset
236 2404 399 2434 decretus.
445 2403 530 2433 Cum
558 2413 577 2433 a
593 2405 848 2443 proxincialibus

123 2448 332 2487 exigebatur,
349 2451 421 2477 erat
438 2457 543 2486 genus
569 2448 766 2485 exactionis,
790 2448 850 2478 ho-

123 2496 219 2521 nesto
258 2491 406 2528 nomine,
445 2491 593 2530 adeoque
622 2491 751 2530 legibus
783 2501 849 2521 non

122 2534 328 2575 prohibitum
347 2534 498 2572 omnino,
513 2534 571 2564 sed
595 2544 628 2564 re
652 2534 849 2574 plerumque

125 2578 247 2608 durum
274 2582 309 2607 et
331 2578 496 2616 iniquum.
524 2578 565 2608 cf.
595 2578 712 2617 Agrar.
739 2578 774 2608 ii.
799 2581 852 2609 92.

125 2621 238 2651 Pison.
268 2624 319 2656 37.
353 2622 450 2651 mitto
481 2631 600 2651 aurum
631 2624 849 2660 coronarium,

125 2665 216 2703 quod
240 2671 274 2694 te
299 2665 486 2695 diutissime
509 2665 620 2700 torsit,
649 2675 724 2695 eum
753 2666 852 2696 modo

122 2708 239 2745 velles,
256 2708 352 2738 modo
376 2709 492 2739 nolles.
535 2709 606 2739 Lex
621 2710 711 2738 enim
739 2710 853 2748 generi

122 2752 177 2782 tui
193 2757 229 2781 et
243 2751 376 2781 decerni
393 2756 427 2781 et
443 2752 592 2791 accipere
615 2753 764 2789 vetabat,
789 2753 852 2782 nisi

127 2795 263 2825 decreto
276 2795 459 2834 triumpho.
506 2795 556 2825 Ex
571 2795 633 2825 hoe
651 2796 770 2825 deinde
797 2805 856 2825 na-

126 2843 204 2869 tum
231 2843 282 2868 est
309 2848 413 2877 genus
437 2838 528 2875 doni,
553 2839 642 2877 quod
671 2839 854 2869 Caesaribus

122 2882 312 2915 offerretur,
329 2891 405 2911 cum
422 2892 543 2921 magno
566 2892 654 2922 saepe
677 2882 853 2913 hominum

123 2925 360 2956 incommodo:
385 2925 474 2954 unde
506 2927 711 2956 coronarium
738 2927 855 2955 remis-

123 2978 198 3001 sum
214 2969 249 3000 in
261 2969 431 3000 beneficiis
445 2968 616 2999 Caesarum
634 2974 852 3000 memoratur.

634 179 781 210 INDEX
811 181 1108 212 LA'rlNI'rATls.

890 272 930 302 de
946 282 1011 311 quo
1023 272 1090 303 vid.
1107 272 1205 303 Auct.
1216 270 1371 302 laudatos
1383 272 1419 304 in
1429 272 1508 304 Lex.
1521 271 1632 304 Fabi-.-

891 316 925 346 in
947 317 1142 347 Coronarius
1157 320 1192 346 et
1208 318 1422 347 coronarium.
1438 317 1528 357 Lips.
1544 317 1618 347 Ma·

890 360 973 399 gnit.
990 361 1061 390 urb.
1080 360 1174 391 Rom.
1192 360 1224 389 ii.
1240 365 1271 394 9.

940 403 1142 443 corporatus,
1161 411 1347 443 corporeus.
1372 401 1469 432 Univ.
1485 404 1515 432 4.

941 447 1072 486 Corpus,
1085 456 1160 477 caro
1177 448 1323 486 corporis.
1341 446 1383 475 ad
1399 446 1474 476 Div.
1492 445 1545 475 vii.
1561 445 1615 476 26.

891 490 1004 529 iraque
1032 500 1144 530 corpus
1173 491 1279 520 amisi.
1319 490 1337 508 ’¹⁵
1367 489 1406 519 de
1436 489 1529 519 libro.
1575 487 1616 527 Q.

892 532 943 562 Fr.
968 533 1002 563 ii.
1027 537 1076 564 13.
1102 534 1144 563 ad
1170 535 1247 564 Div.
1272 544 1301 564 v.
1328 535 1376 563 12.
1408 543 1428 562 a
1452 532 1617 572 principio

891 577 1130 615 conjurationis
1156 587 1259 616 usque
1287 577 1328 607 ad
1355 582 1506 606 nostrum
1531 575 1618 605 redi·

889 624 963 649 turn
982 620 1112 650 videtur
1129 621 1296 650 modicum
1313 620 1479 660 quoddam
1506 628 1619 658 corpus

891 663 1010 692 confici
1035 673 1139 704 posse.
1165 664 1206 695 cf.
1229 663 1367 694 Salmas.
1392 663 1433 694 ad
1457 662 1559 693 Solin.
1582 671 1618 702 p.

940 749 1120 790 Correpere.
1145 750 1214 780 Att.
1231 761 1262 781 x.
1281 753 1330 782 1²2.
1360 749 1490 781 occulte
1506 749 1540 780 in
1558 748 1619 779 ali-

890 803 989 832 quam
1020 794 1205 824 onerariam
1235 795 1476 834 cor-rependum.
1509 792 1551 823 cf.
1576 793 1618 823 de

890 838 932 868 N.
944 837 986 867 D.
1002 837 1023 867 i.
1037 839 1090 868 324.

940 880 1114 920 Corripere,
1130 880 1244 911 furari.
1262 880 1303 911 ad
1318 880 1394 911 Div.
1410 881 1467 910 xii.
1485 883 1534 911 15.
1550 889 1619 910 cor-

889 926 996 964 ripere
1011 925 1196 964 vectigalia.
1221 924 1298 954 ibid.
1317 923 1476 963 quiequid
1498 934 1538 953 ex
1560 933 1619 963 pe-

890 969 991 998 cunia
1011 974 1193 1008 correptam
1210 974 1270 998 est.
1297 967 1372 998 Aet.
1388 968 1409 997 i.
1427 967 1461 997 in
1477 966 1569 996 Verr.
1587 968 1619 998 2.

891 1016 929 1054 ut
943 1016 1078 1051 apertus
1094 1013 1129 1042 in
1145 1013 1294 1051 pecuniis
1306 1011 1512 1051 corripiendis
1525 1009 1603 1040 fuit.

940 1056 1126 1095 OErrzempo,
1151 1055 1191 1085 ad
1213 1060 1324 1096 paries
1351 1064 1441 1085 meas
1465 1054 1618 1091 traduco,

890 1103 929 1129 ut
943 1099 1121 1137 eontrajus
1129 1099 1241 1129 faeiat.
1265 1099 1359 1129 Verr.
1374 1099 1420 1128 iii.
1435 1098 1488 1128 68.
1513 1097 1618 1137 Apro-

892 1144 966 1173 nius
988 1143 1099 1182 ipsum
1122 1142 1302 1172 Meteilum
1325 1151 1392 1172 non
1417 1142 1534 1181 pretio,
1551 1149 1619 1170 non

892 1186 1053 1224 convivio,
1084 1195 1151 1215 non
1181 1186 1334 1223 muliere,
1366 1195 1433 1215 non
1464 1193 1618 1215 sermone

891 1231 1027 1260 incauto
1050 1234 1150 1269 atque
1174 1229 1324 1270 improbo
1347 1233 1458 1269 posset
1472 1237 1620 1258 corrum-

914 1284 978 1304 Cre-

887 1283 912 1313 Ρ
941 1318 1013 1348 (hrs
1035 1326 1060 1347 s.
1079 1319 1181 1354 chors,
1198 1326 1258 1357 pro
1273 1315 1406 1346 cohors:
1431 1319 1564 1355 septum
1583 1315 1619 1345 in

891 1361 990 1397 villis,
1019 1370 1083 1400 quo
1111 1360 1255 1401 pecudes
1283 1363 1489 1389 coercentur.
1533 1359 1620 1388 Nos-

891 1406 953 1434 tri:
990 1405 1044 1434 ein
1071 1403 1149 1434 Hof.
1180 1405 1273 1435 Orat.
1301 1403 1336 1433 ii.
1361 1403 1415 1433 65.
1443 1401 1556 1432 villam
1582 1402 1618 1431 in

891 1448 1031 1478 Tiburte
1047 1448 1161 1484 habes,
1175 1451 1290 1478 cortem
1311 1447 1346 1476 in
1368 1447 1504 1486 palatio.
1531 1455 1561 1475 v.
1579 1445 1620 1475 de

892 1491 954 1522 hoe
970 1493 1068 1522 verbo
1082 1491 1219 1521 Salmas.
1233 1491 1275 1521 ad
1289 1489 1391 1520 Solin.
1409 1500 1441 1530 p.
1457 1491 1532 1521 220.

940 1536 1126 1575 Corymbus,
1158 1539 1209 1565 est
1244 1534 1362 1564 modus
1397 1531 1621 1574 componendi

891 1579 1016 1619 capilli,
1033 1589 1098 1618 quo
1114 1578 1248 1608 feminae
1264 1578 1458 1614 utebantur,
1473 1586 1551 1607 cum
1565 1586 1622 1606 ea-

889 1623 962 1663 pilli
978 1635 995 1652 e
1011 1622 1120 1652 fronte
1136 1623 1170 1652 in
1188 1622 1346 1651 verticem
1369 1621 1621 1660 colligerentur,

890 1673 925 1697 et
947 1667 991 1696 ibi
1016 1666 1103 1696 nodo
1125 1666 1448 1704 constringerentur,
1470 1664 1578 1694 dictus
1601 1673 1622 1693 a

889 1711 1058 1749 corymbis,
1075 1711 1096 1740 i.
1113 1719 1142 1739 e.
1165 1710 1236 1739 uvis
1260 1708 1403 1745 hederae,
1420 1711 1555 1747 propter
1576 1707 1621 1737 si-

893 1753 1133 1789 militudinem,
1159 1753 1261 1789 unde,
1291 1756 1326 1781 et
1350 1750 1454 1793 βίη-ρας
1485 1751 1619 1781 dicitur.

893 1797 959 1827 vid.
978 1798 1063 1837 inpr.
1076 1796 1214 1827 Salmas.
1230 1795 1272 1825 ad
1287 1795 1388 1825 Solin.
1407 1805 1439 1835 p.
1456 1797 1529 1825 534.
1543 1794 1618 1824 536.

892 1841 965 1871 Att.
981 1841 1044 1870 xiv.
1057 1844 1087 1871 3.
1111 1845 1162 1870 est
1178 1839 1351 1879 Corymbus
1365 1838 1495 1868 Servius
1510 1837 1619 1875 Balbi,

893 1885 949 1923 qui
967 1886 1006 1914 ab
1025 1884 1085 1913 hoc
1102 1893 1223 1923 genere
1239 1882 1418 1922 colligendi
1434 1880 1545 1922 capilli
1561 1890 1621 1911 no-

894 1937 971 1957 men
988 1928 1128 1968 accepit.

941 1971 1085 2001 Crassus.
1116 1970 1224 2001 Flacc.
1239 1972 1290 2004 ⁶29.
1321 1969 1392 2009 agri
1407 1969 1518 1999 crassi.
1543 1967 1565 1998 i.
1589 1977 1620 1998 e.

892 2015 1045 2054 pingues,
1059 2014 1197 2045 fertiles.

940 2058 1088 2089 Cratera.
1121 2058 1214 2088 Verr.
1249 2057 1292 2087 iv.
1319 2058 1372 2087 58.
1410 2055 1491 2087 Nat.
1513 2054 1557 2085 D.
1582 2054 1618 2085 ii.

889 2103 942 2131 44.

939 2145 1082 2183 Creator,
1107 2144 1273 2181 conditor,
1297 2146 1424 2173 auctor.
1446 2140 1541 2172 Balb.
1568 2143 1619 2172 13.

891 2194 1017 2220 creator
1034 2189 1131 2228 hujus
1146 2188 1237 2218 urbis
1252 2186 1428 2218 Romulus.

941 2232 1049 2263 Credo.
1079 2233 1121 2263 ad
1144 2232 1221 2262 Div.
1236 2232 1257 2260 i.
1273 2234 1305 2264 7.
1337 2230 1393 2268 qui
1416 2228 1445 2259 ei
1467 2227 1620 2259 credidis-

887 2281 970 2313 sent,
988 2287 1034 2307 sc.
1050 2276 1220 2316 pecunias.
1241 2274 1260 2292 ’Ψ
1272 2274 1359 2303 Sunt
1374 2273 1431 2312 qui
1447 2276 1583 2312 putent,
1600 2281 1620 2301 a

890 2321 997 2359 poetis
1026 2324 1162 2350 tantum
1194 2318 1257 2348 diei
1272 2329 1279 2347 ε
1319 2317 1412 2347 erede
1440 2315 1544 2345 mihi:
1583 2315 1619 2346 in

889 2373 988 2402 prosa
1010 2373 1141 2404 semper
1160 2362 1244 2392 dici:
1269 2360 1470 2390 mihicrede.
1493 2358 1532 2389 Id
1548 2368 1619 2388 esse

890 2406 1027 2445 falsum,
1040 2417 1079 2437 ex
1093 2407 1144 2437 his
1156 2405 1235 2436 loeis
1249 2403 1461 2443 intelligitur.
1484 2402 1525 2432 ad
1540 2403 1619 2433 Div.

890 2450 959 2481 viii.
983 2454 1015 2485 7.
1044 2451 1100 2480 xii.
1127 2451 1176 2480 12.
1206 2449 1278 2479 Att.
1301 2458 1331 2477 v.
1353 2450 1402 2478 10.
1432 2447 1475 2476 vi.
1491 2446 1523 2476 6.
1551 2446 1620 2476 viii.

891 2496 940 2524 14.
966 2495 1029 2524 xiv.
1050 2497 1099 2525 15.
1117 2494 1176 2523 διο.

941 2537 1082 2578 C'repiclo,
1095 2546 1154 2567 ora
1164 2534 1316 2572 litoralis,
1324 2539 1441 2574 portus
1453 2533 1513 2563 &m
1523 2532 1618 2563 Verr.

891 2590 920 2610 v.
931 2584 983 2615 37.
1000 2581 1160 2620 piraticus
1173 2587 1330 2619 myoparo
1341 2578 1384 2608 ad
1399 2586 1514 2607 omnes
1528 2576 1620 2606 urbis

891 2625 1069 2664 crepidines
1095 2625 1143 2665 (in
1159 2626 1256 2663 portu
1273 2620 1492 2661 Syracusano)
1512 2629 1622 2649 acces-

893 2669 947 2697 sit.
966 2668 1028 2698 Pro
1043 2668 1115 2707 ripa
1126 2666 1260 2706 quidem
1277 2665 1361 2695 dixit
1376 2663 1552 2695 Liwxxvii.
1570 2665 1620 2694 18.

894 2711 958 2741 Sed
981 2711 1035 2741 hic
1052 2711 1208 2741 videntur
1221 2708 1373 2749 inprimis
1388 2707 1532 2745 intelligi
1548 2705 1622 2736 loca

894 2755 927 2784 in
951 2755 1112 2794 portubus
1131 2753 1357 2789 interioribus,
1373 2751 1414 2781 ad
1430 2760 1503 2790 quae
1521 2759 1620 2779 naves

895 2797 1081 2838 appellunt.
1112 2798 1207 2828 Curt.
1230 2797 1271 2825 iv.
1292 2798 1322 2826 5.
1350 2801 1425 2825 tum
1449 2793 1622 2834 applicant

895 2842 1027 2881 navigia
1049 2841 1203 2881 crepidini
1218 2844 1345 2879 portus.
1362 2839 1425 2868 vid.
1442 2837 1563 2867 Scheff.
1578 2837 1619 2867 R.

895 2884 939 2915 N.
955 2895 986 2924 p.
1003 2887 1077 2916 913.
1102 2887 1121 2905 ²¹²
1134 2884 1228 2914 Orat.
1244 2883 1296 2916 67.
1319 2883 1434 2912 omnia
1446 2885 1620 2919 tamquam

894 2929 1055 2967 crepidine
1076 2928 1298 2963 sustinentur,
1322 2926 1362 2956 de
1386 2924 1532 2965 periodo,
1555 2932 1623 2962 qua

895 2972 1072 3002 sententiae
1095 2971 1206 3011 plures
1223 2971 1430 3011 junguntur,
1445 2977 1487 2999 ne
1507 2966 1623 2999 dissol-
