1804 3178
631 118 777 148 INDEx
809 120 940 150 LATux·
948 123 1103 152 iuris.

114 198 233 238 somus
248 205 442 245 sunt—jure
456 205 684 246 optimo,jure
705 207 844 247 privato,

108 250 188 290 jure
213 249 423 285 hereditario,
433 250 510 289 jure
536 251 750 287 auctoritatis,
768 251 846 289 ¹iure

118 293 376 333 mancipii,jurc
394 294 479 323 nexi.
496 302 525 322 v.
547 293 685 323 Salmas.
703 293 742 323 de
763 294 847 324 Usu-

117 336 161 367 ris
185 346 216 377 p.
240 338 314 370 ¹207.
337 346 386 375 sq.
430 336 520 366 llinc
547 336 718 375 eleganter
740 341 847 368 trans-

117 379 238 417 fertur,
255 386 310 410 ut:

161 424 216 461 22)
249 424 426 454 auctoritas
460 423 505 453 sit
534 432 649 454 eorum
679 425 845 462 omnium,

118 467 175 507 qui
191 466 316 506 aliquid
331 476 365 498 se
382 466 510 504 fecisse,
526 473 585 497 aut
610 467 679 498 fieri
697 469 848 506 jussisse,

117 510 258 542 suasisse
280 509 491 550 profitentur.
523 510 605 541 Sull.
627 514 673 541 11.
692 511 848 550 dcsugcre

117 555 342 586 auctoritatem
365 554 557 584 consulatus
581 556 642 585 sui.
667 555 687 585 i.
713 566 741 584 c.
760 555 846 585 nolle

117 597 228 634 fateri,
243 606 278 627 se
301 601 463 628 auctorem
486 607 555 627 esse
575 608 704 634 eorum,
723 608 795 637 quae
812 599 847 629 in

118 639 296 671 consulatu
321 640 411 671 facta
436 641 514 671 sint.
543 641 585 672 cf.
611 641 748 672 Terent.
779 642 846 672 Eu-

119 683 221 715 nucb.
236 683 311 714 Act.
328 685 362 715 ii.
379 687 410 716 4.
434 687 503 715 105.

161 727 216 765 23)
236 727 294 766 jus
318 729 364 759 rei
388 738 456 758 suae
481 728 699 758 vindicandae.
724 738 750 758 s.
778 729 849 768 ipsa

118 771 206 802 actio
229 780 288 811 pro
311 772 358 802 rei
381 781 449 801 sure
473 773 636 802 evit-tione
651 779 685 802 et
701 771 848 802 vindica-

117 815 224 852 tione,
239 815 293 845 cui
319 815 427 846 locum
445 814 526 845 facit
543 815 599 845 illa
614 815 719 845 altera
740 820 848 845 aucto-

118 859 203 888 ritas
233 868 267 888 n.
293 861 346 890 21.
382 859 504 889 Caeein.
539 861 585 893 19.
620 860 847 889 auctoritatem

116 900 214 932 fundi
230 907 266 932 et
279 912 377 933 usum
395 902 447 932 lex
463 902 562 941 jubet
576 912 646 931 esse
663 902 849 933 biennium.

119 945 162 975 cf.
184 945 268 986 Top.
292 948 323 976 4.
354 945 419 976 Off.
445 946 466 975 i.
492 946 539 975 12.
570 946 641 983 ejus
659 946 704 975 rei
722 951 849 976 aeterna

119 990 307 1020 auctoritas.
325 989 346 1020 i.
361 999 390 1019 e.
405 998 538 1029 semper
554 989 725 1026 vindicari,
740 990 849 1019 evinci

119 1037 243 1073 potest,
259 1042 434 1071 nunquam
457 1043 520 1062 usu
544 1033 627 1072 capi.
644 1042 673 1062 ν.
698 1033 848 1072 inprimis

118 1075 258 1107 Salmas.
273 1075 314 1106 de
331 1075 446 1106 Usuris
462 1086 489 1105 c.
507 1078 537 1107 8.
555 1085 628 1116 pag.
645 1078 717 1107 ¹210.
735 1087 783 1115 sq.

163 1119 219 1158 24)
244 1123 296 1150 est
317 1125 354 1149 et
375 1120 597 1160 imperatoris,
613 1119 701 1158 quod
726 1120 849 1150 milites

118 1172 159 1194 ea
179 1162 322 1200 faciunt,
338 1173 479 1202 quorum
500 1167 615 1193 auctor
629 1167 692 1200 est,
709 1164 850 1202 quaeju-

120 1207 188 1237 bet.
219 1206 304 1237 Phil.
324 1207 371 1237 iii.
387 1209 417 1238 3.
433 1206 518 1246 legio
534 1208 759 1237 auctoritatem
778 1207 849 1237 Cae-

118 1251 200 1281 saris
223 1255 400 1290 persecuta
420 1256 483 1280 est.
507 1250 547 1280 ad
568 1250 643 1281 Div.
661 1261 690 1280 x.
707 1252 759 1281 93.
786 1251 848 1280 nisi

119 1293 267 1334 legiones
296 1303 331 1324 se
363 1293 406 1324 ad
440 1294 578 1324 Caesaris
612 1294 846 1324 auctoritatem

119 1337 352 1368 contulissent.

163 1383 218 1419 25)
246 1382 383 1411 nomina
404 1390 533 1418 eorum,
558 1381 613 1419 qui
637 1380 778 1420 alicujus
802 1381 850 1411 rei

117 1430 265 1456 auctores
292 1430 383 1455 sunt.
428 1424 510 1454 Sull.
548 1427 598 1455 13.
641 1425 850 1455 auctoritates

120 1469 310 1510 principum
336 1467 575 1507 conjurationis
602 1468 788 1507 colligebat.
816 1468 850 1498 h.

119 1522 148 1542 e.
177 1513 235 1551 qui
265 1516 378 1542 essent
403 1511 570 1551 principes
597 1511 849 1550 conjurationis,

119 1555 220 1595 quod,
238 1556 266 1586 si
289 1559 402 1585 essent
424 1555 555 1594 magnis
579 1555 769 1585 nominibus
792 1555 850 1584 ho-

118 1600 240 1637 mines,
254 1598 386 1629 facilius
408 1603 520 1629 essent
542 1602 687 1628 auctores
701 1598 851 1629 Allobro·

118 1642 216 1683 gibus
238 1642 345 1673 futuri
369 1642 429 1672 &c.
459 1642 539 1672 Nat.
557 1641 599 1672 D.
616 1642 663 1672 iii.
679 1644 711 1672 4.
741 1647 851 1672 caucto-

120 1688 234 1718 ritates
256 1686 458 1723 contemnis,
482 1686 610 1716 ratione
635 1694 775 1725 pugnas.
792 1685 849 1716 Or.

118 1730 166 1761 iii.
182 1732 214 1762 2.
233 1730 442 1760 auctoritates
456 1729 671 1769 praescriptae.
695 1731 781 1759 Sunt
792 1739 851 1759 no-

119 1774 214 1804 mina
237 1783 367 1810 eorum,
392 1773 449 1812 qui
480 1772 653 1803 scribendo
682 1772 851 1803 affuerunt

119 1817 220 1855 Sem,
237 1823 272 1848 et
294 1825 437 1856 quorum
460 1817 598 1846 nomina
619 1815 706 1846 Scio
724 1826 851 1856 praepo-

120 1866 261 1892 nuntur.
297 1869 340 1891 an
366 1859 547 1890 dicendum
581 1859 626 1889 sit
658 1861 850 1900 perscriptae

119 1904 388 1946 praescriptaeve?
411 1903 476 1934 vid.
493 1903 678 1943 praescribo.

163 1947 220 1986 26)
246 1951 392 1988 potestas
417 1947 572 1986 jubendi,
597 1945 766 1976 statuendi
791 1946 851 1976 Bac.

119 1999 221 2031 atque
238 1991 320 2021 adeo
336 1990 482 2020 licentia.
512 1989 605 2020 Verr.
621 1990 655 2020 ii.
671 1993 724 2024 49.
751 1983 852 2020 habet

119 2037 350 2066 auctoritatem
367 2033 479 2072 legum
491 2033 676 2063 dandarum
689 2044 709 2063 a
720 2039 851 2064 senatu.

119 2089 151 2110 v.
169 2082 222 2110 58.
251 2082 387 2108 tantum
402 2077 463 2107 sibi
478 2078 681 2107 auctoritatis
694 2077 852 2116 suscepit.

120 2132 167 2153 sc.
191 2126 231 2152 ut
248 2121 384 2162 juberet
407 2120 558 2150 homines
583 2120 737 2150 interfici.
767 2119 852 2150 Phil.

119 2166 188 2197 viii.
212 2168 243 2198 8.
274 2165 501 2195 auctoritatem
525 2163 605 2203 reip.
627 2173 740 2193 secum
762 2168 852 2193 attu-

121 2209 224 2241 lerat:
256 2218 331 2239 eam
356 2211 555 2248 potestatem
580 2206 734 2244 habebat,
751 2216 851 2245 quani

118 2254 191 2294 ipsa
206 2251 404 2293 respublica,
430 2255 468 2281 ut
490 2251 560 2290 ipsa
582 2250 695 2280 adesse
717 2253 751 2279 et
774 2259 850 2279 cum

119 2295 286 2327 Antiocho
309 2304 406 2335 agere
430 2294 608 2324 videretur.
638 2293 716 2324 Nat.
741 2294 784 2324 D.
808 2293 853 2323 iii.

121 2343 175 2372 35.
201 2340 306 2370 oratio
327 2339 399 2369 haec
419 2337 550 2368 videtur
565 2338 790 2368 auctoritatem
806 2336 854 2367 af-

119 2383 206 2415 ferre
222 2382 394 2424 peccandi.

166 2426 222 2465 27)
249 2435 457 2466 quaecunque
472 2429 506 2455 et
524 2425 558 2455 in
575 2433 774 2463 quocunque
798 2432 854 2462 ge-

122 2480 201 2502 nere
218 2471 276 2501 viS.
307 2469 387 2509 Leg.
404 2469 437 2499 ii.
453 2472 484 2503 7.
511 2469 650 2507 antiqua
666 2468 764 2497 verba
778 2467 851 2507 plus

122 2515 327 2545 auctoritatis
342 2512 478 2543 habent.
501 2507 541 2542 ad
558 2512 632 2542 Div.
650 2511 692 2541 vi.
709 2511 740 2541 6.
765 2511 852 2540 Con-

120 2558 218 2589 stitui
240 2556 331 2598 apud
350 2563 386 2586 te
409 2556 540 2595 augurii
562 2556 800 2585 auctoritatem.
817 2554 850 2584 h.

122 2611 153 2632 e.
175 2604 245 2632 tuae
267 2599 499 2641 praedictiones
523 2598 653 2637 augurii
671 2599 736 2628 vim
754 2597 853 2627 habc-

121 2645 220 2676 bunt.
249 2644 324 2674 Div.
340 2643 361 2673 i.
384 2646 432 2674 18.
462 2643 690 2673 auctoritatem
706 2644 853 2670 vetusta-

120 2688 166 2719 tis
189 2687 300 2718 habet.
320 2687 342 2718 i.
358 2697 388 2717 e.
404 2685 504 2723 valet,
517 2686 595 2724 quia
617 2689 710 2715 vetus
733 2688 795 2714 est.
812 2683 854 2714 ad

121 2731 200 2763 Div.
215 2731 259 2761 ix.
274 2734 306 2765 9.
330 2739 445 2770 preces
468 2739 551 2759 meze
575 2728 663 2769 apud
684 2737 761 2758 eum
785 2736 851 2757 non

122 2774 234 2805 minus
256 2774 460 2804 auctoritatis
482 2772 618 2803 habent.
647 2772 711 2802 Off.
736 2771 781 2800 iii.
799 2774 851 2800 30.

121 2817 278 2848 utilitatis
301 2817 426 2857 species
450 2817 491 2847 ab
514 2816 698 2846 honestatis
714 2815 852 2844 auctori·

121 2865 190 2892 tate
211 2865 368 2901 superata
394 2863 456 2890 est.
485 2859 518 2890 h.
542 2869 571 2890 e.
600 2859 756 2889 honestas
779 2857 853 2898 plus

122 2904 238 2936 valuit.
263 2903 306 2936 ad
319 2903 398 2937 Div.
415 2903 435 2934 i.
455 2907 486 2939 7.
512 2904 739 2935 auctoritatem
754 2901 855 2932 babet

1532 124 1610 162 201

885 208 983 238 officii
1000 212 1112 239 nostra
1134 215 1353 252 propugnatio
1373 217 1494 254 potina,
1509 228 1610 258 qum

891 253 1081 282 sententiae.

934 297 988 330 536)
1014 298 1191 327 ‹iucem-itas
1214 303 1264 328 est
1287 298 1459 331 huminum
1476 301 1614 335 honora.

889 342 999 367 turum
1035 342 1069 367 ct
1098 338 1300 378 potentium,
1331 351 1495 381 quati-nus
1525 355 1614 376 vere-

894 390 968 411 mur
984 382 1069 420 ipsos
1086 381 1217 420 hedone,
1230 385 1267 413 iis
1284 394 1402 424 negare
1419 388 1541 426 aliquid
1557 391 1615 419 ἃς.

892 424 984 454 verr.
1001 426 1022 454 i.
1039 427 1091 456 48.
1123 425 1225 465 Ligur
1244 430 1407 466 (Senator)
1434 439 1498 459 non
1523 430 1617 462 dubi·

892 474 956 504 tat,
973 469 1054 507 quin
1078 470 1236 507 ‹equitate›
1257 481 1362 502 causae
1379 479 1413 502 et
1429 475 1619 505 auctoritate

892 521 951 541 SUI!
984 522 1192 543 commovere
1222 513 1390 545 hominem
1423 518 1616 555 POSbsst-ad

891 561 1079 585 extremum
1097 563 1209 596 petere
1227 557 1340 596 coepit,
1357 568 1398 588 ne
1416 569 1518 598 usque
1534 560 1616 590 adeo

892 608 987 628 suain
1025 601 1250 630 aeneam-itatem
1285 608 1516 632 contemneret
1546 614 1618 643 gra-

892 643 1040 680 tiamque
1055 643 1250 682 despiceret.

935 688 988 722 ευ]
1015 687 1139 725 spu-ies
1157 694 1190 716 tt
1206 687 1388 717 ostentatio
1402 697 1531 728 magnae
1544 700 1618 721 eru·

893 728 1026 758 ditionis
1048 736 1081 759 et
1104 731 1276 770 sapin-ntiae
1294 733 1353 760 etc.
1369 739 1530 770 assumta,
1544 733 1619 765 Div.

894 772 927 801 ii.
946 774 999 805 (ΣΤ.
1024 772 1063 802 de
1080 774 1199 803 atomis
1218 774 1454 804 Democriteis:
1482 776 1550 806 Nec
1567 787 1620 807 co-

892 816 988 854 gnovi
1003 826 1201 855 quemqnam
1214 820 1347 856 (praeter
1358 818 1622 859 Democritum),

893 859 949 898 qui
968 860 1088 898 majore
1104 862 1308 896 auctoritate,
1322 861 1406 891 nihil
1421 861 1557 894 diceret.

936 903 990 939 30)
1019 902 1189 939 solatium,
1206 903 1247 933 ad
1262 904 1336 934 Div.
1353 905 1394 934 xi.
1411 904 1440 935 6.
1469 906 1621 937 animum

893 950 990 975 tuum
1024 946 1165 976 hominis
1196 948 1623 981 amicissimi—auctoritate

897 990 1162 1020 confirmandum
1182 999 1274 1030 puto.

936 1031 990 1070 31)
1018 1042 1182 1072 augurum
1199 1035 1386 1064 auctoritas.
1418 1035 1497 1074 Leg.
1515 1036 1548 1066 ii.
1569 1038 1619 1067 12.

895 1077 1076 1106 maximum
1089 1078 1146 1115 jus
1161 1083 1212 1107 est
1227 1087 1404 1115 augurum,
1418 1088 1493 1108 cum
1511 1084 1620 1110 aucto·

893 1122 992 1149 ritate
1014 1122 1244 1158 conjunctum.
1270 1121 1347 1150 ibid.
1365 1121 1448 1151 nihil
1470 1123 1540 1152 sine
1560 1133 1621 1153 au·

893 1172 1012 1201 gui-um
1038 1165 1229 1194 auctoritate
1251 1173 1344 1203 posse
1368 1166 1520 1203 cuiquam
1546 1176 1621 1205 pro-

893 1206 973 1236 bari.
1008 1208 1060 1237 Sc.
1076 1207 1226 1246 Augures
1249 1213 1327 1237 sunt
1349 1214 1493 1239 auctores
1509 1219 1619 1240 rerum

892 1249 1112 1289 gerendarum
1143 1256 1177 1280 et
1205 1251 1478 1282 onnittendarum.
1530 1253 1620 1283 Hinc

893 1294 1032 1331 auguria
1062 1300 1096 1323 et
1125 1294 1273 1334 auspicia
1303 1294 1374 1333 ipsa
1399 1295 1556 1326 dicuntur
1579 1296 1619 1326 de

895 1337 974 1367 Har.
991 1347 1075 1376 resp.
1092 1342 1122 1371 9.
1151 1347 1260 1367 rerum
1277 1338 1496 1376 gerendarum
1511 1343 1622 1370 aucto·

891 1382 1014 1410 ritates.
1047 1379 1122 1410 Huc
1138 1382 1284 1420 pertinet
1299 1380 1498 1420 religionum
1513 1387 1622 1413 aucto-

890 1425 984 1460 ritas,
1003 1433 1068 1463 qua
1083 1424 1269 1464 respublica
1291 1425 1360 1463 regi
1380 1425 1513 1456 dicitur.
1541 1426 1618 1457 Div.

890 1468 911 1497 i.
930 1471 982 1498 40.

933 1510 988 1549 32)
1015 1511 1123 1550 ipsum
1141 1511 1324 1549 decretum,
1341 1517 1376 1542 et
1398 1511 1486 1551 quod
1509 1512 1622 1542 decre-

890 1559 966 1585 tum
983 1560 1044 1584 est.
1070 1555 1148 1593 Leg.
1167 1555 1199 1584 ii.
1224 1558 1270 1587 19.
1295 1555 1364 1585 liaec
1383 1556 1462 1594 jura
1483 1555 1621 1587 Pontifi-

892 1608 970 1628 cum
997 1599 1189 1628 auctoritate
1215 1604 1394 1628 consecuta
1419 1604 1509 1630 sunt.
1540 1598 1619 1630 ibid.

893 1643 945 1672 ⁶21.
970 1646 1120 1671 maneret
1137 1640 1342 1671 Pontificalis
1357 1643 1543 1673 auctoritas.

935 1688 990 1722 33)
1024 1685 1166 1714 Senatus
1196 1686 1387 1715 auctoritas.
1419 1695 1621 1726 quamquam

894 1729 928 1758 in
951 1738 1070 1767 genere
1091 1734 1142 1758 est
1165 1727 1317 1758 voluntas
1331 1735 1466 1759 senatus
1481 1736 1516 1759 et
1530 1731 1622 1769 quic-

894 1771 972 1810 quid
996 1776 1131 1802 senatus
1155 1771 1312 1809 decrevit,
1332 1772 1546 1811 approbavit3
1571 1779 1622 1804 ta-

895 1824 971 1845 men
1004 1824 1070 1844 non
1100 1825 1168 1844 una
1197 1816 1268 1853 ejus
1298 1820 1350 1845 est
1376 1816 1618 1857 iiiterpoetatiO.

894 1858 1010 1897 ltaque
1028 1858 1184 1889 distincte
1200 1858 1239 1888 de
1256 1868 1296 1887 ea
1310 1868 1457 1898 agemus.

938 1905 969 1939 a)
1000 1901 1076 1940 Leg.
1100 1902 1146 1931 iii.
1178 1904 1225 1932 12.
1251 1907 1397 1941 potestas
1424 1903 1458 1932 in
1485 1902 1620 1943 populo,

895 1947 1070 1975 auctoritas
1092 1945 1125 1975 in
1147 1951 1264 1975 senatu
1280 1946 1335 1975 sit.
1359 1947 1444 1976 Cum
1461 1945 1621 1976 Romulus

895 1994 1048 2019 senatum
1088 1989 1302 2025 instituisset,
1339 1989 1409 2028 ejus
1446 1990 1622 2020 auctorita·

894 2033 1002 2062 omnis
1027 2034 1062 2062 in
1084 2031 1146 2062 hoc
1171 2042 1236 2062 uno
1260 2033 1469 2069 cernebatur,
1484 2037 1522 2063 ut
1543 2041 1623 2063 con-

895 2075 1003 2106 sultus
1020 2085 1039 2105 a
1054 2085 1143 2114 rege,
1160 2075 1239 2114 quid
1259 2075 1297 2104 de
1325 2085 1452 2114 quaque
1477 2085 1510 2105 re
1531 2075 1626 2106 vide-

897 2124 1001 2156 retur,
1019 2119 1152 2149 diceret.
1178 2119 1225 2148 Eo
1239 2125 1388 2157 tempore
1402 2119 1504 2157 igitur
1514 2123 1623 2153 aucto-

895 2164 977 2193 ritas
999 2167 1134 2192 senatus
1157 2161 1240 2191 nihil
1262 2168 1346 2199 erat,
1363 2163 1425 2191 nisi
1446 2161 1623 2193 consilium

896 2211 1042 2237 senatus.
1067 2205 1137 2235 Liv.
1157 2206 1178 2235 i.
1195 2210 1226 2239 9.
1249 2210 1322 2234 tum
1342 2216 1381 2235 ex
1405 2205 1541 2236 consilio
1566 2215 1625 2246 pa-

896 2257 986 2280 trum
1022 2248 1183 2280 Romulus
1213 2248 1339 2287 legatos
1375 2249 1463 2279 circa
1499 2249 1624 2280 vicinas

895 2301 1012 2332 gentes
1049 2293 1150 2322 misit.
1188 2291 1329 2322 Romulo
1366 2296 1512 2329 mortuo,
1545 2301 1624 2323 cum

895 2336 987 2376 plebs
1018 2345 1140 2365 novuni
1171 2345 1281 2374 regem
1311 2345 1423 2366 creare
1447 2336 1626 2375 cogitaret,

897 2380 994 2418 idque
1020 2379 1132 2409 Patres
1156 2378 1308 2418 impediri
1331 2388 1397 2408 non
1421 2388 1514 2420 posse
1536 2378 1625 2410 vide-

897 2429 985 2460 rent,
1003 2423 1063 2462 ipsi
1088 2423 1172 2460 regis
1197 2421 1329 2451 creandi
1352 2426 1497 2454 auctores
1519 2422 1623 2453 fuere.

896 2469 1004 2505 Atque
1034 2465 1087 2495 hic
1117 2465 1260 2495 accessio
1284 2464 1396 2504 aliqua
1424 2467 1626 2497 auctoritatis

897 2510 1034 2540 Patrum
1051 2510 1138 2538 sacta
1152 2514 1216 2545 esst,
1233 2517 1306 2547 quae
1329 2509 1363 2539 in
1384 2508 1447 2538 boc
1468 2509 1626 2539 cerneba-

895 2559 964 2590 tur,
981 2553 1068 2591 quod
1093 2552 1199 2591 primo
1222 2551 1360 2582 comitia
1380 2553 1467 2591 regis
1490 2552 1624 2583 creandi

894 2597 1096 2626 haberentur
1124 2596 1305 2626 auctoribus
1334 2596 1499 2634 patribus,
1527 2595 1560 2626 h.
1592 2606 1622 2626 e.

889 2640 1086 2679 jubentibus
1110 2648 1136 2668 S.
1162 2639 1448 2678 permittentibus,
1469 2644 1516 2677 et,
1537 2639 1624 2679 quod

896 2684 930 2712 in
946 2683 983 2712 iis
1002 2681 1312 2722 populusjusserat,
1329 2691 1395 2712 non
1410 2681 1548 2720 valeret,
1562 2682 1624 2713 nisi

897 2725 1045 2766 patribus
1070 2726 1263 2761 (tutioribus,
1287 2724 1320 2755 h.
1345 2735 1374 2755 e.
1400 2725 1637 2766 probantibus(

896 2780 926 2800 v.
943 2770 1014 2800 μὶν.
1036 2771 1063 2798 1.
1084 2772 1132 2802 17.
1161 2767 1222 2798 His
1243 2769 1396 2799 terminis
1419 2769 1626 2800 circumscri-

897 2818 956 2852 pta
968 2812 1090 2842 mansit
1101 2813 1278 2842 auctoritas
1288 2813 1442 2849 Senatus,
1455 2812 1558 2842 donec
1570 2822 1626 2842 ex-

896 2855 963 2886 acti
996 2865 1086 2895 reges
1117 2860 1241 2892 essent,
1263 2860 1298 2885 et
1325 2856 1364 2886 iis
1393 2855 1627 2886 successissent

896 2898 1049 2931 consules
1063 2899 1178 2930 annui.
1214 2898 1425 2940 Quamquam
1441 2898 1531 2931 enim
1547 2907 1627 2931 cou-
