1800 3131
153 133 234 171 162

199 230 244 261 Ρ.
271 229 407 268 Tubero,
425 231 468 272 Ω.
490 230 524 262 F.
549 230 592 262 P.
610 231 659 262 N.
690 231 747 262 Or.
770 231 804 262 ii.
828 234 882 263 84.

153 273 351 305 Africanum
367 274 571 305 avunculum
587 274 748 314 laudavit,
759 276 883 316 scripto

155 318 194 348 C.
215 317 322 349 Laelii.

198 362 242 402 Q.
269 361 405 398 Tubero,
430 361 474 402 Ω.
491 361 527 393 F.
545 361 590 392 P.
607 361 655 393 N.
680 362 813 392 Muren.
830 362 884 392 36.

153 405 299 435 Stoicus.
337 404 486 436 Africani
522 406 641 436 sororis
680 405 782 443 filius,
813 406 883 443 ejus

154 458 344 489 perversam
373 450 574 489 sapientiam
598 450 633 479 in
657 448 772 479 funere
797 449 885 478 Afri-

154 493 230 522 cani
261 501 348 532 aegre
370 492 437 523 fert
464 492 619 533 populus,
643 496 884 532 proptereaque

154 542 304 576 praetura
326 536 460 566 excidit.
488 536 583 566 Brut.
600 538 652 566 31.
681 536 714 565 in
731 535 884 565 triumvi-

154 583 230 610 ratu
248 579 417 618 judicavit
439 584 557 609 contra
577 578 782 609 avunculum
800 577 885 608 Afri-

157 632 293 653 canum.
328 622 398 661 ejus
426 623 593 653 orationes
622 622 657 651 in
684 620 884 652 Gracchum.

156 676 199 696 az·
215 667 247 696 Ιι.
266 668 287 696 l.
305 668 427 705 colligit
452 666 608 705 Pighius,
625 675 700 696 eum
725 669 769 695 tr.
786 666 835 704 pl.
853 674 884 695 a.

156 709 388 750 Dcxx.fuisse.
412 709 454 739 cf.
471 709 511 738 (le
528 709 585 738 Or.
603 708 649 738 iii.
666 711 718 740 23.
749 707 791 737 ad
814 707 885 738 Att.

155 754 198 784 iv.
221 754 268 784 16.
315 753 369 784 De
386 757 484 792 patre
508 753 688 792 utriusque,
709 752 750 782 L.
768 751 887 782 Paulli

152 806 285 836 genero,
311 806 343 826 v.
372 796 527 826 Plinium
549 796 597 826 H.
623 796 672 826 N.
695 795 809 826 xxxiii.
837 798 885 826 ll.

158 840 232 870 Val.
247 839 296 869 M.
313 840 355 869 iv.
371 841 403 869 4.

200 884 244 924 ρ.
264 882 401 920 Tubero,
418 882 458 913 L.
476 882 510 913 F.
538 882 652 923 Ligar.
673 885 699 912 1.
715 892 763 921 sq.
788 892 887 912 accu—

155 932 208 957 sat
239 925 410 965 Ligarium
443 926 483 956 de
515 926 560 955 vi.
607 927 648 957 Iri
685 927 761 956 bello
798 927 886 955 civili

157 970 351 1010 Pompeium
373 980 449 1000 eum
466 974 565 1010 patre
588 973 716 1000 secutus
739 973 796 1007 est,
813 974 887 1009 post

154 1025 177 1044 a
198 1013 322 1044 Caesare
339 1015 518 1044 restitutus.
561 1013 643 1043 Cum
657 1014 692 1042 in
709 1023 810 1043 causa
827 1013 887 1043 Li-

152 1058 300 1097 gariana
322 1066 386 1087 uon
412 1058 550 1094 vicisset,
577 1057 623 1087 ud
636 1054 699 1098 jus
730 1055 828 1087 Civile
854 1066 887 1087 se

155 1102 302 1132 contulit.

202 1144 246 1174 P.
274 1144 446 1180 Tubertus,
471 1154 487 1173 e
518 1143 710 1181 Postumiis‚
738 1142 820 1183 Leg.
851 1143 886 1173 ii.

158 1190 210 1219 23.
236 1188 344 1227 primo
359 1186 483 1217 Valerii
501 1187 690 1227 Poplicolae,
709 1193 744 1216 et
767 1187 886 1216 deinde

158 1232 310 1262 Menenii
334 1231 472 1270 Collega
492 1231 569 1260 fuit.
615 1230 655 1260 In
675 1231 756 1260 urbe
777 1230 886 1270 sepul-

155 1279 212 1305 tus
228 1280 292 1314 est,
310 1275 447 1314 ejusque
470 1275 595 1315 posteri
615 1274 678 1304 hoc
696 1275 753 1314 jus
768 1278 886 1304 tenue-

156 1323 249 1350 runt.

204 1362 244 1392 L.
264 1361 424 1399 Tubulus,
445 1371 486 1392 ex·
509 1361 669 1398 Hostiliis,
695 1361 766 1392 Pin.
782 1361 816 1391 ii.
838 1362 886 1392 16.

158 1405 295 1435 Praetor.
327 1409 362 1434 et
386 1405 528 1444 quidem,
545 1409 584 1434 ut
609 1409 656 1435 est
681 1404 752 1435 Att.
775 1405 831 1435 xii.
856 1409 886 1436 5.

157 1448 197 1478 L.
222 1448 362 1478 Metello
389 1453 423 1478 et
449 1450 490 1488 2.
515 1448 665 1478 Maximo
693 1448 784 1480 Coss.
812 1451 842 1478 Ιι.
859 1459 885 1479 e.

156 1502 189 1522 α.
213 1492 252 1522 U.
271 1499 364 1521 Dexi.
389 1492 548 1531 pecunias
565 1492 653 1532 capit
669 1492 710 1522 ob
727 1502 778 1521 res
796 1492 888 1531 judi-

157 1535 294 1573 candas,
310 1540 344 1565 et
368 1535 504 1566 decreta
526 1535 566 1565 de
590 1546 630 1565 ea
652 1546 685 1565 re
703 1536 887 1574 quaestione

155 1578 256 1618 fugit.
291 1578 333 1609 cf.
358 1579 430 1609 Fin.
453 1580 496 1610 ἰν.
516 1582 568 1610 28.
603 1589 633 1609 V.
651 1581 703 1611 22.
739 1580 819 1610 Nat.
843 1580 886 1610 D.

650 141 796 170 INDEX
827 141 856 169 H
863 141 1107 171 isTomcUs.

970 232 1012 263 J..
1039 231 1179 269 Tullius,
1205 230 1300 262 Verr.
1322 230 1364 261 iv.
1393 233 1442 261 11.
1475 230 1578 263 frater
1602 231 1653 263 Μ.

927 275 1096 306 Ciceronis
1114 277 1288 316 patruelis,
1304 284 1401 314 quem
1422 284 1535 306 secum
1551 277 1585 307 in
1603 277 1654 307 Si-

926 319 1001 349 cilia
1028 319 1157 356 habuit,
1182 329 1258 349 cum
1286 319 1319 348 in
1344 318 1481 348 Verrem
1508 319 1654 359 inquire-

926 367 988 392 ret.
1012 362 1082 392 Att.
1098 373 1128 393 v.
1145 365 1166 394 4
1190 367 1224 392 et
1247 364 1299 394 21.
1328 361 1458 401 legatus
1482 361 1653 394 Ciceronis

926 405 961 435 in
978 405 1105 436 Cilicia.

970 449 1012 479 L.
1042 448 1182 486 Tullius,
1210 449 1406 486 Montanus,
1431 448 1502 479 Att.
1526 448 1583 478 xii.
1600 450 1653 480 52.

926 501 1004 521 cum
1033 492 1192 523 Cicerone
1216 492 1284 523 filio
1303 493 1451 523 Athenas
1472 492 1654 532 proficisci—

926 540 993 565 tur.

969 578 1017 608 M.
1048 577 1179 609 Tullius
1202 579 1344 617 Laurea,
1370 580 1442 610 Att.
1465 589 1496 609 v.
1520 581 1551 609 4.
1584 579 1655 609 xiii.

927 623 979 653 22.
1006 621 1047 651 ad
1065 621 1139 651 Div.
1157 632 1186 652 v.
1203 624 1255 652 20.
1271 623 1379 652 scriba
1394 623 1574 653 Ciceronis.

969 664 1018 695 M
1039 664 1168 695 Tullius
1183 665 1326 703 Deculu,
1343 666 1456 697 Planc.
1472 669 1525 698 21.
1552 666 1655 697 aedili-

925 709 1010 738 tiam
1035 708 1202 748 repulsam
1226 708 1318 738 tulit.
1341 709 1420 748 Agr.
1442 710 1477 741 ii.
1505 713 1553 741 14.
1577 719 1656 740 con-

927 752 978 782 sul
1017 762 1093 782 cum
1134 752 1196 783 Cn.
1236 752 1404 790 Cornelio,
1434 763 1466 783 a.
1499 761 1654 783 nctxxu.

927 795 1031 826 Hunc
1048 800 1147 834 putat
1169 805 1234 826 esse
1250 795 1417 834 Sigonius,
1433 806 1529 836 quem
1550 796 1656 827 Cicero

927 838 1071 879 defendit
1095 850 1190 870 reum
1215 840 1254 869 ele
1276 841 1331 869 vi.-
1362 850 1403 870 ea:
1424 850 1491 880 qua
1515 841 1656 872 emtione

921 893 1033 923 pauca
1040 881 1244 922 fragmenta
1259 887 1395 914 restant.

971 926 1020 957 M.
1040 926 1179 964 Tullius,
1204 927 1245 957 ad
1267 927 1307 967 Ω.
1326 926 1376 956 Fr.
1400 926 1434 956 ii.
1452 929 1484 958 3.
1506 926 1657 967 postulat

927 969 1079 1000 Sextium
1101 970 1140 1000 de
1163 971 1207 1002 vi.
1241 971 1315 1012 Ipse
1340 969 1448 1001 Cicero
1472 971 1583 1009 nescit,
1600 972 1657 1011 qui

926 1014 978 1043 sit.

939 1091 944 1102 ,
969 1056 1020 1086 M·
1039 1055 1181 1093 Tullius,
1197 1055 1294 1087 Bru-t.
1312 1057 1362 1088 16.
1379 1058 1553 1098 patricius,
1570 1058 1658 1088 Con-

928 1099 1075 1130 sulcum
1092 1100 1238 1141 Sulpicio
1261 1110 1291 1131 a.
1308 1111 1340 1131 x.
1363 1107 1439 1142 post
1463 1111 1556 1141 reges
1579 1111 1657 1132 exa-

927 1148 1011 1174 ctos.

973 1187 1115 1224 Tullius,
1131 1187 1226 1218 Verr.
1249 1187 1296 1217 iii.
1312 1190 1365 1221 71.
1392 1187 1553 1227 magister
1573 1188 1657 1229 pub-

927 1230 1114 1260 licanorum
1131 1232 1166 1261 in
1185 1230 1310 1268 Sicilia,
1325 1231 1451 1261 amicus
1467 1232 1590 1262 Verris.

972 1274 1104 1311 Tullus,
1123 1274 1223 1304 Catil.
1248 1275 1269 1304 i.
1295 1275 1325 1304 6.
1347 1275 1420 1305 Att.
1443 1275 1512 1306 viii.
1532 1279 1581 1306 15.
1605 1279 1657 1305 est

926 1317 1099 1348 Volcatius
1115 1318 1248 1355 Tullus,
1265 1317 1321 1357 qui
1345 1317 1394 1348 M.
1408 1319 1536 1349 AEmilii
1557 1318 1657 1359 Lepi-

928 1361 962 1392 di
979 1361 1107 1400 collega
1123 1363 1157 1391 in
1174 1361 1359 1392 Consulatu
1375 1361 1452 1392 fuit.

975 1405 1093 1436 Tullus
1120 1405 1269 1443 Cluvius,
1295 1405 1379 1435 Phil.
1403 1406 1447 1435 ix.
1470 1407 1501 1436 2.
1524 1414 1613 1436 unus
1638 1415 1657 1436 e

928 1448 1047 1488 legatis
1064 1449 1160 1479 Rom.
1177 1450 1234 1488 qui
1256 1459 1275 1478 a
1289 1447 1391 1479 Larte
1407 1449 1590 1479 Tolumnio
1606 1449 1656 1479 in-

927 1493 1061 1522 terfecti
1086 1498 1176 1522 sunt.
1219 1492 1287 1523 Sed
1312 1492 1457 1531 Pighius
1484 1493 1679 1533 legendum.

928 1541 1034 1566 censet
1055 1535 1094 1566 L.
1108 1536 1240 1566 Julius:
1265 1538 1322 1575 qui
1344 1546 1376 1566 a.
1397 1545 1516 1566 eccm.
1533 1537 1658 1567 decem-

928 1582 980 1610 vir
991 1579 1068 1619 fuit
1082 1591 1091 1608 :
1119 1589 1181 1609 non
1205 1580 1242 1610 C.
1265 1579 1388 1617 Julius,
1406 1581 1462 1620 qui
1487 1581 1561 1611 trib.
1585 1581 1656 1611 mil.

157 1622 205 1652 iii.
222 1626 274 1653 30.
299 1623 320 1651 i.
337 1624 389 1653 23.
413 1622 453 1652 fr.
477 1633 525 1653 or.
548 1633 579 1662 p.
605 1624 718 1653 Scaur.
736 1624 796 1654 ἃς.
822 1623 889 1653 Pe·
916 1623 993 1663 j'uz'i
1015 1634 1047 1654 α.
1066 1631 1188 1653 cccxv.
1212 1632 1243 1653 v.
1258 1623 1303 1653 ad
1324 1625 1356 1653 lz.
1380 1633 1411 1654 α.
1435 1623 1532 1664 Apud
1555 1623 1659 1653 Plini-

156 1667 258 1696 rizon.
289 1665 394 1704 Triga
416 1666 507 1697 Diss.
529 1676 566 1706 p.
587 1669 656 1697 152.
679 1671 762 1697 extr.
786 1668 888 1697 eredit

156 1720 220 1740 esse
243 1714 386 1748 nepotem
411 1709 448 1739 C.
465 1709 600 1740 Hostilii
621 1709 758 1747 Tubuli,
769 1716 888 1750 proeto-

156 1755 204 1783 ris
220 1753 291 1783 urb.
308 1763 340 1783 α.
357 1761 470 1783 Dxuv.
493 1751 756 1794 cujusquuens
772 1756 888 1786 mentio

157 1807 210 1838 ap.
230 1796 365 1827 Livium
381 1797 433 1826 lib.
450 1798 548 1827 xxvii.
563 1807 630 1837 sqq.

202 1840 253 1870 M’
272 1839 422 1877 Tuccius,
446 1840 488 1870 ad
511 1841 587 1871 Div.
604 1841 671 1871 viii.
697 1843 727 1872 8.
752 1846 888 1871 accusat

160 1884 197 1914 C.
214 1884 449 1923 Sempronium
473 1884 614 1921 Rufum,
638 1889 672 1914 et
703 1885 743 1914 ab
770 1885 887 1915 eodem

158 1932 347 1958 accusatur.
379 1937 410 1958 v.
434 1928 601 1960 Drakenb.
625 1928 671 1958 ad
695 1928 768 1959 Liv.
792 1929 886 1970 Epit.

159 1973 213 2002 20.

208 2014 263 2044 Cn.
283 2013 451 2052 Tudicius,
470 2014 604 2045 Cluent.
620 2018 671 2049 70.
697 2015 848 2045 Senator.

207 2058 240 2088 C.
274 2057 473 2095 Tuditanus,
504 2069 521 2089 e
552 2058 761 2098 Semproniis,
792 2059 888 2089 Brut.

160 2104 212 2133 515.
237 2101 392 2132 disertus.
437 2102 492 2133 De
523 2101 765 2133 Tuditanorum
791 2107 889 2142 gente

160 2155 190 2174 v.
208 2145 378 2185 Rupertus
393 2146 439 2175 ad
453 2146 564 2176 Valer.
580 2146 629 2176 M.
645 2147 689 2176 ix.
707 2149 736 2177 5.
749 2157 784 2186 p.
804 2149 877 2177 542.

203 2188 252 2218 M.
273 2188 468 2228 Tuditanus,
489 2190 586 2220 Brut.
611 2193 661 2220 18.
695 2190 795 2221 Tusc.
818 2191 840 2220 i.
861 2194 888 2220 1.

163 2232 288 2262 Consul
302 2242 334 2262 u.
350 2241 449 2262 Dxm.

207 2275 251 2306 P.
282 2275 481 2313 Tuditanus,
505 2275 600 2306 Brut.
631 2279 680 2308 15.
714 2276 762 2307 M.
789 2277 888 2308 Corn.

163 2318 305 2358 Cethegi
347 2319 483 2359 Collega
527 2320 561 2349 in
609 2320 795 2351 Consulatu
843 2323 888 2363 (α.

163 2361 294 2399 uxux.)
314 2362 431 2392 deinde
448 2363 551 2393 etiam
568 2363 603 2393 in
621 2363 780 2395 Censura.

209 2405 407 2443 Tuditanus,
430 2406 532 2437 Acad.
556 2407 598 2437 iv.
620 2409 672 2439 28.
697 2408 803 2438 affinis
827 2407 890 2438 Ca·

161 2448 240 2485 tuli,
264 2450 412 2480 insanus.
445 2450 528 2480 Phil.
545 2451 591 2480 iii.
608 2452 639 2481 6.
662 2461 741 2482 avus
768 2452 889 2482 Fulviae

162 2492 302 2522 Antonii
317 2495 428 2523 uxoris
443 2505 452 2531 ;
477 2494 547 2533 ejus
564 2494 703 2525 insania.
730 2506 762 2526 v.
778 2496 889 2526 Valer.

161 2536 210 2567 M.
228 2536 281 2566 vii.
299 2539 328 2567 8.
353 2541 383 2566 et
398 2538 440 2567 ibi
461 2537 684 2569 Perizonium.

204 2579 254 2609 An.
274 2580 391 2619 TugiO,
409 2581 502 2611 Balb.
519 2584 571 2612 20.
598 2582 741 2613 Videtur
756 2584 784 2613 ei
797 2580 890 2624 juris

156 2624 251 2662 parti
266 2633 299 2653 se
314 2625 457 2655 ‘inarime
471 2625 603 2664 dedisse,
619 2636 690 2666 quoe
703 2631 749 2657 est
763 2626 890 2669 dejure

163 2667 425 2706 aqnoeductwmz.

210 2709 253 2739 P.
272 2709 390 2748 Tullio,
406 2712 518 2751 Syrus,
537 2711 617 2743 Har.
640 2712 739 2754 Resp.
757 2717 784 2745 1.
808 2714 891 2744 ami—

163 2763 221 2783 cus
239 2753 358 2783 Clodii.

209 2797 250 2826 L.
270 2797 427 2833 Tulleius,
444 2797 485 2827 ad
510 2798 585 2828 Div.
608 2810 660 2830 xv.
683 2803 714 2830 4.
744 2800 890 2836 Legatus

165 2839 332 2870 Ciceronis
360 2841 393 2870 in
423 2841 552 2877 Cilicia,
567 2845 623 2880 ([7ιὶ
646 2837 892 2874 omnibu.s<aliis

162 2885 236 2913 loeis
259 2886 414 2915 scribitur
442 2884 584 2916 Tunius.
623 2889 706 2918 idem
738 2898 812 2918 eam
843 2897 891 2919 se-

159 2931 286 2967 eluente.

929 1677 987 1697 um
1004 1668 1112 1697 xxxiv.
1129 1667 1160 1697 6.
1183 1666 1232 1697 ed.
1249 1666 1360 1697 Hard.
1382 1672 1518 1697 vocatur
1539 1666 1658 1697 Tullus

931 1710 1079 1746 Cloelius,
1094 1721 1111 1740 e
1132 1710 1209 1741 MS.
1247 1710 1337 1741 Edd.
1354 1712 1429 1741 alioe
1444 1711 1562 1741 liabent
1576 1710 1659 1741 Tul-

929 1753 980 1784 lus
998 1753 1130 1784 Caelius.
1154 1765 1184 1785 v.
1201 1754 1373 1785 Harduin.
1390 1759 1422 1785 et
1437 1759 1500 1785 not.
1522 1754 1659 1785 Gruter&

928 1799 974 1828 ad
994 1797 1056 1828 Cic,
1073 1800 1094 1828 l.
1110 1808 1138 1829 c.

975 1840 1094 1872 Tullus
1106 1841 1277 1878 Hostilius,
1295 1841 1380 1872 Phil.
1396 1841 1466 1872 xiii.
1487 1843 1535 1874 12.
1551 1841 1660 1872 tribu-

930 1894 992 1915 nus
1010 1885 1113 1925 plebis
1130 1885 1334 1924 designatus.

975 1929 1108 1960 Tullius
1125 1928 1268 1959 Cimber.
1292 1939 1322 1959 v.
1340 1927 1469 1959 Tillius.

974 1971 1021 2003 D.
1040 1971 1239 2008 Turranius,
1255 1971 1326 2002 Att.
1340 1972 1361 2001 i.
1378 1972 1410 2002 6.
1432 1971 1532 2002 homo
1547 1982 1659 2014 χρησο-

928 2015 1044 2055 μαθὲς,
1055 2026 1132 2045 cum
1144 2016 1185 2056 Q.
1199 2015 1359 2045 Cicerone
1371 2015 1407 2045 in
1423 2015 1555 2055 praediis
1563 2014 1661 2054 Arpi-

931 2060 1065 2089 natibus
1081 2064 1142 2089 est.
1159 2060 1202 2090 vi.
1216 2064 1247 2094 9.
1280 2069 1358 2089 cum
1375 2058 1536 2089 Cicerone
1552 2059 1586 2088 in
1604 2058 1660 2088 Ci-

930 2102 1008 2133 licia
1032 2102 1227 2142 aliquandiu
1253 2102 1330 2133 fuit.
1376 2102 1533 2141 Eundem
1557 2103 1658 2132 homi-

929 2155 1003 2176 nem
1027 2157 1102 2185 esse,
1126 2157 1177 2176 res
1198 2148 1269 2186 ipsu
1295 2147 1454 2186 suspicari
1469 2145 1576 2186 jacit,
1600 2146 1659 2175 etsi

924 2191 1030 2230 priori
1047 2192 1110 2220 loco
1127 2192 1169 2221 sit
1190 2189 1388 2227 Turranius,
1404 2192 1506 2220 altero
1527 2189 1661 2220 Turan-

931 2234 1018 2264 nius.
1044 2234 1137 2264 Ναηι
1163 2235 1230 2264 lioec·
1243 2235 1374 2264 nomina
1389 2234 1501 2264 eadem
1516 2236 1606 2270 sunt,
1621 2236 1661 2263 ut

931 2282 962 2308 et
980 2277 1160 2308 Turanius.
1204 2276 1336 2308 Eadem
1351 2278 1496 2308 varietas
1509 2278 1610 2307 etiam
1624 2277 1660 2306 in

932 2321 1090 2360 lapidibus
1116 2322 1376 2361 deprehenditur.
1421 2321 1516 2352 Forte
1537 2325 1583 2351 est
1604 2321 1661 2350 ille

929 2367 1007 2404 ipse,
1031 2366 1088 2404 qui
1113 2369 1383 2395 commemoratur
1408 2375 1464 2405 ap.
1489 2364 1584 2395 Ptin..
1610 2362 1660 2394 Η

932 2409 980 2439 Ν.
999 2408 1044 2438 iii.
1062 2411 1088 2438 l.
1106 2409 1148 2438 ix.
1166 2411 1196 2439 8.
1210 2408 1420 2439 v.Harduin.
1435 2408 1511 2440 Iud.
1523 2408 1659 2438 Auctor.

974 2452 1024 2481 Μ’
1044 2451 1242 2489 Turranius,
1259 2452 1343 2482 Phil.
1360 2452 1429 2482 xiii.
1449 2454 1499 2482 10.
1525 2451 1661 2491 provin-

932 2496 1016 2525 ciam
1034 2496 1095 2526 sibi
1112 2496 1152 2526 ab
1166 2496 1314 2526 Antonio
1331 2496 1445 2526 datam
1459 2499 1604 2525 recusat.

978 2539 1121 2576 Turdus,
1146 2539 1187 2569 ad
1212 2539 1289 2569 Div.
1318 2539 1362 2569 ix.
1381 2541 1434 2570 21.
1469 2547 1660 2577 cognomen

932 2582 1069 2613 familiae
1096 2583 1235 2623 Papiriae
1262 2581 1412 2622 plebciae.
1447 2581 1484 2612 C.
1508 2581 1658 2622 Papirius

931 2625 1064 2656 Turdus
1081 2628 1154 2657 trib.
1167 2628 1215 2666 pl.
1230 2631 1276 2656 est
1291 2636 1343 2666 ap.
1365 2626 1436 2656 Liv.
1451 2625 1506 2655 xli.
1524 2626 1555 2656 6.

977 2671 1019 2701 L.
1039 2670 1175 2707 Turius,
1197 2670 1294 2700 Brut.
1309 2670 1362 2703 67.
1386 2679 1487 2709 parvo
1510 2669 1660 2708 ingenio,

932 2713 990 2743 sed
1003 2714 1183 2744 studiosus.
1230 2714 1269 2743 Ei
1293 2722 1407 2753 paucae
1431 2713 1593 2742 centuriae
1617 2711 1661 2743 ad

933 2757 1143 2787 consulatum
1168 2756 1315 2786 defuere.
1349 2755 1437 2786 Olim
1461 2757 1512 2786 hic
1535 2756 1661 2794 legeba—

933 2805 989 2831 tur
1002 2801 1157 2830 Thorius.
1179 2801 1265 2830 uncle
1278 2801 1342 2830 viri
1357 2800 1439 2829 docti
1455 2804 1607 2840 ceperunt
1622 2799 1663 2829 de

935 2843 971 2874 L.
986 2844 1111 2874 Thorio
1127 2843 1242 2881 Balbo,
1259 2844 1298 2873 de
1311 2853 1372 2883 quo
1388 2853 1503 2883 supra.
1544 2843 1661 2874 Nescio

932 2898 975 2918 au
995 2889 1028 2917 in
1052 2889 1206 2918 hominem
1231 2889 1324 2918 illum
1349 2888 1660 2927 voluptuosissimum

933 2932 1030 2962 cudat
1049 2931 1174 2962 multus
1200 2931 1302 2970 labor,
1318 2941 1412 2973 quem
1436 2932 1512 2962 lauis
1537 2930 1577 2962 L.
1595 2929 1662 2961 Tu-
