1800 3131
124 180 205 219 216

176 278 392 309 C'enturiatus.
424 276 515 307 locus
547 276 756 306 centurionis.
787 275 851 307 Pis.

127 323 180 354 36.
205 323 407 352 centuriatus
425 319 534 360 palam
552 319 714 350 venditos.

177 365 271 403 Cera,
292 375 350 405 pro
364 363 492 400 tabula,
507 373 582 393 cera
598 363 748 399 inducta,
765 372 856 392 cera·

128 413 174 440 ta.
199 409 293 439 Verr.
308 409 329 438 i.
347 408 399 438 36.
423 413 574 437 extrema
584 416 657 437 cera
672 415 793 436 nomen
807 406 855 434 in-

129 453 248 483 fimum
280 453 314 482 in
344 451 507 490 flagitiosa
537 450 638 480 litura
667 449 758 478 fecit.
789 448 852 478 vid.

127 497 215 537 inpr.
233 494 371 526 Salmas.
387 495 426 524 de
443 493 534 525 Mod.
558 493 615 524 Us.
640 503 672 533 p.
689 493 763 523 463.
779 492 853 522 465.

127 550 175 580 sq.

179 583 360 614 Germ-ium.
376 580 468 611 Verr.
483 580 530 610 iii.
547 583 598 614 78.
614 578 769 619 pecunia,
782 587 855 616 quae

127 637 188 667 pro
205 637 281 656 cera
296 626 395 656 datur
408 637 414 654 ε
433 635 471 653 ex
484 624 574 653 omni
589 622 742 662 pecunia,
755 631 855 659 quam

128 670 313 701 aratoribus
330 668 454 698 solvere
467 666 623 702 debuisti,
637 665 736 694 certis
750 664 856 694 nomi-

128 713 225 744 nibus
249 713 478 747 deductiones,
503 710 571 739 fieri
596 708 764 738 solebant:
790 708 856 746 pri-

127 755 398 791 mum—deinde,
415 764 474 793 pro
490 752 600 782 nescio
616 762 681 791 quo
697 752 831 780 cerm-io.

176 801 284 831 Cerno.
310 799 439 838 judico,
471 805 625 835 agnosco.
662 794 724 824 Off.
754 795 774 824 i.
803 797 854 825 20.

127 853 270 883 magnus
293 838 423 872 animus
440 840 567 869 duabus
587 839 683 868 rebus
699 839 852 868 cernitur.

126 887 226 918 Tusc.
251 897 280 915 v.
308 889 336 916 8.
368 893 441 923 quae
467 892 600 922 genere,
625 891 691 912 non
716 891 854 911 numero

126 934 346 961 cernerentur.
370 929 388 946 ⁴¹²
400 926 543 956 refertur
558 925 599 955 ad
615 935 762 961 causam,
781 935 855 964 pro-

126 979 202 1014 pter
218 982 317 1012 quam
333 970 458 1010 aliquid
471 970 623 999 facimus.
654 969 736 1007 Leg.
757 969 778 998 i.
805 971 854 999 le.

127 1017 185 1047 ubi
209 1022 259 1046 est
283 1021 410 1055 gratus,
427 1014 454 1043 si
477 1022 541 1042 non
566 1022 643 1042 eum
661 1013 768 1052 ipsum
787 1021 854 1041 cer-

125 1065 211 1091 nant
227 1060 326 1099 grati,
343 1059 396 1088 cui
414 1056 564 1087 referunt
587 1056 741 1094 gratiam.
764 1055 783 1073 *²
795 1065 855 1095 pu-

127 1114 242 1143 gnare,
274 1101 487 1132 contendere.
519 1099 561 1129 ad
592 1100 669 1129 Div.
700 1098 768 1128 viii.
805 1102 852 1129 14.

127 1147 287 1187 quamdiu
312 1145 454 1175 civiliter
475 1144 633 1180 cernitur,
658 1142 691 1172 h.
715 1152 743 1172 e.
776 1152 854 1172 con—

125 1191 290 1227 tenditur,
308 1199 375 1219 non
393 1188 506 1224 armis,
522 1187 579 1217 sed
595 1186 632 1216 iis
652 1186 770 1223 modis,
783 1186 855 1224 qui-

126 1235 186 1265 bus
218 1235 304 1264 cives
336 1233 424 1262 inter
452 1241 485 1261 se
514 1230 716 1260 contendere
745 1229 853 1266 decet,

126 1279 214 1318 lege,
226 1277 355 1318 judicio
373 1276 432 1305 810.
466 1274 530 1305 Off.
548 1274 568 1304 i.
594 1275 641 1303 12.
668 1274 769 1303 vitam
787 1283 854 1303 cer-

127 1332 246 1352 namus
261 1321 408 1359 utrique,
424 1319 446 1348 i.
463 1328 492 1347 e.
510 1326 697 1357 pugnemus
714 1317 753 1346 de
776 1317 854 1346 vita.

125 1375 154 1397 v.
183 1365 333 1396 Perizon.
358 1363 400 1392 ad
422 1362 535 1392 Sanct.
557 1360 700 1390 Minerv.
725 1370 755 1400 p.
780 1363 854 1394 771.

124 1409 143 1428 *ὅ
161 1409 297 1440 Cernere
314 1406 549 1441 hereditatem,
563 1408 615 1434 est
636 1404 780 1443 proprie,
799 1403 853 1433 de-

124 1452 264 1483 liberare
281 1451 321 1481 de
336 1449 534 1486 hereditate,
551 1453 665 1477 utrum
682 1457 756 1476 eam
776 1446 854 1477 veli-

125 1506 201 1527 mus
218 1496 319 1530 adire,
332 1504 393 1524 nec
407 1502 448 1523 ne
463 1505 470 1522 z
495 1491 613 1522 deinde
627 1491 793 1530 significat
807 1491 853 1528 id,

127 1540 215 1579 quod
226 1540 312 1569 hanc
325 1536 598 1568 deliberationem
610 1535 679 1564 fere
691 1535 854 1573 sequitur,

125 1593 260 1623 nempe,
281 1581 370 1612 adire
393 1579 624 1610 hereditatem.
649 1588 680 1608 V.
703 1578 852 1607 Perizon.

125 1627 147 1657 l.
164 1639 191 1657 c.
213 1627 255 1657 cf.
280 1635 353 1665 quae
377 1630 495 1654 contra
518 1621 702 1652 Kusterum
728 1621 767 1650 de
792 1621 853 1651 hac

125 1670 272 1701 formula
288 1669 449 1708 disputat.
465 1666 543 1696 ibid.
562 1676 592 1704 p.
610 1668 683 1698 780.
702 1665 853 1698 b.—-795.

124 1719 160 1745 et
175 1714 263 1744 infra
278 1713 313 1742 in
331 1711 454 1742 Cretio.
474 1709 514 1739 ad
531 1709 606 1739 Div.
623 1709 665 1738 ix.
686 1711 734 1738 14.
758 1709 853 1738 Sinas

125 1768 179 1788 me
196 1757 282 1787 hanc
299 1756 391 1794 quasi
407 1753 525 1784 falsam
542 1751 761 1782 hereditatem
775 1751 855 1781 alie-

126 1811 179 1832 nae
202 1800 314 1840 gloriae
337 1804 479 1834 cernere,
496 1796 529 1825 h.
546 1796 691 1826 ejadire.
715 1795 786 1825 Att.
811 1796 853 1825 xi.

125 1847 156 1875 Q.
181 1854 285 1883 eoque
311 1844 380 1883 ipso
405 1841 457 1871 die
481 1850 521 1869 ex
543 1845 750 1869 testamento
769 1841 854 1869 crevi

125 1888 346 1918 hereditatem
379 1886 437 1914 διο.
472 1882 583 1921 *Leg.
612 1883 646 1912 ii.
672 1886 703 1916 9.
734 1883 852 1921 quibus

124 1932 198 1963 Diis
222 1931 393 1966 creverint,
419 1932 640 1968 procurante:
675 1925 714 1955 (le
739 1926 854 1956 harus-

126 1976 268 2016 picibus,
285 1984 361 2004 cum
387 1970 600 2011 resp‹.›ndent,
616 1969 735 2009 quibus
759 1970 852 1999 Divis

125 2019 296 2059 piaculum
313 2017 483 2047 debeatur.

174 2063 315 2093 certare.
343 2059 441 2089 Catil.
468 2058 502 2087 ii.
531 2060 560 2088 8.
585 2061 711 2086 certare
736 2056 853 2086 fructi-

124 2107 186 2136 bus
213 2115 289 2136 cum
313 2103 435 2139 usuris,
459 2101 630 2137 dicuntur,
655 2100 709 2138 qui
737 2100 854 2130 volunt

125 2159 242 2180 usuras
264 2148 361 2178 sortis
385 2150 529 2184 acceptat
552 2144 675 2173 solvere
695 2143 852 2173 reditibus

125 2193 339 2234 praediorum,
352 2195 452 2228 atque
464 2188 496 2218 id.
514 2192 572 2217 aut
589 2186 782 2217 difficillime
795 2193 853 2217 aut

124 2237 223 2278 plane
241 2245 307 2265 non
323 2235 482 2264 efficiunt.

175 2280 296 2310 certus.
320 2277 361 2307 ad
385 2277 462 2307 Div.
487 2276 507 2304 i.
532 2277 563 2308 7.
587 2274 665 2304 cerci
688 2273 853 2311 homines,

126 2324 245 2363 quibus
264 2322 342 2352 fides
359 2320 485 2355 habt-ri,
502 2318 643 2358 epistola
659 2325 747 2346 recte
763 2327 853 2346 coin-

127 2368 218 2398 niitti
250 2369 370 2406 potest.
407 2364 502 2393 Ruso.
534 2362 607 2391 Am.
645 2362 691 2391 16.
729 2365 851 2390 certum

124 2419 257 2451 patrem
281 2409 440 2438 dicuntur
462 2406 595 2441 habere,
618 2414 761 2442 quorum
786 2414 854 2433 ina-

126 2460 194 2484 tres
212 2458 310 2483 castre
329 2451 521 2491 pudicaeque
535 2448 639 2477 fuere.
665 2448 717 2477 Sic
731 2447 769 2477 de
782 2447 853 2476 [nv.

129 2499 150 2528 i.
176 2499 206 2529 9.
238 2500 337 2526 certus
367 2494 499 2529 liberos,
524 2497 619 2531 pater
644 2490 767 2520 dicitur
796 2491 853 2520 ha-

128 2541 220 2577 bere,
233 2550 308 2569 cum
323 2543 446 2567 castam
462 2545 596 2565 uxorem
612 2534 723 2563 habet.
735 2534 852 2574 Quint.

128 2588 160 2616 3.
191 2588 296 2613 certus
323 2589 417 2621 pater
444 2578 599 2614 familias,
623 2583 673 2607 est
699 2577 853 2616 diligens,

129 2632 294 2662 attentus,
310 2635 419 2655 rerum
442 2632 577 2652 suarum
602 2631 760 2651 curiosus.
776 2631 853 2650 nam

128 2671 246 2702 statim
262 2668 412 2707 subjicit:
431 2676 498 2695 una
512 2667 545 2694 in
564 2675 597 2694 re
614 2664 726 2704 paullo
743 2665 853 2694 minus

129 2713 370 2745 consideratus.
394 2717 431 2739 ut
445 2710 538 2738 ‘tex-r.
554 2709 599 2737 iii.
616 2711 668 2741 75.
692 2713 785 2737 σοι-[α’
805 2718 854 2737 ra-

127 2759 252 2793 tiones,
282 2760 499 2794 opponuntur
536 2752 750 2790 perturbatis,
783 2752 854 2780 sine

129 2801 244 2832 ordine
257 2798 401 2837 scriptis,
412 2796 616 2834 interpositis
629 2795 774 2833 adeoque
791 2795 854 2824 fide

128 2844 286 2883 indignis.
311 2842 405 2871 Rosc.
423 2840 496 2869 Ani.
517 2842 563 2872 19.
593 2838 704 2867 Cerffns
721 2848 855 2867 accusa-

128 2894 196 2924 tor,
214 2887 277 2917 'nde
293 2885 426 2923 (lignus,
443 2883 497 2921 qui
514 2882 562 2910 ita
581 2886 728 2918 accusat,
744 2882 783 2911 iis
804 2886 854 2910 te-

128 2932 248 2968 stibus,
271 2926 490 2963 argumentis,
513 2933 551 2954 ut
580 2925 660 2954 fides
686 2925 715 2953 ci
742 2925 855 2955 haberi

129 2975 245 3017 possit,
269 2972 416 3011 adeoque
439 2969 490 3000 sui
519 2968 664 2998 muneris
690 2968 773 2998 bene
800 2977 856 3008 ge-

641 185 788 214 INDEX
817 185 1113 213 LATINrrATls.

897 285 983 305 rcus.
1009 274 1096 304 Nam
1123 276 1299 313 propterea
1326 271 1391 302 fide
1418 272 1536 311 dignus
1560 277 1625 312 est,

899 319 1136 358 probatusque,
1163 317 1240 355 quia
1267 326 1342 345 euni
1377 316 1623 355 intelligentem

899 362 1118 391 accusationis
1145 360 1361 397 instruendae,
1388 360 1622 398 exercitatum,

899 413 933 434 et
952 415 1087 434 munere
1105 414 1164 434 suo
1177 410 1265 433 recte
1278 403 1474 442 fungentem
1489 405 1622 434 scimus.

898 448 975 478 Non
994 448 1046 478 liic
1065 447 1353 487 reprehendendus
1371 454 1441 476 erat
1461 456 1480 476 a
1495 446 1624 477 Graevio

899 490 1146 520 Hotomannus.
1182 491 1338 520 Ceterum
1363 490 1426 520 vid.
1453 490 1558 520 GraeV.
1583 490 1625 520 ad

898 544 946 573 pr.
970 534 1087 574 Quint.
1106 537 1136 565 3.
1162 534 1202 563 ad
1228 534 1301 563 Div.
1328 534 1370 563 ix.
1397 537 1443 568 19.
1468 533 1625 564 *(Ῐεεοίῃ.

898 580 928 607 4.
952 582 1077 607 certum
1094 578 1151 614 jus
1175 587 1241 606 non
1265 577 1428 614 obtinere,
1444 577 1477 607 h.
1493 587 1521 607 e.
1547 587 1626 607 cau-

898 630 967 650 sam
979 621 1212 657 justissimam.
1231 620 1357 651 *Rosa
1375 621 1412 650 A.
1434 621 1483 651 16.
1500 625 1624 651 eertum

898 665 1035 694 crimen.
1059 663 1077 681 *⁶
1091 664 1272 703 opponitur
1287 665 1430 694 infinito.
1455 664 1511 694 Or.
1524 664 1558 694 ii.
1574 667 1625 694 10.

897 712 1023 737 certum
1047 716 1151 745 genus
1175 708 1378 745 quaestionis.
1408 709 1503 738 Rosc.
1529 708 1624 738 Com.

896 753 928 780 4.
954 755 1041 780 certa
1057 751 1211 790 pecunia,
1229 751 1322 789 cujus
1344 761 1476 781 summa
1496 757 1530 781 et
1553 760 1625 781 ma-

897 794 1038 833 gnitudo
1051 794 1188 823 definita
1200 798 1261 823 est.
1278 794 1412 831 Hortis,
1426 795 1624 824 confirmato

897 838 1020 867 animo.
1044 837 1113 867 Att.
1131 848 1160 867 x.
1184 840 1230 866 11.
1254 844 1287 867 et
1303 848 1368 877 quo
1383 837 1438 868 ille
1455 839 1624 868 certiorem

897 891 950 910 me
966 881 1039 910 vult
1057 891 1145 911 esse:
1171 881 1228 910 ubi
1253 881 1378 921 I'opma
1400 881 1625 911 substituebat

896 923 1079 954 fortiorem.
1107 935 1137 953 v.
1169 925 1270 954 Gron.
1302 926 1336 954 in
1368 925 1453 954 Stat.
1485 934 1517 965 p.
1549 927 1624 955 415.

897 968 1026 998 Duker.
1042 967 1083 997 ad
1098 968 1170 998 Liv.
1186 979 1216 998 x.
1232 968 1284 999 36.

905 1043 915 1053 fl
946 1012 1121 1041 Cervieula.
1147 1011 1239 1041 Verr.
1267 1012 1312 1042 iii.
1341 1015 1389 1046 19.
1423 1011 1624 1042 Corniculum

890 1055 1034 1092 jactare,
1067 1062 1179 1094 gestus
1211 1060 1295 1091 erat,
1328 1066 1393 1096 quo
1424 1055 1624 1085 Hortensius

897 1097 1023 1128 solebat
1054 1099 1117 1134 uti,
1145 1109 1221 1128 cuin
1253 1098 1377 1137 aliquid
1407 1099 1441 1128 in
1472 1099 1623 1129 oratione

896 1142 1077 1178 tractabat,
1091 1143 1124 1171 in
1141 1152 1205 1181 quo
1222 1142 1280 1172 sibi
1298 1142 1463 1181 placebat,
1477 1143 1531 1172 cui
1544 1151 1623 1172 con-

898 1185 1021 1215 fidebat
1037 1185 1231 1225 plurimum.
1251 1196 1278 1214 v.
1296 1186 1329 1215 in
1349 1185 1477 1215 Cervix.

945 1229 1069 1259 Germ:
1086 1229 1178 1258 Orat.
1200 1231 1247 1259 18.
1266 1229 1300 1258 in
1318 1229 1498 1259 Hortensio
1513 1239 1624 1269 repre-

896 1272 1056 1302 henditur
1072 1272 1214 1302 mollitia
1229 1282 1401 1308 cervicum,
1419 1272 1450 1302 11.
1467 1283 1496 1303 e.
1514 1274 1625 1312 jacta-

896 1317 944 1346 tio
974 1317 1112 1346 cervicis.
1147 1318 1189 1356 (ν.
1226 1314 1403 1354 Cernit-ula)
1433 1326 1506 1355 quae
1538 1320 1626 1347 esset

897 1359 1049 1389 mollium
1074 1360 1409 1398 effeminatorumque
1435 1359 1623 1389 hominum.

897 1403 948 1433 Sic
981 1413 1109 1433 eversas
1135 1405 1269 1433 eervices
1295 1403 1409 1441 objicit
1440 1402 1624 1443 Clitiphoni

897 1447 995 1487 Syrus
1027 1457 1078 1487 ap.
1108 1447 1244 1477 Terent.
1276 1446 1401 1476 Heaut.
1429 1446 1463 1476 ii.
1492 1450 1523 1478 2.
1553 1449 1625 1477 131.

898 1491 1023 1520 bomini
1049 1490 1140 1520 molli
1164 1498 1198 1520 et
1220 1490 1422 1520 effeminato.
1459 1490 1553 1520 Verr.
1576 1490 1625 1520 iii.

897 1537 948 1568 59.
981 1535 1038 1573 qui
1064 1538 1164 1564 erunt
1190 1534 1294 1564 tantis
1321 1534 1507 1572 cervicibus,
1535 1533 1568 1564 h.
1594 1543 1625 1564 e.

895 1581 993 1607 tanta
1008 1577 1147 1607 audacia
1163 1583 1195 1607 et
1212 1577 1432 1616 impudentia.

944 1621 1070 1651 cerula.
1097 1624 1168 1650 Att.
1193 1631 1244 1650 xv.
1274 1623 1321 1651 14.
1351 1620 1492 1650 miniata
1512 1622 1626 1651 cerula

894 1669 955 1695 tua
978 1664 1126 1704 pluribus
1151 1664 1230 1694 locis
1254 1663 1410 1694 notandae
1434 1669 1524 1693 sunt.
1544 1664 1624 1695 ibid.

896 1710 960 1740 xvi.
980 1711 1028 1738 11.
1053 1708 1237 1738 miniatulae
1255 1709 1381 1738 eerutoe.
1420 1706 1552 1736 Scilicet
1571 1717 1625 1737 ve-

895 1758 982 1782 teres
1013 1751 1164 1781 solebant
1191 1762 1301 1781 ceram
1324 1751 1456 1790 affigere
1483 1750 1562 1781 locis
1585 1751 1626 1781 li-

897 1796 1044 1832 brorum,
1077 1795 1116 1824 de
1148 1795 1266 1833 quibus
1296 1804 1443 1833 quaerere
1479 1794 1623 1834 amplius

895 1839 1064 1876 volebant,
1102 1845 1161 1868 aut
1204 1848 1285 1877 quos
1326 1837 1624 1877 reprehenderent,

896 1883 982 1922 quod
1007 1882 1139 1921 signare
1167 1892 1243 1911 cera
1269 1882 1393 1911 dicitur
1415 1891 1467 1921 ap.
1491 1880 1648 1912 Vitruvs

895 1927 939 1955 ix.
956 1929 986 1956 3.
1011 1936 1040 1955 ν.
1058 1926 1195 1955 Salmas.
1213 1925 1252 1955 de
1270 1925 1361 1955 Mod.
1379 1925 1478 1955 Usur.
1494 1935 1527 1965 p.
1545 1925 1622 1956 446.

895 1976 929 1999 et
944 1970 985 1999 ad
1001 1969 1104 1999 Solin.
1119 1979 1151 2008 p.
1169 1972 1243 2003 775.

944 2013 1142 2048 Ccrztssalus,
1159 2012 1235 2042 fuco
1255 2012 1389 2042 oblitus.
1417 2012 1480 2042 Pis.
1502 2014 1552 2043 11.
1575 2022 1625 2043 ce-

895 2067 1032 2097 rzcsswcp
1047 2057 1170 2086 buccae.

944 2100 1051 2130 sessio.
1075 2100 1155 2138 Leg.
1172 2100 1193 2129 i.
1211 2102 1241 2129 3.
1264 2100 1357 2129 cessio
1371 2099 1476 2129 libera
1490 2104 1524 2128 et
1540 2099 1625 2129 otio-

895 2154 943 2181 sa,
975 2150 1037 2181 est,
1065 2154 1140 2172 cum
1173 2143 1245 2182 quis
1276 2143 1345 2172 abit
1375 2152 1392 2172 e
1423 2143 1533 2182 patria
1562 2152 1625 2173 sua

896 2193 1013 2228 sponte
1039 2187 1098 2216 otii
1118 2196 1230 2223 causa,
1246 2191 1304 2216 aut
1320 2184 1494 2225 legationis
1510 2185 1622 2216 liberae

895 2241 986 2270 ergo.
1008 2231 1027 2248 ³*
1044 2230 1139 2260 (essin
1162 2231 1195 2259 in
1212 2230 1290 2267 jure
1313 2229 1396 2268 Τορ.
1413 2232 1442 2260 5.
1465 2234 1529 2266 est,
1545 2239 1624 2260 cum

896 2275 1014 2313 aliquis
1031 2274 1117 2314 apud
1137 2281 1310 2313 praetorem
1330 2273 1417 2302 cedit
1434 2273 1533 2302 alicui
1553 2282 1623 2303 rem

896 2319 1056 2358 mancipi,
1084 2317 1257 2347 addicente
1287 2317 1316 2345 ei
1343 2317 1397 2346 cui
1422 2316 1549 2346 tradita
1575 2320 1626 2346 est

896 2367 1048 2401 praetorc.
1071 2361 1136 2390 vid.
1159 2359 1276 2390 Bo'e'th.
1302 2359 1342 2389 ad
1370 2359 1439 2390 Cic.
1465 2359 1486 2389 l.
1510 2370 1538 2389 c.
1568 2360 1625 2398 qui

896 2406 1017 2435 sumsit
1041 2416 1057 2433 e
1087 2404 1165 2434 Caio
1195 2403 1275 2432 lust.
1297 2403 1331 2433 ii.
1362 2406 1387 2432 1.
1414 2404 1444 2433 6.
1477 2403 1533 2432 ubi
1558 2403 1624 2433 vid.

897 2449 980 2478 lntt.
1005 2448 1161 2478 Ceterum
1177 2447 1299 2483 injure
1315 2448 1406 2477 cessio
1417 2446 1567 2485 inprimis
1585 2446 1625 2477 fit

897 2502 916 2522 a
943 2492 1158 2527 debitoribus,
1178 2491 1246 2528 qui,
1263 2500 1339 2519 cuin
1365 2499 1431 2519 non
1455 2495 1535 2519 sunt
1557 2489 1623 2519 sol-

896 2535 1016 2572 vendo,
1031 2534 1246 2564 creditoribus
1263 2533 1348 2562 bona
1363 2543 1423 2562 sua
1434 2533 1570 2569 cedunt,
1583 2536 1624 2563 ut

897 2580 935 2609 iis
952 2580 1032 2608 satis
1045 2579 1114 2607 fiat.
1131 2577 1194 2607 vid.
1207 2577 1346 2606 Salmas.
1360 2576 1398 2606 tle
1416 2576 1507 2606 Mod.
1522 2575 1622 2607 Usur.

897 2633 928 2663 p.
945 2623 1018 2652 600.
1043 2625 1077 2651 et
1101 2621 1181 2650 Intt.
1206 2620 1324 2659 fragm.
1353 2620 1423 2649 Caii
1448 2619 1482 2648 in
1506 2618 1624 2649 Schul-

894 2666 994 2704 tingii
1010 2665 1151 2705 Jurispr.
1169 2663 1255 2693 Ante
1269 2663 1492 2693 Jusdnianea.

945 2709 1058 2745 Ceteri,
1075 2718 1115 2745 ae,
1133 2718 1164 2745 a,
1181 2707 1265 2746 plur.
1283 2707 1400 2746 Quint.
1418 2709 1448 2736 3.
1473 2715 1552 2735 sane
1573 2716 1624 2735 ee-

896 2757 1046 2783 terctrum
1084 2761 1194 2781 reruni
1234 2756 1344 2780 certus
1384 2748 1622 2789 paterfamilias

894 2806 1008 2826 ——una
1034 2796 1068 2825 in
1097 2806 1130 2824 re
1158 2795 1267 2824 minus
1295 2793 1533 2823 consideratus.
1561 2792 1623 2822 Est

895 2839 1044 2879 elliptica
1061 2838 1186 2868 locutio
1210 2847 1290 2877 pro:
1315 2837 1349 2866 in
1368 2842 1553 2866 ceterarum
1573 2845 1622 2865 re-

896 2893 971 2913 rum
995 2883 1138 2921 negotio.
1162 2880 1226 2910 vid.
1251 2879 1458 2910 Hotomann.
1480 2879 1558 2909 Obs.
1581 2879 1624 2909 iv.

902 2929 949 2956 11.
984 2926 1074 2955 *Est
1100 2925 1201 2955 etiam
1227 2924 1429 2953 femininum
1457 2931 1562 2962 genus
1588 2922 1623 2952 in

897 2969 1102 3000 nominativo
1125 2974 1160 2999 et
1183 2967 1326 2998 ablativo
1349 2976 1403 3008 ap.
1426 2967 1622 2997 Ciceronem
