1800 3131
195 97 276 134 llo

194 195 229 224 in
253 194 458 226 orationibus
482 195 622 226 facetus.
652 196 710 228 Or.
733 198 780 228 iii.
804 201 835 231 7.
865 198 923 228 Or.

194 240 246 269 31.
276 238 347 276 ejus
363 248 505 269 acumen
523 240 582 269 &c.

235 281 419 321 Hyperiom
434 283 477 313 Ν.
494 283 537 313 D.
554 283 602 313 iii.
620 285 671 314 ⁶21.
702 282 762 312 sol.

236 325 410 364 Hypsaeus,
426 326 520 356 Orat.
537 327 557 356 i.
576 328 627 358 36.
655 325 795 357 absurde
813 326 925 356 defen-

195 367 245 398 dit
275 368 420 408 aliquem
453 370 661 409 ignoratione
691 370 777 408 juris
809 370 924 399 civilis.

194 412 300 443 Filius
329 414 460 443 vitietur
486 411 568 455 ejus,
597 415 654 454 qui
683 424 715 444 a.
755 422 923 444 ncxxvm.

200 456 407 496 (bvszilsuil.

239 499 274 529 P.
299 499 449 530 Plautius
484 499 658 539 Ifispsoeus,
683 499 788 529 Flacc.
820 503 851 533 9.
883 500 925 529 ad

194 542 270 574 Div.
289 543 309 572 i.
330 546 356 573 1.
389 544 535 583 Pompeii
561 543 608 573 Μ.
625 547 771 581 qua-sior
787 543 821 572 in
837 543 925 572 bello

195 585 426 616 Mithridatico
443 593 475 616 et
493 591 609 626 postea
632 585 767 616 Milonis
791 596 925 627 compe-

193 630 277 660 titor
292 630 326 660 in
342 630 528 661 consulatu.
561 629 602 659 ad
617 629 687 659 Att.
706 629 750 659 iii.
770 630 800 659 8.

543 715 576 745 J.

237 803 395 839 dacerius,
419 801 512 831 Vox-r.
537 802 578 832 iv.
611 802 663 833 60.
693 813 711 833 e
744 813 922 841 marmore,

196 847 284 887 apud
300 845 520 876 Athenienses
536 846 570 875 in
587 846 702 885 primis
719 846 902 877 colebatur.

237 891 386 928 «Ialysus,
404 888 496 919 Verr.
513 889 554 919 iv.
570 890 623 920 60.
652 889 806 920 Herculis
823 889 925 927 filius,

195 930 237 964 N.
254 934 298 965 D.
313 933 360 963 iii.
377 934 429 964 ⁶21.
461 933 544 962 Solis
568 942 681 972 nepos.
713 943 733 963 a
752 944 812 973 quo
827 934 925 972 ‚Ialy-

196 986 252 1007 sus
274 977 352 1006 urbs
374 975 464 1016 apud
487 976 635 1006 Rhodios.
666 977 723 1007 Or.
740 979 771 1008 2.
802 976 873 1006 Att.
890 977 925 1007 ii.

195 1023 250 1052 21.
279 1020 412 1061 pictura
426 1019 548 1056 Rhodi,
566 1023 700 1050 auctore
725 1020 925 1059 Protogene,

195 1064 234 1094 de
255 1074 322 1103 qua
344 1074 373 1093 v.
397 1063 478 1093 Gell.
497 1063 592 1094 Nost.
610 1062 679 1093 Alc.
697 1074 747 1093 xv.
765 1065 824 1094 alt.
841 1064 925 1094 Plin.

195 1118 291 1138 xxxv.
310 1111 359 1137 10.
389 1106 464 1136 add.
480 1107 620 1137 Martini
634 1107 711 1138 Var.
726 1107 766 1138 L.
784 1108 825 1137 iv.
843 1110 896 1139 20.

237 1151 459 1187 Jcirnblickus,
478 1150 519 1179 ad
543 1150 619 1180 Div.
644 1160 695 1180 xv.
722 1154 750 1180 1.
782 1152 927 1192 Sampsi-

195 1195 319 1225 cerami
336 1194 437 1231 filius,
450 1193 653 1233 Phylarchus
670 1194 829 1231 Arabum,
844 1196 926 1225 ami-

196 1248 254 1269 cus
284 1238 526 1268 Romanorum.
572 1237 748 1278 Phylarchi
776 1243 854 1270 siml
876 1250 928 1270 re-

192 1283 268 1321 guli
296 1292 321 1312 s.
352 1281 507 1320 clynastoe.
544 1281 610 1310 vid.
647 1291 742 1320 quem
777 1283 928 1313 Groevius

187 1324 266 1368 jam
292 1326 454 1363 laudavit,
480 1324 592 1355 strab.
622 1326 686 1355 xvi.
707 1334 744 1366 p.
774 1328 876 1361 1092.
897 1331 928 1358 et

193 1370 240 1400 ‘ibi
262 1369 400 1400 Casaub.

238 1412 398 1449 Jamz‘doe,
421 1411 497 1442 Div.
529 1411 550 1441 i.
582 1414 635 1443 41.
671 1411 861 1454 haruspices
892 1414 928 1444 in

197 1456 437 1496 Peloponneso.

237 1500 352 1537 Jason,
371 1499 539 1536 Pheraeus,
554 1498 635 1529 Nat.
652 1499 696 1530 D.
712 1500 759 1530 iii.
775 1502 828 1532 28.
849 1511 928 1531 casu

195 1547 345 1573 sanatur.
375 1542 440 1573 Off.
457 1543 480 1573 i.
497 1545 549 1573 30.
581 1543 620 1573 de
642 1553 675 1574 eo
689 1553 720 1573 v.
737 1543 875 1576 Diodor.
891 1544 927 1575 S.

196 1597 248 1617 xv.
260 1597 295 1627 p.
313 1589 388 1621 373.

238 1630 357 1669 Ibyeus
380 1628 566 1668 Rheginus‚
581 1629 682 1660 Tusc.
705 1630 747 1660 iv.
771 1632 824 1661 33.
857 1631 928 1670 ejus

195 1674 331 1714 scripta.
362 1673 531 1703 amoribus
556 1673 795 1704 deditissimus.
841 1673 931 1715 Ejus

195 1719 297 1749 etiam
325 1716 442 1747 Strabo
469 1717 514 1747 bis
537 1718 730 1748 mentionem
741 1716 836 1757 facit
860 1719 881 1748 l.
907 1719 929 1748 i.

189 1771 226 1802 p.
254 1763 325 1792 102.
358 1762 379 1791 l.
403 1761 446 1790 vi.
470 1769 506 1800 p.
535 1764 611 1795 417.
657 1761 738 1792 Fuit
765 1761 930 1793 Simonide

195 1805 376 1844 antiquior,
398 1814 438 1834 ex
463 1802 557 1845 cajus
583 1804 675 1835 libris
695 1814 808 1844 pauca
821 1804 930 1845 frag·-

195 1852 307 1879 menta
329 1848 420 1887 apud
446 1852 566 1879 veteres
593 1852 730 1879 restant.
760 1849 833 1880 vide
855 1859 931 1889 quos

197 1892 315 1923 laudat
329 1892 460 1922 Fabrie.
477 1892 522 1923 B.
545 1892 584 1922 G.
602 1892 636 1922 ii.
656 1895 705 1923 15.

241 1935 386 1972 Icadius,
399 1934 470 1964 Fat.
484 1938 515 1966 3.
530 1935 656 1975 praedo,
669 1935 727 1974 qui
741 1945 832 1973 saxo,
842 1937 930 1975 quod

196 1990 237 2009 ex
267 1978 429 2019 spelunca
458 1979 493 2008 in
521 1979 593 2019 ejus
621 1988 720 2009 crura
752 1979 929 2019 inciderat,

219 2023 306 2053 eriit.

193 2033 216 2064 P
239 2065 289 2096 M.
306 2065 424 2103 Iccius,
441 2064 527 2097 Phil.
542 2065 589 2096 iii.
615 2069 665 2096 10.
688 2065 838 2097 Siciliam
860 2076 930 2097 sor-

194 2110 279 2140 titus
297 2113 360 2147 est,
376 2109 537 2140 sortiente
553 2109 759 2140 M.Antonio
773 2109 929 2141 Consule.

242 2153 349 2192 Idyia.
380 2153 461 2184 Nat.
485 2154 530 2185 D.
555 2153 603 2184 iii.
630 2156 679 2188 19.
702 2154 809 2184 AEetae
833 2163 928 2192 uxor,

196 2196 326 2228 Medeae
342 2201 461 2227 mater.

239 2241 359 2276 Iliona,
375 2239 476 2271 Acad.
491 2241 533 2271 iv.
561 2242 615 2275 27.
634 2240 717 2281 filia
732 2240 878 2271 Priami.

240 2284 502 2323 Indutiomarus,
526 2284 624 2316 Font.
649 2288 678 2316 8.
702 2283 830 2323 Gallus,
845 2284 928 2315 Tre-

194 2327 342 2357 virorum
371 2327 451 2365 dux,
483 2338 549 2367 quo
565 2332 701 2359 auctore
732 2327 820 2358 Galli
844 2327 928 2358 Fon-

195 2371 303 2401 teium
328 2379 541 2410 accusarunt,
560 2376 674 2411 postea
696 2382 718 2402 a
746 2371 778 2402 C.
803 2371 928 2403 Coesare

194 2416 300 2445 victus
315 2418 346 2444 et
360 2414 560 2454 interfectus.

241 2458 312 2495 Ino,
327 2457 427 2488 Tusc.
449 2459 469 2488 i.
489 2460 537 2489 12.
562 2459 680 2489 Cadmi
704 2458 786 2496 filia,
804 2457 927 2489 Graecis

196 2500 392 2538 Leucothea,
409 2502 539 2532 Latinis
555 2502 694 2533 Matuta
710 2502 844 2532 dicitur.

188 2556 190 2558 ’
239 2545 425 2584 Iphigenia,
450 2545 492 2575 ad
514 2546 662 2576 Herenn.
685 2546 731 2576 iii.
755 2548 806 2576 21.
826 2545 927 2577 Tusc.

195 2587 218 2618 i.
241 2590 295 2619 48.
318 2589 377 2618 διο.
394 2588 655 2628 Agamemnonis
677 2589 759 2628 filia,
775 2589 928 2620 immola-

194 2635 253 2662 tur
266 2641 327 2671 pro
342 2632 480 2662 civibus.

239 2675 350 2712 Isiaci,
373 2676 450 2706 Div.
467 2676 487 2706 i.
520 2679 571 2707 58.
595 2676 814 2717 conjectores,
832 2675 927 2707 Isidis

196 2718 397 2748 sacerdotes.

240 2762 397 2799 Ιεὶᾱονῑιε,
426 2761 519 2792 Verr.
543 2763 589 2792 iii.
614 2765 666 2793 34.
690 2763 825 2795 mimus.
855 2762 927 2795 Att.

195 2805 239 2835 xi.
254 2808 284 2836 4.
299 2808 412 2835 autem
427 2810 486 2843 est,
501 2805 642 2836 libertus
659 2806 805 2845 quidam.

239 2849 409 2887 Isocrates,
430 2849 487 2879 Or.
504 2849 538 2880 ii.
555 2852 585 2880 3.
600 2848 801 2888 eloquentiae
818 2853 926 2891 pater,

194 2891 290 2923 Brut.
323 2894 374 2924 19.
405 2897 508 2933 negat
538 2902 608 2924 esse
641 2898 748 2924 artem
781 2893 928 2932 dicendi,

698 106 848 135 <INDEX
878 106 907 134 H
914 107 1157 135 ISTORICUS.

968 196 1040 227 aliis
1070 197 1237 227 orationes
1268 196 1394 228 scribit.
1422 195 1492 227 Inv.
1515 197 1550 229 ii.
1574 200 1604 230 2.
1624 199 1696 240 ejus

967 250 1019 270 ars
1044 240 1211 270 rhetorica
1233 250 1306 279 quae
1323 241 1438 278 fucrit,
1455 241 1638 279 ignoratur.
1654 243 1703 274 ad

965 284 1042 314 Div.
1059 284 1080 314 i.
1097 289 1127 318 9.
1143 288 1218 314 tota
1230 285 1300 323 ejus
1319 284 1402 314 ratio
1418 283 1509 314 libris
1527 285 1695 318 Ciceronis

966 326 1005 356 de
1029 332 1159 357 oratore
1178 328 1381 358 continetur.
1398 328 1455 358 Or.
1476 330 1524 359 13.
1541 327 1699 361 laudatur

966 379 986 400 a
1001 369 1140 400 Platone
1158 371 1191 400 in
1209 371 1357 401 Phaedro.

1008 413 1112 450 Juba,
1137 414 1215 453 Agr.
1240 415 1272 444 ii.
1298 416 1349 445 22.
1374 414 1577 454 Hiempsalis
1595 415 1696 455 filius,

965 456 1182 487 Mauritania
1198 459 1296 496 reg-is,
1316 458 1513 498 capillatus.

1013 500 1179 530 Jubelcius
1192 500 1335 539 Taurea,
1352 502 1416 531 Pis.
1437 505 1448 532 1
1460 505 1487 532 1.

1008 543 1157 580 dabellii,
1174 543 1251 583 Agr.
1269 545 1302 574 ii.
1319 547 1370 575 34.
1387 544 1513 575 nobiles
1531 545 1694 586 Campani

965 585 1052 616 bello
1070 586 1195 616 Punico
1209 587 1365 617 secundo.

1008 629 1078 668 Jug
1086 631 1200 667 artha,
1225 630 1343 660 Manil.
1354 633 1406 662 20.
1422 631 1548 662 bellum
1564 642 1639 663 curn
1658 642 1700 664 eo

966 672 1074 703 Mario
1091 674 1328 703 committitur.

1015 716 1048 747 C.
1064 716 1192 753 dulim,
1215 716 1253 747 L.
1279 716 1311 747 F.
1329 717 1385 747 ΒΓ.
1409 720 1462 749 48.
1485 719 1607 750 Orator
1629 730 1697 751 nou

965 760 1146 790 vehemens
1172 760 1231 790 sed
1254 759 1496 792 festivissimus.
1520 763 1698 794 Orationes

967 807 1001 833 et
1034 803 1226 842 Tragoedias
1259 803 1406 842 reliquit.
1438 804 1472 834 in
1503 805 1613 837 Caeeil.
1647 811 1697 841 19.

967 848 1146 877 contendit
1169 857 1246 877 cum
1272 847 1332 877 Cn.
1358 848 1516 887 Pompeio
1536 849 1697 880 Strabone

967 890 1006 919 de
1039 891 1226 920 accusando
1256 889 1405 921 Albucio.
1433 891 1474 921 cf.
1499 892 1562 923 Off.
1587 893 1620 923 ii.
1648 896 1698 924 14.

966 933 1024 963 Or.
1049 934 1095 963 iii.
1119 937 1150 964 3.
1174 934 1325 974 proditus
1350 935 1390 964 ab
1405 935 1548 966 Etrusco
1564 936 1698 977 hospite

970 974 1081 1016 [jussu
1110 976 1231 1016 Cinnoe)
1258 978 1472 1016 interficitur,
1496 983 1530 1009 et
1546 985 1646 1020 caput
1664 981 1699 1010 in

968 1021 1083 1050 rostris
1095 1021 1243 1060 ponitur.
1259 1031 1289 1050 v.
1306 1023 1404 1052 etiam
1427 1023 1460 1052 C.
1481 1023 1590 1054 Coesm·
1605 1023 1648 1054 L.
1659 1025 1698 1055 F.

984 1071 989 1079 “
1013 1064 1054 1093 L.
1077 1064 1205 1101 Julius,
1229 1064 1268 1094 L.
1293 1064 1327 1094 F.
1339 1063 1459 1105 frater
1472 1067 1698 1105 praecedentis.

968 1106 1064 1137 Font.
1093 1111 1141 1137 15.
1165 1106 1252 1137 bello
1274 1108 1389 1138 sociali
1413 1119 1490 1139 cum
1514 1110 1643 1151 collega
1663 1106 1698 1141 in

969 1150 1156 1180 Consulatu
1179 1151 1214 1181 P.
1237 1151 1365 1181 Rutilio
1387 1151 1483 1193 Lupo
1505 1155 1698 1193 praeficitur.

968 1195 1039 1232 ejus
1056 1194 1159 1234 legati
1175 1195 1231 1233 qui
1244 1194 1380 1225 fuerint.
1395 1206 1426 1225 v.
1441 1197 1584 1236 Appian.
1602 1198 1646 1229 B.
1663 1199 1697 1230 C.

969 1239 990 1267 l.
1004 1238 1025 1267 i.
1036 1247 1071 1277 p.
1082 1239 1156 1268 634.
1173 1239 1228 1268 uhi
1236 1247 1415 1278 perperam
1430 1239 1549 1271 Sextus
1565 1242 1699 1272 dieitur.

967 1281 1079 1312 Rabir.
1095 1285 1126 1315 7.
1142 1292 1172 1311 v.
1189 1282 1230 1312 L.
1251 1281 1369 1312 Coesar.

1013 1325 1055 1355 L.
1071 1325 1200 1362 Julius,
1216 1325 1255 1355 L.
1274 1325 1308 1355 F.
1332 1325 1389 1356 Or.
1407 1326 1455 1357 iii.
1472 1330 1503 1358 3.
1528 1338 1607 1359 cum
1629 1328 1698 1360 fra-

967 1371 1019 1399 tre
1037 1368 1074 1399 C.
1091 1368 1182 1398 Julio
1198 1369 1412 1400 interficitur.

1014 1412 1056 1442 L.
1086 1412 1215 1449 Julius,
1245 1412 1287 1442 ad
1315 1412 1392 1443 Div.
1423 1413 1492 1444 xiii.
1515 1415 1546 1445 6.
1567 1415 1701 1446 videtur

969 1455 1168 1495 publicanus
1184 1465 1254 1485 esse
1271 1456 1440 1487 societatis
1456 1457 1633 1490 Africanae.

1015 1499 1050 1529 S.
1073 1500 1202 1536 Julius,
1228 1499 1361 1529 Cornel.
1384 1500 1405 1529 i.
1425 1501 1549 1532 Consul
1566 1512 1643 1533 cum
1660 1502 1699 1533 L.

968 1541 1097 1572 Marcio
1120 1542 1284 1583 Philippo.
1308 1543 1408 1573 Dom.
1428 1547 1480 1575 53.
1497 1545 1578 1576 Her.
1597 1546 1631 1576 ii.
1650 1549 1698 1577 13.

970 1590 1093 1625 praetor
1123 1587 1272 1616 urbanus
1301 1585 1342 1615 T.
1374 1587 1560 1618 Flaminino
1592 1593 1626 1619 et
1656 1590 1698 1630 Ω.

970 1629 1109 1659 Metello
1134 1630 1225 1660 Coss.
1242 1629 1410 1669 judicium
1434 1632 1598 1670 mandati,
1621 1643 1700 1663 cnm

969 1672 1090 1703 herede
1106 1673 1189 1713 ejus,
1207 1674 1264 1712 qui
1281 1674 1470 1712 mandarat,
1486 1684 1553 1705 non
1570 1676 1690 1707 reddit.

1012 1716 1133 1754 Junia,
1158 1727 1238 1756 gens
1262 1717 1414 1756 patricia,
1438 1728 1479 1748 ez·
1493 1728 1560 1758 qua
1575 1720 1617 1751 L.
1633 1720 1694 1751 Ju-

969 1761 1046 1790 nius·
1074 1761 1224 1793 Brutus,·
1254 1760 1397 1800 plebeia,
1425 1771 1466 1791 ex:
1494 1773 1560 1802 qua
1582 1765 1708 1804 reliqu-2.

970 1803 1085 1835 Bruti.
1101 1814 1131 1834 v.
1147 1805 1182 1834 in
1198 1804 1240 1834 L.
1256 1804 1400 1834 Brutus.

1014 1847 1136 1886 Junia,
1149 1848 1190 1878 ad
1201 1848 1277 1878 Div.
1290 1858 1343 1878 xv.
1354 1850 1385 1878 8.
1402 1857 1487 1878 uxor
1503 1848 1540 1879 C.
1549 1848 1701 1880 Marcelli

971 1892 1086 1931 patris.

1013 1935 1195 1971 Junianus,
1212 1944 1242 1964 v.
1261 1934 1410 1965 Crassus.

1019 1978 1051 2008 C.
1065 1979 1204 2014 lunius,
1221 1978 1315 2008 Verr.
1331 1979 1352 2009 i.
1370 1979 1401 2009 6.
1421 1978 1554 2010 Cluent.
1571 1981 1624 2012 20.
1640 1980 1701 2011 διο.

965 2021 1070 2060 judex
1093 2021 1285 2060 quaestionis
1309 2032 1348 2051 ex
1371 2022 1532 2053 aedilitate
1548 2024 1583 2053 in
1600 2034 1701 2055 causa

972 2064 1120 2095 Cluentii
1130 2069 1248 2095 contra
1258 2065 1495 2105 Oppianicum,
1505 2077 1526 2096 a
1537 2076 1598 2106 quo
1607 2067 1701 2106 judi-

970 2109 1060 2139 cium
1080 2109 1100 2138 J
1105 2109 1268 2138 unianum
1284 2109 1418 2145 dicitur,
1435 2110 1520 2149 quod
1532 2114 1602 2140 tam
1617 2120 1700 2151 sa'pe

968 2153 1003 2182 iu
1034 2162 1073 2182 ea
1100 2153 1244 2182 oratione
1265 2156 1297 2182 et
1319 2153 1392 2183 aliis
1414 2158 1699 2193 commemoratur,

969 2192 1126 2237 cujusque
1140 2196 1266 2226 invidia
1276 2197 1388 2235 periit.

1018 2240 1052 2270 C.
1069 2240 1208 2277 danius,
1225 2239 1359 2270 Cluent.
1376 2242 1429 2274 49.
1446 2239 1547 2270 filius.

1013 2283 1056 2314 L.
1080 2283 1217 2320 danius,
1241 2283 1317 2313 Div.
1340 2283 1363 2313 i.
1382 2283 1431 2313 16.
1448 2283 1483 2314 ii.
1502 2287 1532 2315 8.
1548 2286 1601 2315 33.
1617 2283 1699 2316 Nat.

967 2325 1013 2357 D.
1034 2327 1068 2357 ii.
1085 2330 1116 2357 3.
1134 2325 1258 2356 Consul
1275 2336 1352 2356 cum
1368 2327 1404 2356 P.
1419 2326 1572 2365 Claudio,
1586 2328 1701 2367 negle-

969 2371 1031 2400 ctis
1045 2370 1200 2410 auspiciis
1213 2369 1351 2400 classem
1364 2370 1474 2410 perdit
1485 2374 1522 2400 et
1532 2371 1594 2401 sibi
1612 2381 1702 2402 mor-

967 2418 1038 2444 tem
1067 2413 1255 2444 consciscit.
1277 2422 1309 2444 a.
1337 2422 1406 2444 mv.
1429 2414 1476 2444 ad
1496 2424 1591 2454 quem
1612 2425 1645 2446 a.
1667 2425 1702 2446 v.

968 2457 1143 2496 Pighium.

1011 2501 1062 2531 M.
1086 2500 1225 2537 Junius,
1249 2499 1331 2539 Leg.
1355 2500 1401 2530 iii.
1425 2502 1478 2531 20.
1501 2501 1635 2541 scripsit
1657 2500 1703 2532 ad.

968 2548 1100 2585 patrem
1109 2543 1215 2574 Attici
1226 2543 1326 2573 libros
1338 2544 1377 2573 de
1393 2543 1572 2574 potestate.
1593 2544 1700 2575 Cicero

968 2589 1058 2625 dicit,
1072 2588 1131 2617 sibi
1146 2587 1397 2626 magistratibus
1414 2587 1487 2626 lege
1505 2588 1700 2618 constitutis

968 2631 1142 2662 dicendum
1171 2630 1211 2660 de
1243 2630 1427 2667 Potestate,
1452 2635 1528 2660 tum
1553 2630 1592 2660 de
1609 2632 1698 2670 jure.

968 2675 1013 2705 Id
1028 2685 1061 2705 se
1084 2675 1222 2704 breviter
1244 2675 1293 2704 ait
1302 2673 1497 2713 facturum,
1521 2683 1601 2704 nam
1618 2676 1700 2713 plu-

967 2719 1059 2749 ribus
1080 2718 1185 2748 verbis
1206 2718 1368 2758 scripsisse
1390 2717 1432 2747 ad
1449 2722 1580 2757 patrem
1594 2718 1700 2748 Attici

968 2762 1017 2792 M.
1040 2761 1181 2792 Junium
1197 2760 1364 2798 Sodalem,
1375 2762 1483 2800 perite
1497 2770 1553 2790 sno
1569 2762 1699 2800 quidem

959 2803 1101 2846 judicio,
1114 2809 1144 2835 et
1155 2804 1341 2843 diligenter.
1359 2804 1403 2834 At
1415 2804 1538 2843 dejure
1555 2804 1699 2845 (naturae

969 2849 1085 2879 addita
1112 2857 1174 2878 vox
1196 2848 1277 2878 mihi
1302 2851 1449 2887 suspecta
1472 2851 1530 2884 est,
1552 2851 1591 2877 uc
1613 2852 1699 2878 totus

969 2893 1011 2924 ab
1035 2893 1091 2923 hoc
1112 2891 1240 2933 quidem
1262 2891 1356 2922 verbo
1379 2888 1479 2930 lomes),
1497 2901 1532 2922 se
1549 2891 1697 2931 cogitare
