1804 3178
649 114 794 143 INDEX
826 116 960 144 Larix
967 117 1120 147 irari&

121 203 277 240 trientes,
293 205 324 235 2.
341 204 505 241 semisses,
523 212 629 234 unum
648 203 856 242 dextantem,

122 255 229 278 unum
246 247 457 285 dodrantem,
473 256 578 277 unuin
593 247 733 284 bessem,
747 257 852 277 unum

122 295 336 330 neptum-em,
360 290 442 321 duos
465 291 682 330 quincunces.
728 291 778 320 De
794 301 855 320 un·

122 334 184 364 cic
203 335 354 374 partibus
369 344 399 364 ν.
427 334 460 364 in
487 333 603 364 Uncia.
631 334 670 363 (le
698 333 855 364 distribu-

119 377 215 408 tione
231 378 311 408 assis
327 387 357 408 v.
374 376 547 408 Volusium
576 377 778 408 Maecianum
802 387 854 417 ap.

121 419 265 452 Gronov.
290 421 330 452 de
360 420 433 451 Pec.
459 426 526 450 vet.
550 430 582 460 p.
609 423 683 454 395.
722 420 854 451 Assiuni

122 464 252 503 pondus
265 465 392 495 varium
403 464 479 493 fuit.
491 464 581 494 Olim
599 463 731 494 librales
744 471 854 503 erant,

123 507 160 537 in
171 517 253 547 quos
270 507 360 538 cadit
375 507 528 537 delinitio
544 517 643 548 supra
660 508 776 548 posita.
793 507 855 538 hu-

116 549 267 589 jusmodi
283 561 385 581 assem
409 551 563 581 exhibere
583 562 617 582 se
636 557 733 591 putat
750 552 854 592 Span—

123 592 213 624 hem.
227 594 267 624 de
282 594 353 626 Usu
368 600 402 624 et
415 594 466 625 Pr.
485 595 588 625 Num.
605 596 692 626 Diss.
710 596 730 624 i.
748 605 778 634 p.
800 597 853 626 ⁶22.

121 635 209 667 Beui
226 637 343 668 Punici
362 637 388 668 1.
407 639 627 679 temporibus,
650 644 763 668 autem
781 648 854 678 pro-

126 686 204 720 pter
217 682 393 721 penuriam
415 683 577 721 pecuniae,
595 682 675 712 sacti
688 688 766 712 sunt
783 692 855 712 sex—

121 725 275 762 tantarii,
291 724 324 755 h.
341 736 370 755 e.
388 726 444 764 qui
461 731 649 756 sextantem
667 726 745 755 assis
758 725 855 755 libra-

120 765 162 797 lis
176 776 362 808 aequarent.
379 768 472 800 Bello
490 769 617 799 Punico
636 768 679 798 11.
693 769 855 805 unciales,

125 814 162 841 et
181 818 271 851 post,
300 811 372 852 lege
398 812 527 852 Papiria
549 811 796 850 semiunciales,
820 820 857 842 ut

124 860 280 893 quartam
297 863 333 886 et
355 856 546 886 vicesimam
577 855 701 885 libralis
728 863 856 895 partem

124 904 310 936 aequarent.
337 909 367 928 v.
390 899 475 929 Plin.
505 899 616 929 xxxiii.
646 902 676 929 3.
711 899 804 929 Asses
820 899 858 929 li-

125 941 234 973 brales
258 942 497 982 intelliguntur
520 943 594 972 aeris
621 943 728 981 gravis
752 943 858 973 nomi-

125 993 179 1015 ne.
196 995 226 1015 v.
244 986 395 1016 Perizon.
412 985 452 1016 de
468 986 546 1016 AEre
565 986 655 1025 gravi
670 996 701 1026 p.
720 988 772 1017 ⁶25.
789 997 858 1026 sqq.

123 1028 294 1069 Quoniam
320 1035 434 1060 autem
461 1030 718 1059 commoditates
737 1030 858 1060 multas

124 1071 227 1102 habet
243 1073 278 1103 in
304 1073 614 1113 computationibus
632 1074 735 1103 totius
757 1074 791 1103 in
812 1076 859 1104 1‘2.

123 1120 236 1156 partes
265 1115 470 1154 distributio,
498 1117 601 1146 etiam
633 1116 705 1147 aliae
740 1127 790 1147 res
819 1117 859 1146 ad

123 1160 206 1190 assis
219 1159 357 1190 modum
375 1160 562 1190 distributae
579 1167 657 1190 sunt
674 1172 683 1197 3
709 1160 860 1200 inprimis

125 1201 341 1234 hereditates.
369 1214 399 1233 v.
427 1203 549 1234 ezr-cin.
574 1205 605 1235 6.
630 1204 671 1233 ad
694 1204 769 1234 Div.
794 1204 860 1234 xiii.

125 1248 179 1280 29.
205 1245 286 1277 Haec
305 1248 453 1278 tironum
470 1257 570 1277 causa
595 1247 634 1277 de
657 1257 726 1278 asse
741 1247 861 1277 addere

125 1289 266 1330 placuit.

170 1334 329 1364 Ascensio.
345 1333 442 1364 Brut.
462 1334 514 1364 36.
544 1344 685 1373 qnorum
701 1344 775 1373 quae
791 1334 863 1364 fue-

126 1377 173 1407 rit
199 1378 352 1413 ascensiae),
383 1377 415 1407 h.
443 1387 473 1407 e.
499 1378 618 1416 quibus
643 1377 798 1417 gradibus
829 1383 862 1408 et

131 1420 299 1460 quomodo
315 1420 356 1450 ad
373 1420 611 1460 perfectionem
638 1422 863 1462 pervenerint.

171 1464 311 1501 Asciseo,
328 1473 458 1503 arrog0‚
486 1465 543 1494 Or.
561 1465 582 1494 i.
604 1468 653 1499 19.
688 1468 707 1487 ²*
722 1465 792 1495 Fin.
817 1466 862 1495 iii.

129 1509 160 1538 5.
178 1515 290 1538 rerum
307 1507 699 1548 cognitiones—propter
717 1519 751 1538 se
768 1511 863 1539 ascis-

127 1551 246 1582 cendas
278 1551 491 1581 arbitramur.
525 1551 603 1582 ibid.
630 1561 703 1591 quae
736 1557 864 1583 naturae

126 1594 237 1636 primo
260 1595 363 1625 ascita
385 1600 478 1625 sunt.
505 1595 585 1626 ibid.
608 1606 638 1626 v.
664 1599 695 1630 7.
717 1596 864 1636 primum

127 1639 267 1669 ascitum
312 1644 364 1668 est
411 1638 609 1669 vocabulum
647 1639 864 1680 philosophiae

128 1682 264 1719 Stoicae,
280 1691 346 1721 quo
364 1681 480 1712 Cicero
506 1683 616 1713 utitur
638 1682 677 1712 de
694 1683 790 1713 rebus
813 1684 865 1721 iis,

132 1735 208 1765 quae
225 1732 262 1755 et
277 1726 386 1765 prima
409 1732 552 1763 naturae,
579 1726 744 1766 principia
768 1732 865 1757 natu-

129 1778 189 1806 rae,
204 1768 454 1799 commendatio
469 1770 578 1809 prima
590 1777 731 1806 namne,
748 1770 865 1801 dicun-

129 1817 203 1850 tur,
220 1812 255 1843 h.
271 1822 301 1843 e.
326 1812 366 1842 de
389 1813 442 1850 iis,
459 1822 539 1852 quas
554 1812 655 1843 homo
679 1814 815 1853 primas,
831 1819 866 1844 et

133 1861 258 1887 natura
273 1857 404 1896 appetit
418 1861 453 1886 et
467 1856 590 1896 diligit.

174 1899 308 1930 Asinus.
324 1899 395 1931 Att.
412 1900 454 1930 iv.
469 1903 499 1931 5.
520 1910 573 1930 me
588 1900 719 1930 asinum
736 1909 866 1940 germa-

131 1952 214 1973 num
242 1942 363 1973 fuisse:
395 1943 418 1974 i.
443 1953 473 1974 e.
495 1943 682 1983 stupidum,
708 1945 764 1983 qui
791 1954 865 1983 quae

132 1986 281 2024 suasisti,
298 1995 365 2016 non
381 1986 459 2025 feci,
475 1995 537 2017 nec
554 1986 714 2018 salutaria
728 1997 798 2018 esse
815 1988 865 2018 in-

132 2028 261 2060 tellexi.

175 2073 302 2105 Asotus.
327 2071 399 2103 Fin.
416 2073 450 2103 ii.
463 2076 493 2104 8.
518 2072 622 2104 nolim
640 2073 722 2104 mihi
740 2073 866 2112 fingere

132 2121 248 2155 asotos,
275 2119 316 2146 ut
339 2116 466 2154 soletis,
489 2117 546 2156 qui
572 2118 606 2147 in
635 2126 785 2147 mensam
813 2126 867 2146 vo-

131 2166 240 2198 mant,
264 2164 302 2190 et
327 2159 382 2199 qui
408 2160 448 2190 de
472 2161 629 2190 conviviis
655 2160 864 2197 auferantur,

132 2203 294 2244 crudique
306 2212 341 2234 se
349 2213 462 2236 rursus
478 2203 638 2244 postridie
655 2204 868 2243 ingurgitent

136 2247 198 2278 &c.

176 2290 344 2330 Asperitas
374 2289 556 2329 judicialis.
584 2290 625 2321 de
659 2290 716 2321 Or.
750 2291 784 2320 ii.
819 2293 866 2321 15.

132 2334 285 2365 cernitur
295 2334 329 2364 in
338 2334 471 2371 πάθω,
481 2334 726 2364 sententiarum
743 2333 866 2364 aculeis

133 2382 171 2408 et
183 2379 277 2408 omni
303 2376 361 2408 illa
375 2378 606 2417 contentione,
622 2387 697 2418 quae
713 2376 868 2418 judiciali

136 2420 338 2461 eloquentiae
354 2422 488 2462 propria
502 2425 562 2452 est.

176 2465 349 2506 Asperrwr.
383 2464 479 2495 Rosc.
503 2465 577 2495 Am.
600 2467 653 2495 53.
679 2463 766 2495 hanc
793 2473 867 2504 pro-

135 2508 355 2549 scriptionem
370 2508 433 2538 nisi
449 2508 510 2539 hoc
520 2508 649 2548 judicio
659 2517 679 2538 a
689 2507 779 2538 vobis
792 2507 868 2546 reji-

135 2552 212 2582 citis
229 2556 264 2582 et
287 2553 523 2592 aspernamini.
548 2551 682 2582 Cluent.
699 2551 752 2582 62.
778 2550 868 2581 Deos

137 2604 205 2625 —a
213 2595 281 2626 suis
298 2595 362 2626 aris
379 2600 563 2636 aspernatos
582 2604 663 2626 esse.
681 2593 755 2625 add.
770 2593 813 2625 ad
827 2591 867 2633 Ω.

136 2637 270 2669 Fr.i.1.
290 2641 340 2670 ll.
363 2639 401 2669 it.
420 2638 490 2670 l'in.
507 2640 529 2670 i.
551 2642 599 2671 15.

176 2681 319 2713 Αεσεσῑα.
354 2682 490 2713 Cluent.
521 2683 574 2715 63.
597 2682 718 2713 assecla
745 2680 870 2712 dicitur

136 2733 253 2757 nervus
275 2725 452 2757 Stratonis.
483 2725 536 2756 Sic
562 2726 654 2757 Verr.
676 2725 698 2755 i.
723 2726 777 2755 25.
801 2723 870 2755 Ru-

136 2767 229 2799 brius
252 2778 362 2800 comes
393 2774 429 2800 et
455 2770 609 2801 minister
637 2769 671 2800 in
700 2767 870 2809 provincia

135 2810 249 2842 Verris
286 2811 402 2852 legati,
440 2812 566 2844 dicitur
598 2812 699 2853 legati
736 2811 868 2842 assecla.

137 2852 238 2886 *Ate
252 2855 296 2886 vi.
319 2858 350 2887 3.
374 2857 428 2896 qui
453 2857 764 2897 potentissimorum
790 2863 870 2884 con-

136 2897 296 2931 tumelias
319 2908 389 2931 non
411 2899 490 2940 tuli,
515 2899 638 2932 ferrem
663 2898 764 2939 hujus
785 2907 870 2929 asse-

1549 113 1624 150 195

901 206 968 234 clau
993 208 1010 226 ⁸
1026 206 1057 235 in
1071 205 1204 237 Sallust.
1217 210 1247 238 8.
1268 208 1417 238 omnium
1431 219 1619 242 mensarum

898 250 1031 284 “⁸⁸801‘1»
1062 250 1082 278 i.
1113 260 1142 278 e.
1174 251 1345 290 parasitus.
1391 253 1473 282 Sunt
1504 260 1616 285 autem

898 300 949 330 ap.
977 291 1045 321 Cic.
1069 295 1194 322 assecta·
1216 303 1345 333 seniper
1368 294 1488 325 vilioris
1520 307 1617 332 gene-

899 334 960 371 ris;
985 336 1256 372 assectator-ossae
1274 337 1390 375 quibus
1406 339 1533 375 statim,
1551 350 1615 369 non

898 378 991 407 item.
1016 378 1341 409 Seddiciturtanwn
1366 390 1417 419 ap.
1445 381 1526 421 Nep.
1549 382 1618 414 Att.

897 424 927 455 7.
955 420 1096 459 legatus,
1113 422 1262 461 praetoris
1283 426 1412 453 assecla.

940 465 1102 495 Assa-lari
1126 464 1295 501 dit-untur,
1313 467 1367 504 qni
1398 466 1540 505 aliquem
1566 467 1623 497 ho·

897 508 984 538 noris
1002 516 1036 538 et
1053 509 1169 548 gratiae
1193 519 1293 538 causa
1317 509 1349 538 in
1373 510 1520 547 coniitia,
1539 511 1623 540 curi-

897 561 963 587 am,
981 551 1103 587 forum,
1128 551 1330 591 domumque
1351 552 1530 582 drducunt.
1569 555 1621 583 Sic

896 595 951 624 Or.
967 595 987 624 i.
1006 598 1056 626 56.
1082 595 1204 625 dicitur
1228 597 1295 624 Ser.
1314 595 1418 625 Galba
1441 595 1621 626 consularis

902 638 936 668 P.
955 639 1110 668 Crassum
1134 638 1327 668 a’dilitatein
1347 644 1515 679 petentem
1542 650 1625 669 asse-

895 686 1002 712 ctatus
1029 692 1112 718 csse,
1135 681 1222 720 quod
1247 683 1354 712 Crassi
1377 682 1479 713 filiam
1505 683 1540 712 C.
1558 682 1624 713 filio

896 734 955 755 suo
969 725 1210 764 ‹loq-oudisst-t.

942 769 1134 805 Asseeeatm·‚
1165 768 1220 807 qui
1247 773 1437 800 assectatur.
1470 769 1563 799 Verr.
1593 770 1626 799 ii.

902 815 951 842 ll.
968 812 1112 842 Africani
1137 818 1229 842 vetus
1251 818 1430 843 assectator.
1463 812 1555 843 Balb.
1573 813 1626 846 27.

899 865 974 885 cuin
997 856 1134 886 ducibus
1163 856 1252 895 ipsis,
1271 866 1335 886 non
1359 866 1434 886 cuin
1461 856 1625 886 comitatu

899 901 1204 938 assectatoribus-que
1217 900 1407 939 confligant.
1422 899 1519 929 Petit.
1529 899 1628 929 cons.

900 947 930 977 9.
954 943 1085 972 assidua
1108 947 1335 973 ascen-ratarum
1366 943 1469 982 copia.
1487 942 1519 972 h.
1537 941 1558 972 l.
1575 942 1625 972 di-

900 986 1121 1024 stinguuntur
1138 986 1223 1016 clare
1237 996 1256 1015 a
1271 986 1507 1016 salutatoribus
1523 990 1555 1016 et
1573 985 1629 1015 de-

901 1029 1109 1060 ductoribus:
1135 1039 1336 1068 quamquain
1364 1035 1396 1059 et
1430 1029 1546 1059 horum
1574 1038 1627 1059 as-

900 1075 1028 1103 sectatio
1040 1073 1174 1109 dieitur,
1189 1072 1266 1103 ibid.
1312 1072 1375 1103 Eos
1392 1078 1504 1103 autem
1518 1072 1631 1102 distri-

902 1116 974 1146 buit
992 1117 1024 1146 in
1051 1116 1268 1153 voluntarios,
1291 1123 1325 1146 et
1349 1125 1416 1154 eos,
1433 1116 1488 1156 qui
1515 1115 1548 1146 id
1574 1115 1631 1146 de-

903 1160 994 1189 bent.

946 1203 1132 1239 Assa-tatio,
1159 1212 1259 1242 opera
1282 1202 1472 1233 assa-tamti.
1498 1201 1631 1231 Muren.

903 1248 955 1276 34.
990 1251 1109 1276 tenues
1150 1246 1301 1275 homines
1332 1245 1456 1275 habent
1483 1244 1568 1274 hanc
1598 1244 1632 1274 iu

907 1290 1028 1319 nostris
1047 1289 1264 1329 petitionibus
1281 1299 1414 1328 operam
1432 1294 1532 1327 atque
1550 1298 1634 1318 asse-

903 1334 1085 1363 ctationem.
1098 1343 1137 1362 ex
1156 1342 1220 1371 quo
1237 1332 1308 1362 loco
1323 1331 1458 1371 colligas
1468 1332 1634 1361 assectati-

903 1387 993 1407 onem
1010 1375 1050 1406 de
1066 1376 1224 1406 tenuibus
1242 1376 1443 1412 hominibus,
1456 1374 1634 1405 clientibus

905 1420 970 1450 dici
986 1425 1134 1457 tantuin,
1148 1420 1203 1458 qui
1217 1425 1250 1449 et
1266 1419 1325 1450 soli
1339 1418 1427 1459 apud
1438 1419 1634 1449 Ciceronem

905 1468 1109 1494 assectatores
1125 1463 1293 1493 dicuntur.
1346 1462 1409 1492 Sed
1427 1467 1465 1491 ut
1481 1459 1635 1501 generale

906 1513 957 1537 est
973 1507 1143 1542 assectari,
1161 1516 1268 1545 neque
1283 1506 1323 1536 de
1339 1506 1496 1535 tenuibus
1513 1504 1636 1541 solum,

907 1550 965 1580 sed
985 1550 1190 1590 principibus
1219 1550 1321 1579 etiam
1356 1549 1478 1579 dicitur
1513 1549 1557 1588 (v.
1586 1557 1639 1578 as-

905 1595 1058 1632 sectariJ:
1097 1594 1144 1623 sic
1168 1594 1334 1623 assectaeio
1362 1592 1464 1622 etiam
1503 1590 1637 1630 utrique

907 1638 1021 1677 generi
1055 1637 1244 1667 communis
1284 1641 1345 1666 est.
1404 1634 1514 1665 Testis
1545 1633 1638 1664 locus

907 1681 1063 1711 classicus
1081 1680 1120 1710 de
1139 1680 1240 1710 Petit.
1257 1678 1392 1710 Consul.
1419 1683 1450 1712 9.
1497 1677 1541 1708 Et
1557 1687 1640 1715 quo·

908 1725 998 1755 niam
1023 1724 1239 1755 assertationis
1255 1723 1382 1752 mentio
1401 1720 1492 1752 facta
1515 1724 1579 1756 est,
1605 1719 1638 1750 id

907 1777 1036 1807 quoque
1064 1766 1250 1797 curandum
1285 1772 1348 1804 est,
1374 1770 1413 1794 ut
1443 1763 1637 1803 quotidiana

908 1811 1068 1850 cujusque
1093 1810 1235 1850 generis,
1259 1816 1293 1839 et
1317 1808 1442 1839 ordinis
1465 1812 1499 1837 et
1525 1807 1634 1837 aetatis

906 1860 1002 1884 utare
1020 1857 1079 1884 ὄις.
1105 1853 1213 1891 Hujus
1239 1858 1351 1882 autem
1377 1852 1422 1881 rei
1439 1856 1506 1881 tres
1527 1855 1638 1889 partes

907 1904 985 1928 sunt
1001 1910 1006 1927 :
1033 1907 1100 1928 una
1115 1896 1352 1932 salutatorum,
1364 1894 1468 1925 altera
1479 1893 1639 1923 deducto-

908 1951 996 1979 rum,
1010 1941 1112 1971 tertia
1127 1944 1356 1971 assectator-nm
1373 1938 1433 1968 &c.
1469 1937 1637 1976 Quorsum

908 1993 1021 2014 autem
1061 1984 1112 2014 hae
1149 1984 1371 2014 asset-tationes
1399 1981 1637 2021 pertinuerint,

908 2028 1028 2058 ibidem
1047 2028 1185 2057 docetur
1211 2026 1261 2056 his
1283 2025 1408 2055 verbis:
1434 2023 1521 2053 Nam
1539 2032 1578 2052 ex
1595 2031 1636 2053 ea

908 2073 979 2112 ipsa
1016 2072 1110 2111 copia
1153 2070 1346 2108 coniectura
1387 2067 1457 2097 fieri
1496 2066 1634 2105 poterit,

908 2120 1070 2154 quantum
1095 2114 1138 2144 sis
1154 2114 1189 2143 in
1213 2113 1283 2152 ipso
1308 2120 1426 2151 campo
1448 2109 1569 2139 virium
1601 2115 1636 2139 et

907 2158 1078 2189 facultatis
1094 2157 1278 2187 habiturus.

952 2203 1123 2233 Assentior.
1147 2199 1189 2230 ad
1205 2199 1281 2229 Div.
1297 2198 1318 2228 i.
1334 2200 1365 2231 9.
1381 2196 1531 2226 assentiri
1546 2199 1634 2224 tem-

910 2246 1055 2286 poribus,
1073 2254 1131 2285 pro
1148 2242 1315 2273 inservire.
1353 2243 1372 2261 *³
1389 2249 1518 2270 assensa
1534 2237 1635 2268 Acad.

910 2290 951 2319 iv.
970 2292 1022 2320 31.
1048 2289 1069 2318 i.
1087 2299 1115 2317 e.
1131 2296 1189 2326 pro
1206 2285 1305 2315 certis
1321 2282 1436 2313 habita
1463 2287 1497 2312 et
1522 2290 1636 2321 perce·

910 2333 986 2373 ptis.
1011 2334 1029 2353 ‘
1047 2330 1088 2361 ad
1110 2330 1186 2362 Div.
1199 2329 1239 2359 iv.
1257 2331 1287 2359 4.
1302 2326 1334 2358 id
1350 2327 1411 2357 tibi
1429 2324 1521 2356 nullo
1538 2323 1636 2355 modo

909 2377 1071 2407 assentior.

952 2419 1085 2459 Asseqai
1111 2415 1237 2456 passive
1265 2417 1317 2444 est
1341 2411 1436 2443 Verr.
1453 2412 1486 2442 ii.
1503 2413 1556 2446 73.
1574 2409 1639 2441 nisi

909 2463 1029 2494 vitiosa
1044 2465 1095 2491 est
1112 2459 1221 2489 lectio.

953 2506 1112 2537 Asserere.
1148 2501 1253 2532 flacc.
1288 2503 1337 2534 17.
1368 2498 1455 2529 Cum
1478 2497 1513 2527 in
1537 2503 1638 2527 causa

909 2548 1049 2585 liberali,
1065 2556 1141 2577 eum
1159 2546 1214 2585 qui
1229 2543 1445 2578 asserebatur,
1455 2544 1636 2579 cognatum

910 2603 1007 2624 suum
1025 2600 1095 2621 esse
1111 2589 1247 2619 diceret.
1263 2587 1413 2618 Amr-ere
1428 2585 1462 2614 in
1474 2584 1545 2613 soro
1557 2582 1637 2612 dici·

909 2641 967 2667 tur
981 2639 1015 2665 et
1030 2635 1069 2672 is,
1082 2633 1137 2673 qui
1151 2642 1241 2668 eum,
1256 2639 1354 2670 quem
1367 2628 1440 2667 quis
1460 2626 1535 2664 sibi,
1551 2631 1638 2655 tam-

910 2688 1008 2719 quam
1026 2687 1123 2708 suum
1147 2684 1293 2712 servum,
1319 2671 1480 2708 vindicat,
1495 2669 1636 2700 liberum

910 2731 980 2753 esse
998 2724 1155 2756 testatur,
1164 2724 1199 2749 et
1215 2718 1256 2748 ab
1271 2727 1322 2752 eo,
1333 2715 1388 2755 qui
1405 2713 1563 2749 vindicat,
1581 2710 1639 2741 de·

909 2765 1038 2802 fendit3
1062 2768 1110 2800 et,
1127 2762 1183 2802 qui
1206 2762 1240 2791 in
1263 2761 1458 2791 servitutem
1481 2755 1639 2786 vindicat.

910 2808 1093 2847 Utriusque
1119 2812 1169 2836 est
1192 2805 1334 2840 assertio,
1355 2806 1390 2832 et
1411 2799 1575 2835 vindiciae,
1599 2804 1637 2827 u-

910 2852 1063 2891 triusque
1081 2859 1222 2882 asserere
1244 2852 1279 2878 et
1302 2845 1480 2880 vindicare,
1497 2847 1636 2879 uterque

911 2899 1050 2928 assertor
1061 2906 1072 2924 .·
1101 2892 1161 2924 sed
1182 2892 1268 2924 alter
1282 2890 1317 2923 in
1334 2888 1542 2923 servitutem,
1557 2883 1641 2915 alter

957 2939 1015 2972 ⁰2
