1804 3178
621 76 765 107 :snex
796 61 1102 109 mmmm-mis.

95 168 227 199 untur.
251 167 271 187 θ
285 167 365 199 Nat.
382 167 426 200 D.
446 166 480 199 ii.
492 169 546 200 40.
567 176 685 198 cursus
700 167 833 198 ordina-

95 215 148 241 tos
162 210 335 251 definiunt.
351 213 370 230 ⁸
391 212 465 243 Div.
482 211 516 241 ii.
531 214 562 245 7.
579 221 618 241 ex
630 212 722 243 omni
732 218 829 242 mter-

97 253 206 284 nitate
221 255 357 295 definita
372 260 450 286 sunt
467 253 628 285 fataliter.

143 297 300 338 Desinite,
316 299 350 330 in
365 298 489 339 specie,
504 298 714 328 nominatim.
729 298 824 328 Orat.

95 339 130 370 ii.
147 342 200 375 27.
217 342 258 372 de
281 351 401 381 genere
424 341 591 378 universo,
618 341 667 371 vol
697 342 826 381 definite

91 383 132 413 dc
148 384 290 425 singulis
306 385 494 415 hominibus
507 384 566 414 διε.
582 384 675 415 Ball).
689 388 736 415 14.
755 386 824 416 Lex

97 426 206 458 Gellia
228 435 263 459 et
293 427 459 464 Cornelia,
481 437 554 467 quae
577 429 706 469 definite
731 435 825 468 potar-

94 475 218 502 statem
236 471 393 512 Pompeio
410 472 581 502 civitatem
599 472 741 503 donandi
767 472 823 502 de·

92 513 200 546 derat.

134 555 291 598 Definitio
305 561 497 598 temporum
523 564 624 597 atquo
646 559 820 589 hominnm

93 599 169 631 niv.
199 601 234 632 ii.
262 603 314 632 54.
337 608 387 632 est
411 602 580 641 adjunctio
603 603 821 632 cin-‹mmstan-

89 643 229 681 tiamm,
252 653 333 683 quas
364 650 485 675 vocant
515 647 624 685 vulgo,
658 646 818 685 temporis

89 689 191 727 atqtie
214 687 372 725 hominis,
394 698 494 728 quam
520 693 555 719 et
589 689 819 719 determinati-

87 739 188 761 onem
204 730 385 771 appellant.
418 733 437 750 *
452 733 516 763 off.
533 733 580 762 iii.
607 735 655 762 15.
678 733 819 769 definitio

93 772 286 813 Aquilliana
307 775 373 805 doli
397 775 489 813 mali,
512 782 563 806 est
594 775 650 805 ina
683 776 817 814 quidem

89 816 292 848 Dialectica:
318 828 395 849 cum
419 818 509 849 aliud
534 823 586 849 cst
610 819 819 857 simulatum,

87 860 180 891 aliud
208 867 335 892 actum.
380 862 445 892 Sed
473 862 671 902 definitiones
704 862 818 902 Aquil-

90 902 188 935 lianae
203 905 304 935 etiam
320 905 645 944 dicuntur-juridice,
662 906 818 936 determi-

87 948 242 978 nationes
257 957 410 986 casuum‚
426 949 461 979 in
487 949 605 988 quibus
621 950 743 979 inesset
759 949 816 979 do-

87 990 139 1021 lus
155 990 274 1022 malus.
299 992 319 1010 *
335 991 469 1022 Cluent.
487 995 518 1023 2.
540 993 815 1033 affinitio-judiei-

88 1043 184 1064 orum
201 1043 372 1074 aequorum
390 1036 588 1073 retineatur,
600 1046 673 1075 quae
691 1037 784 1066 nobis
797 1046 817 1066 a

88 1077 271 1117 majoribus
287 1078 414 1109 tradita
428 1085 490 1110 cst.
503 1080 524 1110 i.
540 1090 568 1110 e.
583 1080 799 1120 praescriptio.

131 1120 309 1161 Definitus.
331 1122 415 1163 Top.
433 1125 484 1154 521.
515 1124 737 1162 qua-stimuum
762 1132 818 1162 ge-

86 1173 150 1198 nus
165 1164 355 1206 definitum:
370 1166 551 1206 opponitur
568 1167 719 1197 infinito:
738 1166 818 1197 alias

88 1207 215 1239 dicitur
235 1209 382 1240 finitum.
404 1210 458 1240 Sic
475 1211 556 1240 etin
576 1212 632 1241 Or.
648 1216 682 1240 et
699 1211 817 1241 Partit-

84 1252 242 1285 occurrit.

88 1302 91 1306 ·
129 1294 360 1336 Βςίὶαςταιυε.
381 1295 482 1328 Tusc.
495 1297 540 1328 iii.
559 1300 607 1331 19.
630 1295 817 1336 deflagrata

83 1338 174 1371 sana.
198 1338 297 1370 Catil.
314 1341 356 1371 iv.
376 1342 409 1371 4.
431 1340 656 1381 dqflagratum
682 1341 817 1381 imperi-

86 1391 156 1414 um.

127 1424 321 1466 Deflectere.
344 1424 468 1457 Caecin.
489 1430 536 1458 18.
561 1437 630 1457 rem
655 1427 696 1458 ad
717 1427 818 1457 verba

84 1468 275 1509 deflectere:
300 1469 321 1499 i.
334 1479 363 1498 e.
390 1480 458 1500 rem
488 1471 653 1501 aestimare
675 1474 709 1501 et
725 1471 817 1508 judi-

84 1521 160 1544 care
176 1523 194 1543 e
209 1513 319 1543 verbo.
347 1512 438 1544 Mur.
455 1516 507 1545 2⁶2.
529 1513 696 1554 deflectere
716 1524 750 1544 sc
774 1514 814 1544 de

86 1556 266 1591 curriculo.

128 1599 260 1640 Defluo.
284 1599 327 1630 ad
351 1599 427 1630 Div.
445 1600 488 1630 ix.
511 1601 564 1631 ⁶20.
585 1600 643 1631 ubi
659 1601 817 1632 salutatio

82 1641 239 1683 (Ιςίίαπὶιε
265 1643 286 1673 1.
301 1653 331 1674 e.
346 1643 439 1673 abiit.
462 1644 553 1674 Sext.
571 1646 622 1675 323.
641 1654 680 1674 ex
697 1654 817 1675 novem

83 1686 228 1717 tribunis
244 1695 331 1717 unus
346 1685 483 1726 deflerit
495 1699 504 1716 :
529 1688 671 1718 mutavit
682 1693 818 1718 senten-

82 1730 181 1768 tiam,
219 1740 240 1760 a
283 1730 432 1769 meisque
473 1731 622 1770 partibus
663 1731 817 1762 decessit.

85 1772 198 1804 *LaeL
217 1773 267 1804 16.
289 1772 431 1813 defluere
446 1774 480 1804 in
498 1780 621 1804 terram
643 1774 816 1812 dicuntur,

83 1826 159 1856 quae
183 1821 336 1858 pereunt.
359 1816 488 1847 *Tusa
506 1818 527 1847 i.
543 1819 596 1848 ⁶25.
621 1828 640 1848 a
665 1827 815 1848 necessa-

83 1861 141 1891 riis
157 1860 307 1891 artificiis
323 1860 365 1891 ad
383 1860 590 1900 elegantiora
605 1860 813 1901 defluximus.

82 1903 106 1934 i.
133 1912 164 1936 e.
189 1905 412 1944 pervenimus.
435 1904 616 1935 *MarcelL
643 1909 673 1936 8.
701 1905 815 1935 omnia

82 1956 159 1986 quae
189 1946 317 1987 dilapsa
344 1946 564 1987 defluxewmt.
588 1947 692 1979 Codd.
717 1948 813 1979 MSS.

83 1989 219 2030 quidam
232 1990 463 2029 diffluxerunt,
476 1991 564 2030 quod
580 1991 700 2022 melius
712 1997 794 2032 puto
802 2003 814 2031 ;

83 2036 215 2075 partem
253 2038 391 2074 propter
424 2034 616 2074 praecedens
663 2034 812 2075 dilapsa:

82 2082 216 2118 partem
233 2078 313 2117 quia
333 2078 486 2116 sequitur
514 2077 692 2109 vincienda
713 2083 813 2108 sunt:

83 2121 200 2158 etiarn,
217 2121 245 2151 si
276 2121 497 2151 concedamus
525 2121 640 2151 Cortio
666 2121 709 2153 ad
735 2121 814 2153 Sall.

83 2163 163 2204 δας.
185 2167 212 2194 l.
225 2163 367 2205 defluere
381 2164 446 2194 dici
461 2174 520 2204 pro
532 2165 650 2204 perire.

126 2206 294 2247 Dfformo.
327 2208 406 2238 Coel.
434 2211 465 2240 ⁶2.
501 2217 575 2247 quae
608 2211 817 2239 accusatores

84 2249 186 2292 hujus
216 2250 420 2292 deformandi
448 2260 547 2281 causa
573 2250 750 2282 dixerunt:
775 2256 817 2282 ut

83 2303 163 2329 eum
179 2294 357 2335 deformem
370 2299 404 2325 et
426 2299 561 2334 turpem
574 2304 644 2325 esse
661 2294 817 2326 ostende-

84 2342 174 2368 rent.
192 2337 236 2368 cf.
250 2337 332 2369 Har.
348 2339 389 2369 R.
407 2339 459 2369 24.
482 2338 501 2357 ⁴*
517 2338 640 2369 Caecin.
659 2341 688 2369 5.
712 2348 813 2378 quem

83 2390 187 2422 supra
211 2380 412 2422 deformavi.-
454 2381 487 2413 h.
513 2391 542 2412 e.
573 2381 742 2423 descripsi.
772 2381 816 2413 cf.

83 2424 168 2456 Har.
184 2424 224 2455 R.
241 2435 269 2456 c.
286 2426 338 2456 26.
355 2435 384 2454 v.
399 2424 506 2455 Graev.

127 2467 343 2509 Deli-ingere.
367 2468 461 2499 Orat.
489 2468 536 2498 iii.
565 2469 618 2499 28.
641 2467 816 2499 surculum

82 2509 274 2552 defringere
286 2524 296 2542 .·
321 2511 353 2542 h.
369 2522 399 2544 e,
416 2511 566 2543 mutuari
583 2511 710 2551 aliquid
725 2521 766 2543 ex
781 2521 816 2542 a·

82 2553 130 2585 lia
143 2555 330 2596 disciplina.

129 2597 322 2638 quungor,
346 2599 518 2639 eleganter
540 2596 663 2627 dicitur
692 2597 732 2628 de
762 2607 816 2636 eo,

84 2641 143 2680 qui
167 2641 230 2672 levi
254 2642 366 2682 aliqua
382 2644 518 2682 jactura
541 2646 599 2670 aut
623 2639 711 2670 malo
735 2640 816 2670 libe—

86 2688 184 2726 ratur
206 2685 337 2724 majori,
360 2691 421 2716 aut
443 2685 505 2715 levi
537 2684 647 2714 labore
670 2684 815 2723 perficit,

84 2731 125 2758 ut
147 2727 271 2767 majore
309 2729 463 2760 molestia
485 2737 596 2758 carere
626 2727 740 2767 possit.
775 2726 816 2757 ad

83 2769 163 2802 Div.
179 2771 248 2801 viii.
270 2774 296 2803 1.
320 2772 383 2802 hoc
399 2772 586 2808 mendacio,
604 2780 650 2802 sc.
673 2769 713 2799 de
729 2779 817 2800 mor-

80 2817 118 2847 te
147 2817 219 2852 tua,
245 2815 273 2844 si
304 2824 370 2855 qua
398 2815 550 2856 pericula
571 2813 816 2854 impenderent,

81 2860 126 2888 tt
146 2857 418 2899 ddicngorcmum
433 2859 558 2900 optavi.
584 2857 657 2889 dass
680 2858 738 2888 wir
760 2856 817 2888 da-

1508 78 1612 116 259·

879 168 942 198 mit
965 168 1172 200 loskommen
1199 169 1367 203 mochten.
1384 173 1460 205 ibid.
1480 185 1510 205 x.
1537 177 1590 207 94.

878 220 984 251 neque
1009 222 1071 251 ego
1089 223 1145 252 pro
1164 216 1314 246 maximis
1339 216 1505 248 bem-ficiis
1528 220 1595 251 tuin

874 259 945 284 tam
963 254 1016 284 vili
1035 266 1170 285 munere
1186 257 1352 297 defungar
1366 262 1534 290 orationis.
1549 262 1590 291 cf.

875 296 967 328 Verr.
985 299 1030 328 iii.
1052 300 1098 329 16.
1133 302 1151 320 ⁹
1165 299 1286 330 dicitur
1300 309 1412 332 mnwn
1435 310 1467 333 et
1487 304 1519 333 in
1538 304 1592 334 bo-

874 350 950 371 nam
969 348 1111 382 partem,
1127 348 1159 371 et
1177 343 1215 372 (1ν
1233 344 1326 373 relius
1343 345 1446 382 bonis,
1464 350 1500 375 ut
1517 356 1590 386 per-

872 384 978 423 fungi.
1003 386 1093 415 vorr.
1111 396 1139 415 v.
1156 387 1208 416 68.
1225 386 1358 426 deglimgi
1373 388 1560 420 honoribus.

916 427 1073 467 Ihfusus.
1098 428 1167 459 Pin.
1193 430 1225 458 ii.
1246 434 1276 460 ὃ.
1302 431 1412 460 vinum
1440 432 1590 472 defusum

872 482 889 500 ι.-
917 471 1015 511 pleno
1037 473 1099 502 sit:
1125 482 1143 502 e
1168 471 1308 503 Lucilio.
1351 474 1473 504 Vinum
1500 475 1590 514 defu-

869 524 942 545 sum
958 521 1022 552 est,
1038 515 1126 555 quod
1142 526 1159 545 e
1176 515 1263 545 dolio
1280 516 1311 546 i'l
1329 517 1500 556 amphoras
1512 529 1589 548 eon-

864 559 996 597 jectum
1023 567 1093 588 est:
1119 570 1139 588 a
1169 569 1233 598 quo
1270 559 1389 596 differt,
1415 558 1586 600 diffusum,

869 612 944 631 cum
963 603 1075 632 vinum
1099 612 1116 631 c
1134 603 1249 642 majori
1265 611 1339 632 vase
1357 604 1389 633 in
1408 604 1502 643 plura
1528 605 1587 634 mi-

868 655 947 675 nora
973 646 1230 676 transfunditur.
1249 656 1278 676 v.
1300 646 1451 676 Lambin.
1468 647 1507 676 ad
1525 648 1590 677 Ho-

867 689 1046 728 r.‘1t.l'.pist.
1064 690 1083 718 i.
1102 692 1173 719 5.4.
1205 689 1286 719 'sale
1304 690 1415 719 »linum
1434 690 1590 721 bibebant

867 732 1069 761 honi-stiores
1086 737 1119 762 et
1136 732 1341 762 delicatiores
1356 744 1362 762 :
1387 733 1427 762 de
1444 733 1530 763 dolio
1546 735 1591 763 vi-

868 785 948 805 num
964 780 1100 805 tenues:
1128 775 1245 806 nndea
1261 776 1418 806 Cicerone
1435 777 1590 817 objicitur

868 818 1025 849 Antonio.
1043 829 1071 848 ν.
1088 818 1226 848 dolium.

911 863 1121 900 Degenerare
1150 872 1169 892 a
1192 862 1325 892 Zenone
1347 863 1446 893 Tusc.
1472 863 1504 893 ii.
1534 865 1586 894 25.

866 905 1006 935 deficere
1031 905 1071 935 ab
1093 905 1163 945 ejus
1186 905 1328 946 placitis,
1352 916 1428 936 cum
1451 907 1494 937 sis
1517 907 1593 937 Sto-

866 959 947 979 icus.

916 992 1114 1032 Degustare.
1138 992 1207 1023 Att.
1224 994 1265 1023 iv.
1282 996 1312 1023 8.
1334 997 1372 1022 tu
1388 992 1487 1023 velim
1499 1003 1516 1022 e
1533 992 1591 1023 Fa-

869 1035 922 1065 bio
948 1036 1096 1072 odorere,
1112 1041 1146 1066 et
1170 1037 1271 1066 istum
1297 1036 1467 1066 convivam
1492 1042 1591 1067 tuum

872 1079 1037 1117 degustes.-
1065 1078 1086 1109 i.
1101 1089 1130 1109 e.
1147 1080 1327 1120 expiscere,
1339 1084 1459 1108 tentes.

909 1121 1076 1163 llesjeceus.
1098 1121 1193 1152 Verr.
1219 1123 1266 1152 iii.
1292 1125 1343 1152 51.
1367 1128 1511 1152 aratores
1535 1122 1588 1151 de-

855 1163 950 1206 jecti,
968 1166 1074 1195 coacti
1090 1175 1184 1205 agros
1200 1175 1276 1196 suos
1291 1165 1439 1196 deserere
1455 1170 1588 1205 propter

864 1209 996 1239 damna.
1040 1209 1104 1239 Sed
1119 1219 1148 1239 v.
1163 1215 1232 1239 not.

905 1250 1045 1293 Dcy'icio‚
1062 1252 1213 1289 detraho,
1243 1251 1351 1282 demo.
1372 1250 1472 1282 Tusc.
1502 1251 1522 1281 i.
1551 1254 1582 1282 8.

861 1296 935 1326 vide
961 1299 1124 1335 quantum
1147 1296 1224 1326 muli
1249 1295 1288 1326 ‹le
1305 1295 1451 1325 humana
1473 1294 1587 1324 condi-

863 1339 954 1369 tione
977 1337 1136 1380 dejeceris.
1160 1340 1194 1369 ii.
1219 1342 1249 1370 5.
1273 1343 1437 1378 quantum
1461 1338 1500 1368 de
1529 1337 1585 1368 do-

865 1383 941 1413 loris
964 1388 1089 1412 terrore
1113 1380 1272 1421 dejeceris:
1295 1382 1387 1412 Verr.
1414 1392 1444 1412 v,
1469 1384 1522 1415 49.
1556 1381 1583 1410 si

863 1430 991 1456 metum
1015 1426 1104 1455 hunc
1132 1426 1252 1456 Siciliae
1282 1423 1431 1467 defecero.
1465 1425 1484 1443 *
1502 1424 1585 1455 Phil.

863 1470 906 1500 ix.
929 1472 960 1500 4.
991 1467 1126 1509 qu'icere
1157 1468 1300 1508 aliquem
1335 1469 1374 1499 de
1405 1469 1583 1498 sententia.

860 1513 881 1531 ’θ
903 1511 997 1554 dejici
1018 1512 1190 1552 eleganter
1218 1514 1388 1547 dic-untur,
1411 1512 1467 1550 qui
1490 1521 1581 1551 spem

863 1555 1004 1595 alicujus
1028 1556 1206 1593 commodi,
1222 1556 1367 1592 honoris,
1383 1564 1585 1593 consequen—

863 1600 897 1630 di
932 1599 1096 1630 amittunt
1126 1604 1225 1637 atque
1256 1598 1420 1638 repulsam
1461 1598 1582 1628 serunt.

864 1642 905 1673 ad
931 1643 1006 1674 Div.
1033 1643 1098 1672 viii.
1113 1645 1145 1673 4.
1168 1642 1208 1672 de
1232 1643 1372 1682 petitore
1395 1640 1581 1671 aedilitatis:

865 1695 943 1716 nam
959 1686 1006 1717 M.
1024 1685 1165 1716 Coelium
1180 1685 1402 1726 promulgatio
1425 1684 1464 1714 dc
1480 1684 1587 1716 dicta<

862 1734 933 1760 tore
956 1729 1067 1760 subito
1096 1727 1220 1771 dejecit,
1244 1726 1464 1770 dejectumque
1491 1737 1583 1768 mag-

862 1783 905 1803 no
928 1772 1071 1803 clamore
1094 1772 1245 1802 insecuta
1271 1776 1332 1801 cst.
1376 1771 1507 1801 Muren.
1530 1772 1583 1802 36.

860 1816 1007 1856 Quintus
1020 1815 1156 1846 Tubero
1182 1815 1331 1845 Praetura
1354 1811 1494 1854 dejectus
1520 1819 1580 1844 est.

859 1860 932 1890 Aet.
949 1860 970 1890 i.
987 1859 1020 1889 in
1036 1859 1129 1890 Verr.
1141 1861 1171 1889 8.
1182 1859 1207 1889 si
1222 1868 1274 1888 me
1286 1857 1445 1888 aedilitate
1453 1855 1582 1899 ‹lese-cels·-

857 1907 938 1934 sent.
959 1902 980 1923 θ
995 1903 1034 1933 de
1051 1901 1215 1939 formulis,
1231 1901 1270 1931 de
1286 1901 1402 1940 gradu,
1414 1900 1496 1931 etde
1513 1907 1581 1931 sta-

858 1953 899 1977 tu
923 1944 1070 1988 dejicere,
1093 1945 1158 1976 vid.
1182 1945 1216 1974 in
1240 1944 1373 1984 gradus,
1396 1950 1431 1973 et
1462 1949 1582 1974 status.

859 1993 881 2013 ⁸
898 1990 1026 2021 Verrin.
1044 1989 1085 2019 iv.
1109 1991 1162 2020 40.
1185 1988 1390 2029 praecipitem
1413 1987 1447 2017 in
1473 1987 1582 2018 forum

859 2033 1005 2073 aliquem
1040 2029 1198 2073 dejicere.-
1243 2031 1361 2067 nostri,
1391 2029 1582 2070 schleppen.

860 2076 1034 2107 ‘verbum
1057 2076 1105 2106 rei
1134 2074 1299 2105 militaris.
1332 2073 1424 2103 Verr.
1450 2073 1496 2103 iii.
1531 2075 1581 2105 16.

860 2118 1147 2161 propugnaculum
1163 2116 1308 2159 dejicere.
1329 2115 1350 2136 ⁰
1360 2117 1503 2153 vincere,
1517 2116 1580 2146 tol-

860 2164 939 2196 lere.
963 2162 1061 2194 Tusc.
1075 2163 1116 2193 iv.
1132 2165 1183 2195 37.
1199 2161 1279 2191 vitia
1287 2160 1413 2190 ratione
1429 2168 1449 2188 a
1462 2168 1496 2189 se
1512 2169 1582 2189 esse

866 2206 1000 2248 dejecta.
1043 2205 1128 2245 Top.
1148 2207 1196 2238 17.
1220 2203 1485 2244 perturbationes
1507 2200 1588 2243 deji-

860 2252 1005 2282 ciuntur.
1026 2249 1047 2268 ‘
1062 2249 1157 2280 Rosc.
1181 2247 1275 2278 Com.
1297 2248 1329 2277 2.
1355 2245 1426 2276 haec
1449 2246 1586 2277 nomina

859 2297 940 2324 sunt
968 2290 1090 2334 dejecta
1121 2292 1180 2331 (se.
1207 2290 1244 2321 in
1266 2288 1403 2328 tabulis)
1430 2288 1496 2320 ium
1527 2290 1607 2329 (ειη,

857 2335 996 2375 tabulae)
1018 2337 1054 2366 in
1078 2334 1230 2365 ordinem
1249 2331 1421 2364 confecto.
1446 2331 1505 2362 sed
1527 2342 1586 2372 pro

859 2378 983 2420 dejecta
999 2379 1053 2410 alii
1077 2377 1216 2409 mallent
1230 2376 1380 2415 disjecta,
1396 2378 1455 2407 aut
1478 2375 1585 2406 simile

861 2422 952 2463 quid.
976 2426 996 2445 ὕ
1012 2423 1108 2454 Rosc.
1124 2421 1236 2452 Amet.
1259 2422 1311 2451 35.
1334 2418 1439 2450 habco
1464 2418 1586 2457 dicere,

862 2477 961 2506 quem
989 2470 1106 2496 contra
1130 2472 1258 2495 morem
1283 2463 1460 2502 majorum,
1482 2461 1587 2493 mino-

861 2519 931 2541 rem
959 2518 1012 2540 Lx.
1040 2508 1149 2545 annis,
1174 2506 1214 2538 de
1243 2510 1344 2546 ponte
1374 2505 1409 2535 iu
1437 2504 1587 2536 Tiberim

863 2551 1020 2594 dejecerit.
1054 2550 1206 2581 Seniores
1222 2549 1265 2580 lx.
1281 2549 1377 2579 aunis
1394 2548 1428 2578 in
1445 2548 1588 2579 comitiis

864 2606 939 2626 eum
957 2598 1093 2636 pontem
1119 2603 1158 2623 ex
1181 2602 1247 2624 uno
1262 2597 1356 2633 septo
1381 2591 1415 2621 in
1445 2590 1590 2630 alterum

862 2640 1056 2675 transirent,
1071 2635 1314 2679 dejiciebantur,
1331 2643 1373 2665 ne
1394 2634 1588 2674 suffragium

861 2682 999 2719 ferrent,
1016 2680 1105 2711 unde
1131 2678 1313 2720 ‹lcpontani
1336 2686 1443 2708 senes.
1465 2676 1589 2719 ‘dejici

861 2725 1020 2755 dicuntur
1035 2722 1135 2754 eu'am
1160 2723 1193 2753 in
1216 2721 1324 2752 edicto
1347 2720 1508 2761 praetoris,
1531 2722 1587 2760 qui

863 2769 894 2798 vi
909 2768 949 2798 de
966 2767 1069 2797 fundo
1085 2770 1145 2797 aut
1165 2765 1231 2796 alia
1255 2764 1458 2805 possessione
1478 2762 1589 2803 aliqua

862 2811 950 2852 pulsi
965 2814 1055 2841 sunt.
1074 2809 1196 2840 Coecin.
1210 2812 1240 2840 8.
1253 2812 1302 2845 ut,
1318 2807 1405 2837 unde
1421 2803 1589 2846 dejecisset,

863 2855 1064 2887 restitueret.
1081 2853 1123 2884 cf.
1137 2863 1166 2884 e.
1187 2855 1234 2885 11.
1255 2853 1304 2883 12.
1321 2850 1438 2892 Quint.
1454 2850 1506 2880 9⁵.
1523 2850 1588 2880 *dc

898 2908 915 2929 ο
929 2899 949 2928 2
