1800 3131
124 178 205 222 2'52

120 290 154 321 p.
179 289 224 310 m.
243 282 294 312 52.
318 284 353 312 et
367 281 457 322 Lips.
481 281 522 313 ad
535 283 643 314 Tacit.
660 285 698 315 A.
717 285 771 314 xii.
790 285 843 315 24.

120 324 233 355 Divin.
251 325 269 354 i.
294 327 340 359 17.
367 325 470 356 lituus
494 336 571 357 cum
594 328 677 358 situs
701 333 787 358 esset
809 328 844 358 in

118 369 214 398 curia
236 367 410 399 Saliorum.
462 371 559 401 Curia
582 371 746 401 Saliorum
770 381 844 412 pro-

118 410 209 441 fecto
237 411 284 441 nil
314 418 364 443 est
391 413 481 443 aliud
507 415 568 444 nisi
594 415 692 451 aedcs,
717 415 750 444 in
778 425 844 454 qua

119 457 336 485 convenirent
363 456 455 494 Salii,
483 467 559 487 cuni
589 468 681 488 sacra
708 458 842 495 facturi,

116 501 190 528 tum
219 497 291 528 aliis
318 500 357 529 de
383 501 478 531 rebus
505 502 583 531 suis.
615 505 646 532 3.
676 508 727 531 est
751 502 841 531 locus

117 541 246 571 consilii
270 543 405 582 publici,
423 545 477 573 ubi
503 545 643 575 Senarus
667 545 842 574 convenie-

117 585 186 623 bat,
200 585 266 615 sive
280 588 414 617 nomine
428 588 528 617 (lucto
541 589 581 618 ab
598 588 654 618 illo
669 589 841 618 curiarum

116 637 251 667 genere,
275 629 314 659 de
338 641 403 669 qno
426 638 504 661 ante
528 631 654 661 (liftum
679 636 743 668 est,
761 631 841 668 sive,

115 672 203 710 quod
235 682 299 702 non
332 679 441 704 essent
472 675 511 704 ab
541 675 580 704 iis
612 674 759 711 diversae,
785 675 842 704 sed

115 716 396 754 quemadmodum
426 719 459 747 in
483 717 611 757 templa
633 727 841 756 quaecunque

113 758 277 796 Deorum,
304 760 349 789 sic
380 761 414 789 in
444 761 529 790 aedes
561 761 709 800 publicas
739 762 840 791 curiae

113 802 341 842 cujuscunque
366 804 536 833 convocari
554 804 696 834 Senatus
713 809 838 844 posset,

113 855 315 885 quamquam
347 846 430 876 illud
460 848 578 878 verius.
616 847 704 878 Nam
734 848 838 878 Varro

111 889 234 919 diserte
273 890 336 919 duo
375 900 497 929 genera
535 892 706 921 curiarum
742 891 837 929 facit,

109 942 230 969 unum,
256 933 289 962 in
313 942 378 972 quo
401 943 451 964 res
476 934 606 972 ‹1ivinae‚
627 934 783 973 alterum,
802 936 836 965 in

110 985 176 1015 quo
188 976 343 1006 humanae
357 987 375 1006 a
387 978 512 1008 Senatu
529 983 718 1017 agerentur.
737 979 836 1008 Certe

108 1019 223 1049 Romae
240 1029 307 1050 non
323 1030 391 1050 una
408 1023 501 1052 caria.
517 1022 687 1051 Senatoria
702 1022 781 1059 fuit,
797 1026 836 1052 ut

108 1062 143 1092 in
171 1063 291 1093 nostris
319 1065 465 1095 urbibus.
499 1066 576 1096 Div.
605 1066 639 1095 ii.
666 1070 696 1099 9.
735 1065 837 1096 Curia

107 1105 265 1146 Pompeia
277 1112 500 1138 memoratur:
516 1109 574 1138 sed
585 1119 625 1138 ea
638 1114 713 1149 post
727 1109 834 1139 Caesa-

105 1150 150 1180 ris
168 1155 309 1180 mortem
325 1151 497 1182 obstructa
512 1158 575 1189 est,
591 1157 678 1182 teste
696 1153 835 1183 Sueton.

107 1193 142 1223 in
167 1194 249 1224 Caes.
274 1197 324 1225 83.
352 1199 387 1225 et
410 1201 524 1226 tamen
549 1204 665 1236 postea
687 1206 773 1235 saepe
795 1197 835 1227 fit

110 1236 218 1267 Curioe
253 1238 395 1276 mentio,
427 1245 461 1269 et
490 1244 652 1279 praeterea
688 1239 835 1270 Hostilia

104 1280 244 1320 aliaeque
268 1288 509 1313 memorantur.
554 1283 594 1313 In
617 1283 754 1313 urbibus
774 1294 833 1313 au-

104 1328 173 1354 tem
195 1325 453 1365 municipalibus
469 1331 504 1356 et
519 1326 642 1356 Graecis
658 1336 745 1357 unus
763 1337 833 1357 cer-

101 1371 157 1398 tus
174 1367 265 1398 locus
280 1369 357 1407 fuit,
374 1380 447 1409 quae
463 1372 557 1400 curia
573 1370 760 1408 dicebatur,
775 1371 832 1400 Gr.

101 1411 310 1454 βουλευτήριον,
341 1418 477 1443 auctore
508 1414 579 1453 ipso
605 1414 765 1444 Cicerone
797 1414 832 1444 in

101 1454 261 1485 Verrinis.
292 1456 355 1486 Sed
377 1458 450 1487 κατ’
474 1457 577 1497 ἐξοχὴν
598 1462 714 1488 tamen
736 1459 831 1488 curia

103 1498 226 1529 dicitur
249 1510 301 1537 ea,
326 1510 399 1540 quae
423 1509 495 1530 erat
521 1501 556 1530 in
581 1500 664 1538 foro,
688 1511 707 1531 a
730 1501 830 1532 Tullo

101 1542 247 1573 Hostilio
270 1544 311 1573 ad
328 1544 503 1574 comitium
520 1548 685 1575 extructa.
711 1544 751 1575 de
766 1545 828 1575 hac

102 1586 218 1617 Cicero
232 1586 337 1617 Flaec.
353 1590 405 1619 24.
429 1588 623 1628 speculatur
633 1593 734 1627 atque
743 1589 830 1619 obsi-

100 1629 156 1659 det
176 1638 283 1660 rostra
299 1631 417 1661 vindex
432 1632 647 1669 temeritatis,
664 1636 699 1661 et
716 1633 829 1663 mode-

99 1674 202 1704 ratrix
219 1675 331 1710 officii,
353 1675 462 1705 Curia.
486 1674 564 1705 hinc
580 1676 709 1715 tropice
725 1677 827 1706 etiam

98 1718 236 1756 ponitur
258 1728 317 1758 pro
341 1719 411 1758 ipso
435 1718 574 1756 Senatu,
592 1723 727 1749 auctore
755 1721 825 1750 Cic.

97 1760 155 1791 Or.
175 1762 221 1791 iii.
239 1764 289 1792 42.
316 1765 335 1783 ’ἓ
348 1762 405 1792 Or.
423 1763 443 1792 i.
456 1765 487 1796 7.
511 1766 644 1792 tantam
661 1763 695 1792 in
708 1763 826 1794 Crasso

96 1803 345 1835 humanitatem
367 1805 481 1842 fuisse,
496 1810 548 1843 ut,
564 1816 640 1836 cum
665 1806 748 1836 lauti
773 1817 826 1837 ac-

97 1848 303 1886 cubuissent,
318 1848 494 1879 tolleretur
516 1850 623 1879 omnis
647 1849 705 1880 illa
728 1860 826 1891 supe-

95 1891 190 1922 rioris
210 1893 347 1922 tristitia
362 1893 541 1922 sermonis:
566 1903 671 1932 eaque
687 1898 773 1925 esset
789 1895 825 1924 in

95 1934 229 1965 homine
241 1935 449 1974 jucunditas,
461 1941 496 1966 et
506 1939 621 1966 tantus
634 1937 668 1966 in
679 1937 824 1974 jocando

94 1977 199 2019 lepos,
216 1984 255 2009 ut
280 1979 347 2009 dies
370 1980 459 2009 inter
475 1990 529 2010 eos
546 1982 648 2010 curia>
661 1981 762 2011 fuisse
776 1982 824 2011 vi-

94 2021 242 2060 deretur,
265 2023 454 2053 convivium
486 2023 680 2054 Tusculani.
709 2025 822 2064 Sigon.

94 2065 134 2095 de
150 2067 227 2096 Ant.
246 2066 319 2097 Jur.
338 2066 373 2096 C.
389 2067 430 2097 R.
447 2067 480 2097 ii.
497 2070 528 2097 3.
546 2072 630 2097 extr.
650 2072 748 2107 putat
772 2079 822 2098 re-

93 2109 176 2149 spici
197 2111 236 2139 ad
257 2110 535 2140 consuetudinem
558 2112 750 2149 curialium,
764 2113 821 2151 qui

94 2155 193 2183 certis
210 2154 324 2184 (liebus
338 2154 539 2184 interessent
552 2155 665 2191 sacris,
678 2165 751 2194 quae
763 2165 823 2195 per

94 2197 274 2227 Curionem
299 2207 357 2237 pro
381 2199 475 2228 curia
491 2198 630 2227 fierent:
655 2199 743 2238 quod
759 2209 820 2238 ego

92 2249 161 2269 non
177 2241 280 2281 capio.
305 2241 386 2271 Dies
402 2242 501 2271 carice
517 2245 567 2271 est
580 2241 648 2271 dies
665 2243 819 2280 Senatus,

91 2283 143 2313 vel
166 2283 321 2324 legitimi,
338 2284 390 2313 vel
414 2290 509 2314 extra
531 2285 681 2315 ordinem
699 2295 821 2316 convo-

91 2328 168 2357 cati.
214 2328 329 2358 Sermo
350 2328 460 2358 fuerat
484 2328 524 2358 de
548 2329 718 2368 republica
732 2330 820 2359 inter

90 2371 256 2411 principes
280 2371 436 2410 civitatis,
455 2372 546 2410 isque
563 2382 695 2402 severus
711 2377 745 2402 et
760 2373 820 2402 tri-

90 2415 164 2451 stis,
182 2415 287 2454 qualis
310 2415 408 2452 foret,
425 2416 452 2445 si
477 2416 511 2445 in
536 2416 606 2455 ipso
630 2417 755 2446 Senatu
771 2416 821 2446 di-

90 2457 217 2488 xissent
233 2459 271 2488 de
286 2459 392 2489 tantis
404 2459 519 2489 rebus:
546 2460 698 2498 sequitur
709 2460 820 2489 convi-

91 2501 182 2531 vium
199 2502 417 2532 nihilominus
433 2502 550 2539 hilare,
568 2503 664 2541 quale
682 2502 733 2532 vel
749 2512 819 2533 ma-

89 2544 178 2574 xime
201 2555 272 2575 esse
295 2545 379 2575 solet
402 2546 436 2576 in
459 2546 556 2583 villis,
573 2547 607 2575 in
631 2556 711 2585 quas
735 2546 819 2576 rela-

88 2588 189 2617 xandi
207 2590 309 2618 animi
326 2599 426 2619 causa
439 2589 635 2620 secedimus.

137 2630 289 2662 Cur-italis.
307 2632 402 2663 offic.
415 2633 449 2662 ii.
462 2636 510 2663 18.
529 2633 705 2663 Cimonem
715 2633 817 2663 Athe-

86 2675 139 2705 nis
177 2676 279 2706 etiam
317 2676 351 2706 in
380 2678 521 2706 cim-iales
551 2686 627 2706 suos
658 2676 817 2706 Laciadas

86 2718 287 2759 hospitalem
317 2720 429 2750 fuisse.
464 2720 610 2750 Cui-iales
633 2729 700 2750 non
722 2724 816 2757 sunt,

89 2766 127 2792 ut
158 2762 332 2793 Manutius
366 2764 621 2803 interpretatur,
653 2762 815 2805 peda-0325:

84 2806 121 2835 in
146 2815 243 2844 quem
264 2816 408 2836 errorem
425 2807 584 2837 inductus
600 2813 664 2843 est,
679 2808 767 2845 quod
783 2813 818 2836 et

86 2849 147 2879 hos
163 2851 302 2880 curiales
318 2850 530 2890 interpretari
554 2850 667 2880 Latini
684 2849 792 2880 solent
811 2862 818 2880 ε

87 2902 149 2923 nec
173 2892 315 2932 φυλέτας,
338 2897 378 2922 ut
408 2893 574 2931 Nizolius,
598 2893 655 2923 sed
677 2891 817 2932 δημὸτας.

84 2936 173 2966 Nam
201 2934 308 2973 aazia,
331 2946 356 2966 S.
381 2934 535 2972 λακίαδαι,
562 2946 628 2967 non
653 2936 720 2966 fuit
744 2943 817 2978 0302-

85 2979 178 3022 τξείοι,
211 2979 269 3011 sed
307 2977 406 3020 δῆμος,
442 2979 584 3020 populus
623 2980 674 3010 vel
710 2989 816 3020 pagus

624 194 770 224 INDEX
801 195 1096 225 LATINJTATIS.

888 284 994 315 tribus
1020 282 1140 325 (φυλῆς)
1166 282 1280 318 οἴνηΐδος
1315 283 1358 326 (v.
1382 285 1498 318 Potter
1520 285 1620 320 Aroh.

888 328 944 357 Gr.
968 328 990 358 i.
1005 332 1035 362 9.
1066 338 1099 368 p.
1124 328 1190 367 51.)
1226 328 1342 367 ltaque
1367 339 1447 368 quos
1463 335 1497 361 et
1513 341 1619 372 popu-

888 370 972 400 lares
986 371 1097 401 Latini
1113 379 1244 410 vocant,
1263 372 1379 403 Cicero
1394 372 1427 403 h.
1442 372 1464 404 Ι.
1476 377 1617 406 curiales

888 418 993 444 vocat.

934 457 1096 488 (Ῐιινὶαἱτιε,
1126 458 1204 498 Agr.
1221 459 1254 488 ii.
1276 461 1323 489 11.
1357 460 1493 490 cariata
1513 461 1618 491 comi-

886 501 935 530 tia
957 507 1090 531 tantum
1116 502 1336 542 auspiciorum
1363 513 1461 533 causa
1485 513 1615 533 reman-

885 549 1012 574 serunt.
1063 545 1200 575 Cam-iata
1223 547 1360 576 comitia
1382 552 1475 583 sunt,
1493 548 1612 586 quibus

886 597 927 616 ex
941 587 1096 617 instituto
1112 588 1245 619 Romuli
1260 599 1319 629 per
1334 591 1444 620 curias
1459 591 1617 629 suffragia

886 629 1051 660 feruntur.
1096 631 1148 661 De
1183 632 1222 662 iis
1252 639 1303 663 est
1334 633 1425 663 locus
1457 633 1614 666 classicus

885 672 964 712 Agr.
991 674 1023 703 ii.
1043 677 1091 704 10.
1119 677 1168 704 ll.
1198 677 1245 706 12.
1276 676 1316 706 In
1338 677 1378 707 iis
1397 677 1521 707 fiebant
1536 677 1616 707 ado-

886 717 1029 756 ptiones,
1046 721 1081 747 et
1103 722 1250 756 potestas
1274 720 1321 749 rei
1339 720 1492 750 militaris
1508 720 1616 751 admi-

880 760 1060 790 nistrandae
1077 760 1228 791 dabatur.
1250 764 1327 801 Agr.
1343 764 1376 793 ii.
1402 767 1450 794 ll.
1474 764 1543 794 Lex
1559 775 1616 795 cu-

879 805 979 833 riata.
1005 814 1034 834 v.
1053 803 1126 834 Ind.
1151 803 1219 834 LL.
1250 804 1321 835 Att.
1338 807 1374 837 ii.
1389 810 1421 840 7.
1451 808 1532 847 legis
1556 818 1614 838 cu-

879 848 974 877 re'atoe
1004 848 1167 887 auspices,
1192 853 1284 884 sunt,
1307 850 1362 888 qui
1395 850 1429 880 in
1459 852 1608 892 auspicio

881 897 1006 928 essent,
1024 891 1104 920 dum
1120 891 1172 921 lex
1189 893 1322 921 curiata
1338 892 1492 923 serretur.

925 933 1109 964 Curiositas.
1141 935 1213 965 Att.
1238 935 1272 964 ii.
1291 938 1320 966 8.
1351 945 1426 966 sum
1450 937 1485 967 in
1500 938 1610 967 curio-

878 978 974 1007 sitate
989 976 1135 1015 ὀξύπεινος.

914 1021 1088 1062 ,Cui-iosus,
1106 1022 1140 1051 in
1163 1022 1248 1052 bono
1268 1026 1303 1052 et
1327 1022 1415 1053 malo
1438 1032 1538 1053 sensu
1554 1033 1611 1054 oc-

877 1065 991 1094 currit.
1021 1065 1121 1095 Dom.
1149 1067 1199 1095 12.
1232 1066 1312 1104 quid
1333 1071 1405 1096 tam
1429 1068 1608 1106 curiosum,

876 1117 976 1146 quam
1000 1117 1039 1137 ea
1062 1108 1144 1138 scire
1161 1108 1257 1145 velle,
1272 1109 1311 1139 de
1327 1110 1446 1149 quibus
1464 1111 1605 1149 majores

876 1152 981 1181 nostri
1005 1160 1060 1181 vos
1084 1151 1168 1182 solos
1193 1153 1277 1182 scire
1300 1158 1335 1183 et
1350 1154 1480 1184 consuli
1495 1154 1610 1184 volue-

874 1199 967 1225 runt.
1002 1194 1043 1224 cf.
1068 1194 1175 1224 Flacc.
1201 1196 1253 1229 29.
1293 1195 1362 1226 Fin.
1387 1197 1421 1227 ii.
1449 1201 1481 1232 9.
1513 1207 1608 1237 repe-

875 1239 958 1268 riam
976 1237 1112 1276 multos,
1126 1248 1193 1268 non
1205 1243 1278 1268 tam
1293 1241 1444 1278 carim-os,
1457 1250 1518 1270 nec
1532 1248 1604 1272 tam

874 1281 1044 1318 molestos,
1062 1291 1162 1321 quam
1186 1291 1241 1312 vos
1265 1283 1357 1320 estis,
1374 1284 1493 1322 quihus
1513 1285 1606 1324 quic-

873 1325 952 1364 quid
967 1325 1080 1363 velim,
1095 1325 1193 1355 facile
1212 1326 1442 1365 persuadeam.
1467 1327 1509 1357 ad
1526 1327 1602 1359 Div.

871 1369 918 1398 iii.
936 1371 964 1398 1.
989 1368 1089 1398 homo
1104 1378 1172 1398 non
1186 1369 1295 1399 solum
1311 1369 1472 1409 prudens,
1487 1380 1603 1403 verum

872 1412 987 1449 etiam,
1005 1412 1093 1451 quod
1110 1413 1221 1451 juvet,
1236 1414 1392 1444 cariosus.
1421 1414 1465 1444 ib.
1488 1415 1531 1444 iv.
1552 1418 1600 1446 13.

870 1457 1024 1486 curiosior
1039 1456 1081 1485 ad
1096 1457 1379 1495 investigandum.
1398 1457 1477 1487 ibid.
1488 1458 1556 1490 viii.
1574 1462 1587 1489 l
1597 1481 1606 1489 .

870 1500 1006 1530 tametsi
1031 1504 1084 1537 tu,
1109 1500 1189 1537 scio,
1207 1510 1308 1538 quam
1334 1501 1378 1530 sis
1394 1502 1551 1539 curiosa-5,
1567 1506 1603 1533 et

871 1553 972 1581 quam
988 1543 1143 1573 omnibus
1160 1544 1451 1583 peregrinantibus
1465 1548 1599 1584 gratum

869 1586 926 1624 sit,
958 1587 1174 1616 minimarum
1209 1596 1340 1626 quoque
1369 1597 1494 1625 rerum,
1525 1598 1601 1628 quae

869 1629 959 1659 domi
983 1635 1155 1669 gerantur,
1171 1630 1242 1659 fieri
1267 1631 1435 1661 certiores.
1459 1631 1558 1663 Tusc.
1574 1633 1598 1663 i.

868 1676 922 1704 45.
953 1678 1005 1703 est
1027 1673 1062 1703 in
1085 1673 1178 1703 omni
1202 1673 1340 1704 historia
1353 1676 1505 1705 curiosus.
1530 1675 1552 1706 i.
1569 1685 1599 1706 e.

867 1726 1002 1747 omnem
1026 1717 1201 1747 historiam
1225 1727 1302 1747 cum
1322 1727 1404 1748 cura
1419 1717 1600 1758 diligenter

866 1761 1036 1791 tractavit.

915 1803 1064 1834 Currere.
1101 1803 1174 1834 Att.
1202 1803 1225 1834 i.
1255 1806 1309 1835 20.
1346 1805 1472 1845 pedarii
1503 1815 1600 1836 sena·

865 1852 954 1878 tores
978 1847 1101 1888 raptim
1118 1847 1153 1877 in
1169 1856 1243 1877 eam
1260 1849 1466 1879 sententiam
1480 1859 1600 1880 cucur-

864 1895 995 1921 rerunt.

912 1934 1131 1965 Curriculum.
1156 1934 1240 1964 Phil.
1257 1935 1312 1965 vii.
1332 1938 1363 1966 3.
1387 1936 1595 1967 curriculum

863 1978 1036 2009 industriae
1049 1982 1171 2008 nostrae
1184 1979 1219 2008 '111
1228 1978 1300 2008 foro
1313 1979 1372 2009 &c.
1388 1979 1596 2010 elaboratum

863 2025 925 2051 est.
956 2021 1089 2052 Muren.
1121 2023 1172 2052 22.
1202 2032 1280 2052 cum
1309 2026 1344 2052 te
1367 2022 1408 2052 de
1430 2024 1599 2054 curriculo

864 2065 1035 2104 petitionis
1066 2065 1263 2096 deflexisses.
1303 2065 1391 2095 conf.
1430 2065 1512 2096 Lael.
1546 2069 1598 2098 12.

862 2108 975 2138 Rabir.
1006 2108 1101 2138 Perd.
1125 2110 1156 2139 2.
1186 2118 1240 2138 me
1264 2119 1304 2139 ex
1319 2110 1507 2140 constituto
1521 2119 1598 2150 spa-

860 2152 909 2181 tio
930 2151 1130 2181 defensionis
1148 2152 1182 2181 in
1198 2153 1373 2183 semihorae
1388 2155 1595 2184 curriculum

862 2196 1012 2234 coegisti.
1053 2195 1136 2225 Cato
1169 2198 1218 2225 11.
1259 2196 1330 2226 haec
1359 2201 1441 2226 sunt
1469 2197 1596 2227 exerci-

860 2239 1006 2268 tationes
1027 2239 1167 2278 ingenii,
1184 2239 1255 2269 haee
1270 2240 1440 2270 curricula
1456 2241 1592 2271 mentis.

861 2282 955 2312 Orat.
986 2285 1016 2313 3.
1051 2292 1104 2312 me
1128 2288 1379 2312 oratorem—ex
1403 2283 1595 2314 Academiae

862 2327 976 2365 spatiis
1000 2326 1160 2356 extitisse.
1191 2325 1254 2356 Illa
1277 2327 1367 2356 enim
1391 2331 1470 2357 sunt
1485 2329 1593 2358 curri-

861 2371 937 2399 cula
960 2368 1201 2409 multiplicium
1219 2370 1452 2409 variorumque
1467 2379 1594 2401 sermo-

860 2422 944 2442 num
961 2413 1020 2442 &c.
1039 2412 1236 2452 metaphora
1251 2413 1354 2443 ducta
1369 2417 1421 2443 est
1436 2423 1456 2443 a
1469 2414 1590 2452 stadio,

859 2457 893 2485 in
925 2466 991 2496 quo
1020 2463 1221 2486 exercentur
1243 2456 1396 2487 homines
1419 2458 1591 2496 currendo,

860 2500 1010 2529 athletae.
1047 2499 1112 2530 vid.
1143 2499 1237 2530 Cato.
1267 2503 1315 2530 10.
1353 2499 1589 2540 quadrigarum

859 2544 962 2573 etiam
974 2544 1178 2573 curriculum
1188 2548 1249 2572 est.
1266 2543 1399 2573 Muren.
1413 2545 1465 2577 27.
1479 2543 1499 2562 ²¹·
1508 2544 1590 2576 Har.

858 2587 957 2626 Resp.
989 2590 1035 2617 10.
1058 2591 1093 2616 te
1117 2586 1261 2626 appello,
1284 2586 1444 2624 Lentule,
1464 2588 1516 2617 tui
1539 2598 1592 2618 sa-

859 2630 998 2660 cerdotii
1026 2635 1108 2660 sunt
1134 2630 1277 2667 thensae,
1300 2631 1482 2667 curricula,
1505 2641 1591 2671 prae·

859 2673 982 2710 centio,
996 2674 1055 2703 δερ.
1082 2673 1163 2703 Haec
1179 2675 1349 2703 curricula-
1359 2677 1440 2703 sunt
1454 2683 1587 2713 currus,

859 2718 978 2756 quibus
990 2718 1024 2747 in
1036 2716 1123 2746 ludis
1131 2717 1333 2746 circensibus
1343 2721 1502 2747 certatur.
1513 2718 1591 2749 Alia

859 2760 1012 2800 exempla
1034 2759 1099 2790 vid.
1123 2769 1174 2799 ap.
1195 2760 1315 2790 Scheff.
1338 2759 1378 2789 de
1396 2770 1429 2790 re
1444 2761 1548 2792 vehie.
1565 2761 1588 2793 l.

858 2805 879 2833 i.
898 2814 926 2834 c.
949 2807 976 2833 l.
988 2814 1020 2843 p.
1038 2806 1068 2833 3.
1092 2803 1240 2833 Graevius
1256 2804 1359 2833 etiam
1377 2803 1492 2834 laudat
1507 2804 1590 2836 Sue-

858 2851 928 2877 ton.
945 2848 980 2876 in
998 2847 1077 2877 Caio
1094 2846 1201 2885 Calig.
1218 2856 1246 2876 c.
1267 2850 1315 2882 19.

907 2891 1044 2927 Currus,
1060 2900 1120 2930 pro
1133 2900 1238 2920 curru
1257 2889 1468 2930 triumphali,
1485 2894 1588 2930 atque

858 2933 940 2964 adeo
970 2934 1144 2973 triumpho
1173 2934 1256 2974 ipso.
1292 2934 1333 2964 ad
1364 2934 1439 2965 Div.
1469 2944 1521 2964 xv.
1555 2935 1587 2965 6.

859 2987 959 3017 quem
974 2986 1111 3008 currum
1130 2982 1190 3007 aut
1212 2987 1312 3017 quam
1337 2977 1485 3008 lauream
1508 2987 1586 3010 cum
