1815 3209
204 197 260 234 24

203 294 432 320 memorantur
445 290 528 328 leges
541 289 644 319 dulice
657 293 772 319 contra
783 291 929 330 auspicia

202 330 291 362 latae.
336 332 394 362 Eae
409 338 500 367 sunt,
517 341 596 370 quas
611 332 644 360 in
665 331 849 362 Consulatu
865 334 928 372 pri-

206 383 261 404 mo
281 373 371 404 tulit.
393 373 456 404 vid.
482 374 567 404 Plut.
586 374 620 403 in
640 373 782 411 Caesare,
798 385 830 415 p.
855 377 927 408 713.

202 415 254 446 ed.
270 415 417 446 wechel.

245 457 404 488 AGRARIA
437 457 554 494 JULIA,
588 458 694 498 primo
739 457 928 494 consulatu,

204 508 303 538 quem
317 510 391 530 cum
406 499 524 530 Bibulo
537 500 648 538 gessit,
661 499 741 535 lata,
755 509 819 538 qua
836 499 930 529 Cam-

199 551 328 581 panum
345 551 468 580 agrum
478 546 508 571 et
520 541 690 572 Stellatem
699 541 778 571 XX.
790 542 932 572 millibus

203 584 337 621 civium,
345 585 458 624 quibus
467 584 551 613 term·
555 585 614 622 plu
620 593 706 613 resve
716 583 807 613 liberi
816 588 930 621 essent,

205 625 334 658 divisim-
358 627 451 665 eique
464 626 509 655 rei
530 625 680 655 XXviros
699 625 873 655 constituit
893 635 931 656 ex

205 667 258 704 iis,
274 668 328 707 qui
344 669 503 698 maximos
517 667 656 697 honores
672 667 857 705 gessissent,
871 677 932 697 un-

205 708 245 740 de
259 710 359 740 etiam
377 710 526 740 Ciceroni
551 710 576 738 is
592 709 708 745 honor,
725 707 780 738 sed
798 708 930 746 frustra,

207 751 339 782 oblatus
352 756 412 782 est.
437 752 496 791 Ep.
517 751 557 781 ad
570 751 641 781 Ait.
663 751 695 780 ii.
711 752 740 780 ⁶0⁷.
764 753 812 784 19.
837 751 932 782 Cete-

207 802 282 824 rum
301 794 386 824 conf.
409 793 460 823 Fr.
479 793 601 823 Fabric.
617 793 651 822 in
667 793 735 822 vita
751 792 930 831 Ciceronis,

209 835 250 866 de
266 837 327 866 hoc
345 836 529 866 XXviratu.
575 835 614 864 Ei
633 844 707 865 cum
723 835 862 865 Bibulus
875 836 932 866 ob-

206 879 391 915 nuntiaret,
417 887 516 916 quam
536 882 734 916 potestatem
756 876 808 907 lex
830 877 933 908 AElz‘a

207 919 321 956 dabat,
346 920 445 950 armis
468 919 538 949 foro
561 919 714 959 expulsus
737 923 797 948 est.
842 919 932 950 Suet.

208 962 244 991 in
261 962 341 992 Caes.
355 973 382 992 c.
398 964 450 992 ⁶20.
473 961 522 991 Dc
537 971 575 991 ea
588 961 673 991 cons.
689 960 729 990 ad
744 960 814 990 Att.
830 961 863 990 ii.
883 963 931 993 16.

213 1005 262 1033 18.
306 1004 356 1034 Ea
378 1004 431 1034 lex
453 1008 492 1033 ut
518 1003 654 1039 valeret,
679 1003 739 1032 hoc
765 1002 933 1041 adjectum

209 1044 351 1077 habebat
367 1050 477 1085 caput,
494 1050 533 1075 ut
548 1044 713 1075 candidati
727 1054 760 1074 se
774 1045 834 1083 ipsi
841 1046 933 1082 jure-

199 1087 345 1126 jurando
354 1093 573 1123 exsecrarent‚
583 1089 623 1123 si,
634 1088 824 1125 impeti-am,
836 1097 933 1126 quem

212 1134 377 1169 peterent,
395 1130 603 1169 magistratu,
619 1129 824 1159 mentionem
841 1130 935 1160 fecis-

208 1176 283 1202 sent
298 1172 336 1202 de
351 1181 429 1211 agro
444 1172 614 1211 Campano
629 1171 726 1201 aliter
740 1171 933 1210 possidendo

208 1220 307 1253 atque
323 1225 362 1245 ex
380 1214 442 1245 hac
460 1214 553 1253 1ege;
577 1213 664 1244 unde
688 1212 875 1243 Laterensis
894 1225 933 1245 co

208 1265 297 1286 anno
326 1254 534 1287 tiibunatum
563 1262 675 1295 petere
701 1254 840 1285 destitit.
869 1256 932 1286 vid.

208 1307 268 1338 pro
286 1298 396 1329 Plane.
411 1310 438 1328 c.
455 1302 483 1330 5.
499 1303 533 1328 et
549 1298 592 1328 ibi
610 1298 742 1328 Manut.
788 1297 868 1327 Haec
881 1298 934 1328 lcx

209 1341 310 1371 etiam
351 1346 554 1371 memoratur
589 1340 673 1370 Phil.
707 1350 736 1368 v.
776 1342 822 1373 19.
854 1340 933 1378 Ejus

208 1382 326 1422 fragm.
348 1383 420 1413 vide
440 1383 526 1424 apud
546 1383 692 1412 Goesium
713 1381 746 1411 in
768 1383 879 1422 script.
894 1383 932 1413 R.

208 1424 287 1464 Agr.
312 1436 343 1465 p.
369 1428 440 1456 5:30.
487 1425 642 1455 Ceterum
664 1423 771 1454 multa
789 1424 828 1454 ad
848 1423 933 1455 hanc

208 1466 329 1506 legem,
346 1472 380 1497 et
402 1467 568 1497 Ciceronis
585 1467 711 1497 adeam
733 1467 934 1505 pertinentia

208 1508 294 1543 loca,
311 1510 459 1549 inprimis
474 1509 512 1539 de
525 1509 708 1543 xxvii-atu,
724 1507 932 1546 illustranda,

209 1550 311 1581 habet
326 1552 518 1582 Mazochius
541 1551 580 1581 de
596 1550 766 1589 Ampliith.
793 1550 933 1591 Campa-

210 1602 254 1623 no
269 1604 302 1634 p.
323 1597 372 1624 14.
387 1603 455 1633 sqq.
499 1593 528 1623 E
544 1593 706 1623 veteribus
722 1593 872 1632 inprimis
888 1593 933 1623 le-

210 1636 335 1675 gendus
348 1637 413 1667 Dio
430 1636 517 1666 Cass.
532 1636 662 1665 xxxviii.
677 1635 750 1665 init.

253 1677 357 1709 JULiA
382 1679 420 1708 de
438 1678 616 1718 provinciis
638 1677 840 1713 ordinandis,
864 1676 934 1708 lata

211 1719 246 1749 in
261 1721 367 1760 primo
384 1720 579 1756 Consulatu,
595 1730 659 1758 qua
673 1720 814 1759 repetita
828 1724 862 1749 et
876 1730 933 1750 au-

211 1768 267 1792 cta
288 1767 338 1792 est
365 1763 525 1799 Cornelia,
541 1762 579 1792 de
601 1772 666 1800 qua
680 1771 787 1802 supra.
831 1761 932 1793 ‹lube-

211 1804 269 1834 bat
281 1804 360 1834 duas
374 1805 516 1835 rationes
531 1805 565 1834 in
575 1804 742 1844 provincia
757 1803 843 1843 apud
853 1803 932 1834 duas

211 1847 361 1877 civitates
384 1847 557 1887 deponere,
577 1846 769 1884 easdemque
791 1846 931 1876 totidem

210 1889 316 1919 verbis
337 1889 375 1919 ad
395 1890 545 1920 aerarium
567 1890 695 1919 referre.
716 1888 776 1928 Ep.
794 1889 835 1918 ad
857 1888 932 1918 Div.

211 1939 242 1960 v.
264 1933 314 1962 ⁶20.
331 1931 364 1961 ii.
392 1935 439 1965 17.
457 1931 498 1961 ad
519 1931 590 1961 Att.
603 1932 645 1961 vi.
663 1934 692 1964 7.
709 1940 754 1969 ne-
771 1931 933 1969 praetoriae

211 1973 302 2003 ultra
313 1983 450 2009 annum,
464 1974 650 2003 consulares
663 1973 751 2003 ultra
764 1972 933 2003 biennium

212 2015 453 2046 obtinerentur.
498 2016 582 2045 Phil.
605 2016 625 2045 i.
646 2018 675 2046 8.
719 2015 801 2054 Quae
821 2020 932 2045 autom

210 2055 265 2087 lex
283 2058 379 2088 dulia
401 2058 483 2088 Phil.
508 2058 553 2087 iii.
573 2060 619 2087 15.
643 2063 932 2094 commemoratur,

213 2109 252 2129 ex
266 2110 329 2138 qua
343 2100 691 2135 Brutumffllancium,
702 2099 845 2138 aliosque
859 2109 933 2139 pro-

212 2142 335 2172 vincias
355 2143 502 2173 obtinere
523 2141 673 2181 placebat
690 2142 852 2178 Ciceroni,
867 2142 933 2181 pri-

212 2183 369 2223 vilegium
391 2186 465 2221 luit,
495 2194 559 2223 quo
582 2184 633 2214 his
662 2184 837 2224 provinciae
862 2184 934 2214 istae

213 2225 300 2256 datie
321 2232 400 2256 sunt
422 2231 540 2257 contra
560 2226 666 2265 legem
691 2225 932 2265 Semproniam,

212 2277 286 2307 quae
306 2269 392 2300 SCto
408 2268 537 2299 decerni
561 2270 650 2300 Coss.
670 2273 704 2298 et
719 2268 833 2299 Praett.
851 2267 936 2298 desiss

212 2311 321 2349 gnatis
337 2311 517 2350 provincias
532 2311 675 2340 'ubebat.

255 2352 359 2383 JULIA
387 2354 425 2383 de
451 2322 647 2392 γθρέἒῑιητῖἰε,
669 2352 738 2382 lata
763 2352 798 2382 in
826 2351 933 2392 primo

213 2394 410 2432 Consulatu,
435 2400 507 2434 post
533 2394 759 2434 Calpurniam,
776 2395 932 2430 Aciliam,

214 2435 404 2473 Serviliam,
433 2437 626 2473 Corneliam,
649 2437 808 2467 acerrima
830 2438 933 2475 etju-

212 2479 366 2509 stissim‘a.
381 2480 468 2509 Sext.
482 2479 532 2509 64.
549 2479 581 2508 in
598 2480 658 2509 Pis.
672 2490 699 2509 c.
719 2480 765 2509 16.
778 2489 837 2519 pro
850 2478 932 2508 Rab.

213 2520 251 2550 P.
267 2531 294 2550 c.
310 2523 338 2550 4.
355 2522 389 2550 in
408 2521 519 2553 Vatin.
534 2532 562 2551 c.
584 2524 630 2552 122.
645 2522 754 2552 Ausus
769 2526 814 2551 est
836 2520 932 2551 Gabi-

213 2563 301 2599 nius,
326 2567 416 2593 muto
440 2564 528 2593 exire
549 2564 588 2593 de
594 2564 777 2603 provincia,
801 2563 934 2593 educere

214 2606 406 2641 exercitum,
425 2605 523 2644 (quod
537 2606 615 2635 olim
634 2605 704 2645 lege
731 2605 934 2645 prohibitum

215 2656 282 2676 non
303 2647 400 2677 fuisse
421 2647 540 2677 docent
567 2648 684 2678 Duker
705 2653 740 2678 et
761 2647 932 2678 Drakenb.

215 2689 259 2718 ad
272 2689 344 2719 Liv.
361 2689 456 2719 xxvii.
471 2689 535 2728 43.)
555 2691 673 2720 bellum
686 2700 745 2719 sua
760 2694 935 2730 spontege-

213 2741 298 2768 rere,
315 2732 349 2760 in.
363 2741 500 2769 regnum
513 2731 639 2773 injussu
649 2733 760 2771 populi
772 2736 832 2762 aut
843 2741 934 2761 sena-

214 2774 440 2809 tas-accedere,
455 2783 525 2812 quoe
538 2784 611 2804 cum
620 2776 777 2814 plui-inu?
792 2776 875 2812 leges
885 2783 935 2803 ve-

215 2819 310 2851 teres,
322 2819 392 2844 tam
408 2817 459 2845 lex
472 2815 619 2846 Cornelia
632 2815 825 2855 majestatis,
838 2816 936 2854 «Iulia

215 2857 256 2886 (ἵε
262 2858 411 2896 pecuniis
424 2859 612 2896 repetundis
619 2854 811 2898 planissime
826 2862 937 2888 vetant

217 2898 276 2928 ἃς.
308 2898 376 2928 Lex
398 2899 545 2929 Cornelia.
569 2905 671 2936 vetat,
687 2905 848 2939 quatenus
868 2909 937 2929 ma-

209 2940 316 2979 jestas
326 2941 505 2980 pop.Rom.
516 2942 565 2972 his
577 2943 670 2972 rebus
682 2943 861 2972 minuitur:
874 2941 938 2972 Ju—

216 2983 276 3020 ζία,
289 2983 365 3023 quia
377 2983 458 3014 talia
472 2983 541 3014 ficri
555 2984 664 3015 solent
683 2985 832 3025 peeuniae
849 2994 939 3015 acee-

775 204 933 232 mnssx
960 188 1145 232 11101111.

972 294 1037 330 ptae
1058 299 1168 320 cansa.
1193 288 1279 319 conf.
1301 298 1425 325 argum.
1450 288 1506 318 Or.
1528 299 1585 330 pro
1609 290 1691 322 Rab.

973 331 1084 362 Posth.
1098 332 1148 361 De
1161 330 1222 361 hac
1237 330 1307 369 lege
1319 336 1369 360 cst
1383 331 1482 360 etiam
1494 331 1584 362 locus
1596 333 1629 364 in
1640 334 1692 364 Pi-

972 383 1043 403 son.
1058 384 1085 403 c.
1101 375 1137 405 ⁶21
1147 395 1154 402 .
1177 372 1299 403 Eadem
1315 371 1366 402 lex
1377 377 1427 403 cst
1441 383 1514 411 quae
1527 373 1570 404 ibi
1586 375 1692 406 nomi-

973 421 1072 445 natur
1086 426 1114 445 c.
1129 417 1180 448 37.
1190 419 1224 444 ct
1240 415 1272 444 in
1285 414 1474 445 universum
1489 426 1529 446 ex
1546 415 1606 446 hac
1619 426 1693 448 ora-

972 458 1064 487 tione
1081 457 1258 496 plurimum
1281 456 1362 493 lucis
1385 457 1484 496 capit,
1499 457 1585 497 quod
1607 458 1642 489 in
1653 469 1694 490 ea

973 499 1176 537 objiciuntur
1190 498 1296 528 Pisoni
1310 503 1344 528 et
1360 499 1513 536 Gabinio,
1532 509 1605 540 quae
1615 510 1694 532 con-

973 546 1026 570 tra
1036 541 1121 571 hanc
1139 540 1245 579 legem
1260 540 1416 571 fecerant.
1463 541 1694 583 Constitutum

974 587 1045 612 erat
1059 593 1098 612 ea
1119 582 1203 621 lege,
1227 582 1304 621 quid
1319 587 1353 613 et
1368 593 1387 613 a
1406 593 1470 622 quo
1490 585 1635 625 accipere
1657 585 1693 616 in

974 625 1142 663 provincia
1163 624 1290 661 liceret,
1307 624 1347 654 ad
1373 624 1442 655 Att.
1466 636 1495 655 v.
1524 630 1573 656 10.
1593 631 1627 656 et
1647 627 1694 658 16.

976 665 1064 696 Scito
1073 677 1135 696 non
1146 667 1236 696 modo
1249 676 1304 696 nos
1305 665 1452 706 fimum,
1467 672 1539 705 aut,
1554 669 1639 708 quod
1651 670 1694 699 le-

971 717 1015 745 ge
1027 708 1123 739 Jucia
1144 709 1220 738 dari
1235 710 1324 744 solet,
1336 719 1398 739 non
1414 711 1569 749 accipere,
1579 708 1638 740 sed
1655 721 1696 742 ne

975 751 1068 788 ligna
1081 751 1221 790 quidem,
1236 760 1293 780 nec
1299 755 1421 790 praeter
1434 756 1588 790 quattuor
1601 754 1696 783 lectos

974 797 1005 821 ec
1018 797 1140 823 tectum
1155 802 1347 832 quemquam
1361 794 1506 833 accipere
1521 795 1696 834 quicquam

976 834 1034 864 διο.
1079 835 1224 865 ,lubebat
1245 835 1346 865 etiam
1370 840 1443 875 post
1467 835 1645 866 Serviliam
1659 843 1694 868 et

981 875 1177 914 Corneliam,
1204 877 1231 906 si
1258 887 1275 907 c
1303 877 1409 913 bonis,
1439 876 1478 907 de
1506 877 1696 917 repetundis

975 919 1197 956 condemnati,
1225 929 1291 949 non
1318 924 1452 949 tantum
1481 918 1696 958 redigeretur,
1721 951 1723 954 Α

975 961 1090 998 quanti
1103 963 1133 991 ei
1145 961 1184 991 lis
1199 962 1363 991 aestimata
1376 967 1473 998 esset,
1489 961 1642 1000 reliquias
1653 963 1695 993 ab

976 1003 1014 1032 iis
1046 1004 1206 1043 persequi,
1232 1003 1272 1034 ad
1301 1013 1380 1042 quos
1400 1015 1438 1034 ea
1463 1003 1603 1044 pecunia
1623 1014 1696 1044 per-

977 1045 1137 1083 venissct3
1161 1056 1200 1075 ex
1223 1056 1286 1085 quo
1310 1045 1390 1085 legis
1416 1046 1522 1086 capite
1545 1044 1696 1082 Rabirius

976 1086 1102 1123 Posth„
1119 1087 1337 1118 condemnato
1353 1098 1370 1118 e
1393 1088 1463 1128 lege
1477 1088 1574 1119 Julia
1597 1089 1695 1119 Gabi-

977 1128 1044 1164 nio,
1063 1133 1232 1160 accusatus
1245 1133 1305 1160 est.
1322 1130 1384 1160 vid.
1402 1141 1430 1160 0.
1444 1133 1474 1161 4.
1520 1130 1570 1160 Ea
1584 1135 1696 1162 autem

976 1171 1125 1201 oratione
1140 1172 1296 1208 ostendit,
1314 1172 1375 1202 hoc
1390 1173 1496 1212 capite
1511 1172 1591 1212 legis
1606 1173 1697 1213 equi-

975 1216 1039 1249 teS‚
1053 1217 1092 1243 ut
1106 1218 1179 1243 tota
1192 1213 1275 1254 lege,
1291 1224 1358 1245 non
1379 1215 1494 1245 teneri.
1539 1215 1695 1246 Ceterum

976 1255 1084 1285 multa
1097 1255 1195 1294 hujus
1215 1257 1296 1295 legis
1314 1257 1423 1297 capita
1439 1257 1537 1287 fuisse
1551 1256 1695 1297 intelligi

976 1301 1085 1335 potest
1108 1308 1125 1328 e
1152 1298 1247 1328 Coelii
1268 1300 1362 1338 epist.
1388 1301 1420 1330 8.
1446 1309 1510 1338 qua
1531 1308 1637 1342 unum
1661 1304 1697 1330 et

976 1340 1193 1370 centesimum
1217 1346 1315 1380 caput
1339 1341 1513 1378 laudatum
1536 1350 1609 1380 quae
1628 1342 1697 1382 epi-

976 1376 1061 1412 sto'la
1080 1382 1224 1412 multum
1240 1383 1320 1413 facit
1333 1383 1374 1413 ad
1393 1383 1489 1422 hujus
1503 1383 1584 1422 legis
1597 1385 1697 1423 ratio-

976 1432 1050 1453 nem
1071 1425 1340 1463 cognoscendam.
1387 1425 1462 1455 Huc
1485 1426 1630 1466 pertinet
1647 1429 1697 1456 et.-

976 1465 1039 1495 iam
1055 1466 1145 1496 locus
1165 1466 1269 1496 Flacc.
1285 1477 1312 1496 c.
1329 1468 1358 1497 6.
1396 1467 1446 1498 Ex
1461 1468 1498 1497 iis
1513 1467 1594 1507 leg-is
1609 1469 1697 1508 capi-

975 1508 1063 1537 tibus
1080 1508 1187 1538 multa
1207 1514 1335 1540 servata
1347 1515 1426 1540 sunt
1440 1510 1473 1539 in
1492 1509 1655 1541 Pandeete
1671 1509 1697 1541 l.

975 1549 1074 1580 xlviii.
1096 1551 1151 1580 tit.
1181 1553 1226 1580 11.
1256 1561 1286 1581 v.
1310 1551 1348 1582 de
1371 1552 1432 1582 hac
1450 1552 1520 1592 lege
1543 1552 1632 1592 Lips.
1656 1552 1698 1591 ad

974 1591 1053 1622 Tac.
1068 1592 1107 1622 A.
1123 1593 1187 1623 xiv.
1202 1595 1252 1624 28.
1272 1601 1306 1624 et
1323 1594 1471 1634 Interpp.
1487 1594 1637 1625 Suetonii
1655 1594 1697 1627 ad

976 1635 1058 1665 Caes.
1072 1637 1123 1665 43.

1016 1677 1120 1707 ‹JULlA
1144 1678 1182 1707 de
1201 1678 1388 1708 sacerdotiis
1404 1678 1485 1716 lata,
1509 1678 1542 1708 in
1559 1688 1624 1718 qua
1643 1678 1696 1710 lex

976 1716 1127 1749 Domitia
1146 1721 1297 1760 repetita,
1313 1725 1347 1750 et
1370 1721 1399 1750 ei
1418 1721 1565 1759 quaedam
1586 1721 1698 1752 addita
1715 1748 1718 1752 .

975 1767 1064 1790 sunt.
1111 1762 1157 1791 Ex
1173 1772 1211 1792 ea
1233 1762 1352 1792 licebat
1371 1763 1472 1792 etiam
1487 1763 1630 1793 absentis
1645 1773 1697 1794 ra-

975 1803 1099 1832 tioncm
1115 1803 1233 1834 habere
1249 1805 1283 1834 in
1302 1804 1448 1835 creandis
1463 1805 1696 1836 sacerdotibus.

977 1844 1018 1874 ad
1032 1845 1125 1875 Brut.
1141 1856 1190 1884 cp.
1207 1849 1236 1875 5.

1017 1887 1119 1918 -JULiA
1145 1888 1354 1925 Sumtuaria,
1378 1887 1419 1918 ad
1441 1888 1512 1918 Att.
1537 1889 1604 1920 xiii.
1626 1893 1657 1923 7.
1677 1901 1698 1921 a

976 1928 1148 1960 Dictatore
1192 1932 1319 1961 Caesare
1362 1930 1440 1960 lata.
1487 1930 1696 1972 Quamquam

976 1972 1064 2001 enim
1079 1972 1112 2001 P.
1129 1972 1300 2003 Manutius
1313 1973 1354 2002 ad
1367 1972 1435 2004 Cic.
1451 1983 1500 2012 ep.
1515 1973 1556 2003 ad
1568 1973 1696 2005 Divers.

975 2013 1029 2042 vii.
1048 2014 1099 2044 26.
1121 2014 1218 2054 plane
1233 2019 1329 2044 vocat
1343 2015 1377 2044 in
1399 2014 1535 2044 dubium
1551 2015 1635 2046 hanc
1651 2016 1698 2048 le-

977 2065 1062 2093 gem,
1079 2061 1177 2095 atque
1204 2058 1304 2086 etiam
1324 2056 1449 2086 Gellius
1472 2057 1505 2086 ii.
1521 2058 1571 2088 24.
1596 2059 1697 2090 Octa-

976 2098 1072 2127 viano
1095 2099 1213 2129 tribuit
1236 2097 1360 2128 Julian]
1385 2099 1622 2131 sumtuariam:
1645 2105 1697 2132 ta-

978 2149 1052 2170 men
1080 2151 1119 2170 ex
1145 2140 1165 2171 l.
1188 2151 1214 2170 c.
1244 2140 1322 2171 satis
1344 2145 1492 2180 apparet,
1515 2140 1697 2182 superiores

976 2183 1172 2213 sumtuarias
1185 2183 1271 2222 leges
1286 2182 1326 2212 ab
1338 2192 1376 2212 eo
1392 2184 1547 2223 repetitas
1560 2188 1596 2214 et
1608 2186 1697 2216 seve‘-

978 2224 1046 2253 rius
1075 2226 1216 2255 sancitas
1243 2224 1351 2255 fuisse.
1408 2225 1494 2255 Nam
1523 2232 1698 2265 propterea

976 2275 1015 2295 cx
1039 2266 1199 2306 Hispania
1221 2267 1362 2306 scripsit,
1385 2276 1419 2297 se
1439 2271 1554 2307 postea
1579 2268 1695 2300 Romae

977 2317 1182 2347 mansurum,
1197 2319 1238 2339 ne
1253 2308 1339 2348 leges
1353 2318 1421 2338 suae
1436 2309 1695 2349 negligerentur,

975 2355 1015 2379 ut
1028 2350 1179 2387 neglecta
1192 2356 1276 2382 esset
1288 2351 1357 2386 illa,
1368 2361 1465 2390 quam
1480 2351 1520 2381 de
1532 2353 1695 2385 sumtibus

976 2392 1131 2424 faciendis
1149 2394 1288 2424 tulisset.
1333 2393 1365 2423 Si
1381 2393 1422 2423 ab
1443 2393 1507 2423 alio
1523 2393 1591 2424 lata
1606 2404 1696 2426 sum-
1711 2424 1715 2427 .

976 2436 1084 2465 tuaria
1105 2436 1255 2475 neglecta
1271 2439 1368 2472 esset,
1386 2440 1425 2464 ut
1447 2435 1554 2475 placet
1575 2437 1697 2468 Manu·

975 2477 1036 2513 tio,
1052 2478 1138 2508 unde
1160 2479 1258 2508 timet
1281 2477 1402 2513 Caesar,
1421 2487 1461 2507 ne
1482 2487 1549 2508 suae
1566 2489 1696 2519 quoque

977 2520 1256 2550 contemnantur?
1301 2519 1451 2550 Aliorum
1487 2519 1574 2560 leges
1608 2531 1694 2562 saepe

977 2561 1141 2601 neglectas
1155 2563 1274 2592 scimus
1290 2561 1366 2602 (vid.
1382 2571 1411 2590 v.
1424 2572 1452 2591 c.
1454 2559 1698 2601 frumentariae
1713 2558 1716 2562 ’

977 2604 1098 2643 leges);
1132 2604 1188 2634 sed
1210 2613 1277 2633 non
1304 2602 1399 2634 facile
1423 2607 1495 2633 vivo
1519 2603 1636 2642 latore,
1660 2606 1707 2637 in'

976 2645 1088 2685 primis
1116 2656 1168 2683 eo,
1195 2646 1250 2685 qui
1271 2651 1388 2686 potens
1409 2650 1506 2682 esset,
1529 2653 1564 2677 et
1587 2646 1696 2687 legem

976 2697 1069 2718 suam
1093 2695 1318 2719 conservatam
1337 2687 1448 2718 vellet.
1494 2687 1608 2728 Itaque
1624 2686 1698 2722 Cte-

976 2739 1029 2760 sar
1059 2739 1125 2759 non
1156 2734 1315 2770 putasset,
1337 2729 1400 2760 hoc
1425 2730 1460 2760 in
1483 2729 1535 2760 his
1568 2729 1695 2770 legibus

977 2782 1135 2802 ausurum
1163 2782 1373 2812 quemquam,
1389 2776 1423 2801 et
1451 2776 1625 2812 propterea
1659 2774 1695 2804 in

980 2814 1173 2854 Hispaniam
1185 2814 1276 2844 abiit.
1295 2814 1394 2844 Nunc
1409 2824 1484 2844 cum
1495 2814 1591 2845 aliter
1605 2815 1695 2847 videt

978 2857 1133 2892 evenisse,
1147 2857 1258 2895 etjam
1275 2856 1407 2886 initium
1423 2856 1695 2896 negligendamm

979 2897 1088 2937 legum
1110 2908 1240 2928 suarum
1262 2899 1386 2928 factum
1410 2907 1478 2928 esse
1494 2899 1529 2928 in
1543 2902 1704 2940 summa--

979 2941 1045 2977 ria,
1067 2941 1183 2971 Romae
1205 2950 1336 2971 manere
1359 2939 1444 2976 vult,
1459 2943 1497 2970 ut
1518 2943 1695 2981 praesentia

980 2992 1041 3014 sua
1050 2982 1234 3013 ‘absterreat
1253 2982 1401 3013 ho'snines
1417 2992 1437 3013 a
1447 2982 1511 3013 tali·
1526 2980 1709 3015 maudein-‘⁴
