<?xml version="1.0" encoding="UTF-8"?>
<!DOCTYPE html PUBLIC "-//W3C//DTD XHTML 1.0 Transitional//EN"
    "http://www.w3.org/TR/xhtml1/DTD/xhtml1-transitional.dtd">
<html xmlns="http://www.w3.org/1999/xhtml" xml:lang="en" lang="en">
 <head>
  <title>
</title>
<meta http-equiv="Content-Type" content="text/html;charset=utf-8" />
  <meta name='ocr-system' content='tesseract 3.04.00' />
  <meta name='ocr-capabilities' content='ocr_page ocr_carea ocr_par ocr_line ocrx_word'/>
</head>
<body>
  <div class='ocr_page' id='page_1' title='image "./operaomnia05ciceuoft/operaomnia05ciceuoft_0030.png"; bbox 0 0 1815 3209; ppageno 0'>
   <div class='ocr_carea' id='block_1_1' title="bbox 240 175 300 224">
    <p class='ocr_par' dir='ltr' id='par_1_1' title="bbox 240 175 300 224">
     <span class='ocr_line' id='line_1_1' title="bbox 240 175 300 224; baseline 0 0"><span class='ocrx_word' id='word_1_1' title='bbox 240 175 300 224; x_wconf 63' lang='grc' dir='ltr'>’ρο</span> 
     </span>
    </p>
   </div>
   <div class='ocr_carea' id='block_1_2' title="bbox 236 278 982 3017">
    <p class='ocr_par' dir='ltr' id='par_1_2' title="bbox 236 278 977 1832">
     <span class='ocr_line' id='line_1_2' title="bbox 244 278 973 322; baseline 0 -11"><span class='ocrx_word' id='word_1_2' title='bbox 244 282 327 320; x_wconf 81' lang='lat' dir='ltr'>ejus,</span> <span class='ocrx_word' id='word_1_3' title='bbox 352 279 393 312; x_wconf 87' lang='lat' dir='ltr'>ad</span> <span class='ocrx_word' id='word_1_4' title='bbox 418 278 503 322; x_wconf 79' lang='lat' dir='ltr'>quod</span> <span class='ocrx_word' id='word_1_5' title='bbox 528 282 582 313; x_wconf 87' lang='lat' dir='ltr'>hic</span> <span class='ocrx_word' id='word_1_6' title='bbox 609 280 699 312; x_wconf 82' lang='lat' dir='ltr'>loeus</span> <span class='ocrx_word' id='word_1_7' title='bbox 723 282 881 322; x_wconf 77' lang='lat' dir='ltr'><strong>pertinet,</strong></span> <span class='ocrx_word' id='word_1_8' title='bbox 909 281 973 312; x_wconf 80' lang='lat' dir='ltr'>fuit</span> 
     </span>
     <span class='ocr_line' id='line_1_3' title="bbox 244 323 971 362; baseline 0 -8"><span class='ocrx_word' id='word_1_9' title='bbox 244 323 284 354; x_wconf 85' lang='lat' dir='ltr'>de</span> <span class='ocrx_word' id='word_1_10' title='bbox 317 325 548 362; x_wconf 73' lang='lat' dir='ltr'>intercessione</span> <span class='ocrx_word' id='word_1_11' title='bbox 582 325 765 355; x_wconf 87' lang='lat' dir='ltr'>tribunitia.</span> <span class='ocrx_word' id='word_1_12' title='bbox 811 323 859 354; x_wconf 87' lang='lat' dir='ltr'>Ex</span> <span class='ocrx_word' id='word_1_13' title='bbox 886 324 918 354; x_wconf 88' lang='lat' dir='ltr'>h.</span> <span class='ocrx_word' id='word_1_14' title='bbox 948 324 971 354; x_wconf 93' lang='lat' dir='ltr'>l.</span> 
     </span>
     <span class='ocr_line' id='line_1_4' title="bbox 240 364 973 407; baseline 0.003 -13"><span class='ocrx_word' id='word_1_15' title='bbox 240 364 393 397; x_wconf 77' lang='lat' dir='ltr'>&#39;videatur</span> <span class='ocrx_word' id='word_1_16' title='bbox 407 366 516 406; x_wconf 77' lang='lat' dir='ltr'>colligi</span> <span class='ocrx_word' id='word_1_17' title='bbox 532 375 636 407; x_wconf 84' lang='lat' dir='ltr'>posse,</span> <span class='ocrx_word' id='word_1_18' title='bbox 650 366 790 397; x_wconf 88' lang='lat' dir='ltr'>tribunis</span> <span class='ocrx_word' id='word_1_19' title='bbox 807 366 973 396; x_wconf 79' lang='lat' dir='ltr'>ademtam</span> 
     </span>
     <span class='ocr_line' id='line_1_5' title="bbox 244 407 973 449; baseline 0 -11"><span class='ocrx_word' id='word_1_20' title='bbox 244 407 343 439; x_wconf 80' lang='lat' dir='ltr'>fuisse</span> <span class='ocrx_word' id='word_1_21' title='bbox 378 413 576 449; x_wconf 81' lang='lat' dir='ltr'>potestatem</span> <span class='ocrx_word' id='word_1_22' title='bbox 610 407 844 445; x_wconf 83' lang='lat' dir='ltr'>intercedendi,</span> <span class='ocrx_word' id='word_1_23' title='bbox 874 418 973 447; x_wconf 81' lang='lat' dir='ltr'>quam</span> 
     </span>
     <span class='ocr_line' id='line_1_6' title="bbox 243 449 974 481; baseline -0.001 -1"><span class='ocrx_word' id='word_1_24' title='bbox 243 453 358 481; x_wconf 86' lang='lat' dir='ltr'>tamen</span> <span class='ocrx_word' id='word_1_25' title='bbox 399 460 499 481; x_wconf 88' lang='lat' dir='ltr'>unam</span> <span class='ocrx_word' id='word_1_26' title='bbox 536 450 682 481; x_wconf 81' lang='lat' dir='ltr'>relictam</span> <span class='ocrx_word' id='word_1_27' title='bbox 719 451 837 481; x_wconf 83' lang='lat' dir='ltr'>diserte</span> <span class='ocrx_word' id='word_1_28' title='bbox 870 449 974 481; x_wconf 82' lang='lat' dir='ltr'>tradit</span> 
     </span>
     <span class='ocr_line' id='line_1_7' title="bbox 246 491 971 533; baseline -0.003 -10"><span class='ocrx_word' id='word_1_29' title='bbox 246 491 361 523; x_wconf 80' lang='lat' dir='ltr'>Cicero</span> <span class='ocrx_word' id='word_1_30' title='bbox 375 493 414 523; x_wconf 89' lang='lat' dir='ltr'>de</span> <span class='ocrx_word' id='word_1_31' title='bbox 430 493 508 533; x_wconf 80' lang='lat' dir='ltr'>Leg.</span> <span class='ocrx_word' id='word_1_32' title='bbox 523 492 568 523; x_wconf 88' lang='lat' dir='ltr'>iii.</span> <span class='ocrx_word' id='word_1_33' title='bbox 585 497 615 527; x_wconf 81' lang='grc'>9.</span> <span class='ocrx_word' id='word_1_34' title='bbox 642 493 751 523; x_wconf 75' lang='lat' dir='ltr'>Caesar</span> <span class='ocrx_word' id='word_1_35' title='bbox 765 492 803 522; x_wconf 89' lang='grc' dir='ltr'>Β.</span> <span class='ocrx_word' id='word_1_36' title='bbox 821 492 889 522; x_wconf 83' lang='lat' dir='ltr'>Civ.</span> <span class='ocrx_word' id='word_1_37' title='bbox 904 493 925 522; x_wconf 95' lang='lat' dir='ltr'>i.</span> <span class='ocrx_word' id='word_1_38' title='bbox 943 495 971 521; x_wconf 91' lang='lat'>5.</span> 
     </span>
     <span class='ocr_line' id='line_1_8' title="bbox 247 533 974 565; baseline -0.001 0"><span class='ocrx_word' id='word_1_39' title='bbox 247 533 329 565; x_wconf 84' lang='lat' dir='ltr'>Eam</span> <span class='ocrx_word' id='word_1_40' title='bbox 345 535 571 565; x_wconf 83' lang='lat' dir='ltr'>difficultatem</span> <span class='ocrx_word' id='word_1_41' title='bbox 587 536 633 565; x_wconf 92' lang='lat' dir='ltr'>sie</span> <span class='ocrx_word' id='word_1_42' title='bbox 646 534 763 565; x_wconf 85' lang='lat' dir='ltr'>tollere</span> <span class='ocrx_word' id='word_1_43' title='bbox 777 539 887 565; x_wconf 85' lang='lat' dir='ltr'>tentat</span> <span class='ocrx_word' id='word_1_44' title='bbox 902 534 974 564; x_wconf 78' lang='lat' dir='ltr'>Ma-</span> 
     </span>
     <span class='ocr_line' id='line_1_9' title="bbox 246 577 976 617; baseline 0 -11"><span class='ocrx_word' id='word_1_45' title='bbox 246 577 373 613; x_wconf 81' lang='lat' dir='ltr'>nutius,</span> <span class='ocrx_word' id='word_1_46' title='bbox 401 583 440 607; x_wconf 85' lang='lat' dir='ltr'>nt</span> <span class='ocrx_word' id='word_1_47' title='bbox 466 577 634 617; x_wconf 84' lang='lat' dir='ltr'><strong>Opimium</strong></span> <span class='ocrx_word' id='word_1_48' title='bbox 667 582 761 616; x_wconf 84' lang='lat' dir='ltr'>putet</span> <span class='ocrx_word' id='word_1_49' title='bbox 790 577 976 617; x_wconf 78' lang='lat' dir='ltr'>opposuisse</span> 
     </span>
     <span class='ocr_line' id='line_1_10' title="bbox 246 618 976 658; baseline 0 -10"><span class='ocrx_word' id='word_1_50' title='bbox 246 627 280 648; x_wconf 84' lang='lat' dir='ltr'>se</span> <span class='ocrx_word' id='word_1_51' title='bbox 316 619 380 658; x_wconf 70' lang='lat' dir='ltr'>legi</span> <span class='ocrx_word' id='word_1_52' title='bbox 409 619 583 656; x_wconf 73' lang='lat' dir='ltr'>Corneliae,</span> <span class='ocrx_word' id='word_1_53' title='bbox 610 624 648 649; x_wconf 90' lang='lat' dir='ltr'>ut</span> <span class='ocrx_word' id='word_1_54' title='bbox 677 629 715 649; x_wconf 86' lang='lat' dir='ltr'>ea</span> <span class='ocrx_word' id='word_1_55' title='bbox 741 619 899 657; x_wconf 74' lang='lat' dir='ltr'>abrogata</span> <span class='ocrx_word' id='word_1_56' title='bbox 923 618 976 648; x_wconf 82' lang='lat' dir='ltr'>lcx</span> 
     </span>
     <span class='ocr_line' id='line_1_11' title="bbox 248 659 976 691; baseline -0.001 0"><span class='ocrx_word' id='word_1_57' title='bbox 248 661 284 690; x_wconf 86' lang='lat' dir='ltr'>C.</span> <span class='ocrx_word' id='word_1_58' title='bbox 308 661 432 691; x_wconf 72' lang='lat' dir='ltr'>Aurelii</span> <span class='ocrx_word' id='word_1_59' title='bbox 455 661 563 691; x_wconf 74' lang='lat' dir='ltr'>Cottae</span> <span class='ocrx_word' id='word_1_60' title='bbox 589 660 628 690; x_wconf 88' lang='lat' dir='ltr'>de</span> <span class='ocrx_word' id='word_1_61' title='bbox 653 661 855 691; x_wconf 75' lang='lat' dir='ltr'>restituenda</span> <span class='ocrx_word' id='word_1_62' title='bbox 872 659 976 691; x_wconf 84' lang='lat' dir='ltr'>tribn-</span> 
     </span>
     <span class='ocr_line' id='line_1_12' title="bbox 247 703 976 743; baseline 0 -11"><span class='ocrx_word' id='word_1_63' title='bbox 247 703 332 733; x_wconf 82' lang='lat' dir='ltr'>nitia</span> <span class='ocrx_word' id='word_1_64' title='bbox 360 708 521 743; x_wconf 73' lang='lat' dir='ltr'>potestate</span> <span class='ocrx_word' id='word_1_65' title='bbox 556 703 765 743; x_wconf 78' lang='lat' dir='ltr'>perferretur.</span> <span class='ocrx_word' id='word_1_66' title='bbox 810 703 872 733; x_wconf 84' lang='lat' dir='ltr'>Scd</span> <span class='ocrx_word' id='word_1_67' title='bbox 906 703 976 741; x_wconf 79' lang='lat' dir='ltr'>quis</span> 
     </span>
     <span class='ocr_line' id='line_1_13' title="bbox 247 745 976 785; baseline 0 -11"><span class='ocrx_word' id='word_1_68' title='bbox 247 754 394 784; x_wconf 82' lang='lat' dir='ltr'>unquam</span> <span class='ocrx_word' id='word_1_69' title='bbox 410 745 488 785; x_wconf 72' lang='lat' dir='ltr'>legit</span> <span class='ocrx_word' id='word_1_70' title='bbox 504 746 551 775; x_wconf 77' lang='lat' dir='ltr'>ita</span> <span class='ocrx_word' id='word_1_71' title='bbox 564 745 638 781; x_wconf 82' lang='lat' dir='ltr'>dici,</span> <span class='ocrx_word' id='word_1_72' title='bbox 655 745 851 775; x_wconf 72' lang='lat' dir='ltr'><strong><em>intercedere</em></strong></span> <span class='ocrx_word' id='word_1_73' title='bbox 862 749 976 775; x_wconf 80' lang='lat' dir='ltr'>contra</span> 
     </span>
     <span class='ocr_line' id='line_1_14' title="bbox 247 785 977 827; baseline 0 -11"><span class='ocrx_word' id='word_1_74' title='bbox 247 788 351 825; x_wconf 79' lang='lat' dir='ltr'>legem</span> <span class='ocrx_word' id='word_1_75' title='bbox 374 788 546 827; x_wconf 72' lang='lat' dir='ltr'>aliquam?</span> <span class='ocrx_word' id='word_1_76' title='bbox 568 787 733 818; x_wconf 70' lang='lat' dir='ltr'>Latinitas</span> <span class='ocrx_word' id='word_1_77' title='bbox 755 785 884 826; x_wconf 84' lang='lat' dir='ltr'>quidem</span> <span class='ocrx_word' id='word_1_78' title='bbox 906 787 977 817; x_wconf 74' lang='lat' dir='ltr'>haec</span> 
     </span>
     <span class='ocr_line' id='line_1_15' title="bbox 246 829 976 870; baseline 0 -12"><span class='ocrx_word' id='word_1_79' title='bbox 246 830 344 859; x_wconf 79' lang='lat' dir='ltr'>verba</span> <span class='ocrx_word' id='word_1_80' title='bbox 364 839 429 860; x_wconf 89' lang='lat' dir='ltr'>non</span> <span class='ocrx_word' id='word_1_81' title='bbox 457 829 553 859; x_wconf 79' lang='lat' dir='ltr'>aliter</span> <span class='ocrx_word' id='word_1_82' title='bbox 574 829 674 870; x_wconf 79' lang='lat' dir='ltr'>accipi</span> <span class='ocrx_word' id='word_1_83' title='bbox 701 829 838 870; x_wconf 84' lang='lat' dir='ltr'>patitur,</span> <span class='ocrx_word' id='word_1_84' title='bbox 864 839 976 868; x_wconf 83' lang='lat' dir='ltr'>quam,</span> 
     </span>
     <span class='ocr_line' id='line_1_16' title="bbox 244 872 977 910; baseline 0 -10"><span class='ocrx_word' id='word_1_85' title='bbox 244 872 443 901; x_wconf 72' lang='lat' dir='ltr'>intercedere</span> <span class='ocrx_word' id='word_1_86' title='bbox 475 875 605 901; x_wconf 60' lang='lat' dir='ltr'>‘flemme</span> <span class='ocrx_word' id='word_1_87' title='bbox 633 873 714 910; x_wconf 72' lang='lat' dir='ltr'>lege,</span> <span class='ocrx_word' id='word_1_88' title='bbox 743 873 853 908; x_wconf 76' lang='lat' dir='ltr'>aliter,</span> <span class='ocrx_word' id='word_1_89' title='bbox 878 881 977 910; x_wconf 79' lang='lat' dir='ltr'>qnam</span> 
     </span>
     <span class='ocr_line' id='line_1_17' title="bbox 247 912 974 953; baseline 0.003 -12"><span class='ocrx_word' id='word_1_90' title='bbox 247 912 454 953; x_wconf 63' lang='lat' dir='ltr'>lexjasscril,</span> <span class='ocrx_word' id='word_1_91' title='bbox 469 914 675 944; x_wconf 66' lang='lat' dir='ltr'>intercedere.</span> <span class='ocrx_word' id='word_1_92' title='bbox 719 914 781 944; x_wconf 82' lang='lat' dir='ltr'>Res</span> <span class='ocrx_word' id='word_1_93' title='bbox 802 918 913 944; x_wconf 85' lang='lat' dir='ltr'>autem</span> <span class='ocrx_word' id='word_1_94' title='bbox 929 914 974 943; x_wconf 87' lang='lat' dir='ltr'>sic</span> 
     </span>
     <span class='ocr_line' id='line_1_18' title="bbox 245 955 974 987; baseline 0.003 -4"><span class='ocrx_word' id='word_1_95' title='bbox 245 963 279 984; x_wconf 72' lang='lat' dir='ltr'>se</span> <span class='ocrx_word' id='word_1_96' title='bbox 307 955 423 986; x_wconf 81' lang='lat' dir='ltr'>habet:</span> <span class='ocrx_word' id='word_1_97' title='bbox 448 956 516 986; x_wconf 79' lang='lat' dir='ltr'>Lex</span> <span class='ocrx_word' id='word_1_98' title='bbox 543 956 696 987; x_wconf 77' lang='lat' dir='ltr'>Cornelia</span> <span class='ocrx_word' id='word_1_99' title='bbox 727 955 892 986; x_wconf 79' lang='lat' dir='ltr'>ademerat</span> <span class='ocrx_word' id='word_1_100' title='bbox 915 955 974 985; x_wconf 88' lang='lat' dir='ltr'>tri-</span> 
     </span>
     <span class='ocr_line' id='line_1_19' title="bbox 245 997 976 1035; baseline 0.001 -9"><span class='ocrx_word' id='word_1_101' title='bbox 245 997 342 1027; x_wconf 88' lang='lat' dir='ltr'>bunis</span> <span class='ocrx_word' id='word_1_102' title='bbox 368 998 645 1035; x_wconf 74' lang='lat' dir='ltr'>intercessionem,</span> <span class='ocrx_word' id='word_1_103' title='bbox 673 1006 740 1028; x_wconf 83' lang='lat' dir='ltr'>non</span> <span class='ocrx_word' id='word_1_104' title='bbox 763 1001 877 1028; x_wconf 85' lang='lat' dir='ltr'>tamen</span> <span class='ocrx_word' id='word_1_105' title='bbox 906 1006 976 1027; x_wconf 88' lang='lat' dir='ltr'>om-</span> 
     </span>
     <span class='ocr_line' id='line_1_20' title="bbox 246 1038 977 1079; baseline 0 -11"><span class='ocrx_word' id='word_1_106' title='bbox 246 1040 338 1076; x_wconf 89' lang='lat' dir='ltr'>nino,</span> <span class='ocrx_word' id='word_1_107' title='bbox 361 1039 416 1069; x_wconf 85' lang='lat' dir='ltr'>sed</span> <span class='ocrx_word' id='word_1_108' title='bbox 436 1041 523 1069; x_wconf 87' lang='lat' dir='ltr'>utin</span> <span class='ocrx_word' id='word_1_109' title='bbox 543 1039 644 1070; x_wconf 84' lang='lat' dir='ltr'>causis</span> <span class='ocrx_word' id='word_1_110' title='bbox 667 1039 859 1079; x_wconf 85' lang='lat' dir='ltr'>quibusdam</span> <span class='ocrx_word' id='word_1_111' title='bbox 880 1038 977 1069; x_wconf 86' lang='lat' dir='ltr'>relin-</span> 
     </span>
     <span class='ocr_line' id='line_1_21' title="bbox 246 1081 976 1121; baseline 0 -11"><span class='ocrx_word' id='word_1_112' title='bbox 246 1084 414 1120; x_wconf 83' lang='lat' dir='ltr'>queretur,</span> <span class='ocrx_word' id='word_1_113' title='bbox 434 1085 491 1112; x_wconf 78' lang='lat' dir='ltr'>aut</span> <span class='ocrx_word' id='word_1_114' title='bbox 515 1082 551 1112; x_wconf 91' lang='lat' dir='ltr'>iis</span> <span class='ocrx_word' id='word_1_115' title='bbox 570 1082 690 1112; x_wconf 82' lang='lat' dir='ltr'>finibus</span> <span class='ocrx_word' id='word_1_116' title='bbox 712 1081 976 1121; x_wconf 82' lang='lat' dir='ltr'>circumscriptus</span> 
     </span>
     <span class='ocr_line' id='line_1_22' title="bbox 245 1122 977 1164; baseline 0 -12"><span class='ocrx_word' id='word_1_117' title='bbox 245 1128 330 1153; x_wconf 84' lang='lat' dir='ltr'>esset</span> <span class='ocrx_word' id='word_1_118' title='bbox 351 1125 419 1164; x_wconf 80' lang='lat' dir='ltr'>ejus</span> <span class='ocrx_word' id='word_1_119' title='bbox 441 1133 531 1159; x_wconf 78' lang='lat' dir='ltr'>usus,</span> <span class='ocrx_word' id='word_1_120' title='bbox 555 1129 592 1154; x_wconf 81' lang='lat' dir='ltr'>ut</span> <span class='ocrx_word' id='word_1_121' title='bbox 618 1134 690 1154; x_wconf 83' lang='lat' dir='ltr'>raro</span> <span class='ocrx_word' id='word_1_122' title='bbox 714 1123 913 1154; x_wconf 67' lang='lat' dir='ltr'>intercedere</span> <span class='ocrx_word' id='word_1_123' title='bbox 937 1122 977 1152; x_wconf 84' lang='lat' dir='ltr'>li-</span> 
     </span>
     <span class='ocr_line' id='line_1_23' title="bbox 245 1165 976 1201; baseline -0.001 -6"><span class='ocrx_word' id='word_1_124' title='bbox 245 1170 343 1195; x_wconf 85' lang='lat' dir='ltr'>ceret.</span> <span class='ocrx_word' id='word_1_125' title='bbox 387 1166 494 1197; x_wconf 82' lang='lat' dir='ltr'>Locus</span> <span class='ocrx_word' id='word_1_126' title='bbox 511 1166 647 1196; x_wconf 73' lang='lat' dir='ltr'>Caesaris</span> <span class='ocrx_word' id='word_1_127' title='bbox 670 1166 796 1196; x_wconf 81' lang='lat' dir='ltr'>videtur</span> <span class='ocrx_word' id='word_1_128' title='bbox 819 1165 976 1201; x_wconf 78' lang='lat' dir='ltr'>indicare,</span> 
     </span>
     <span class='ocr_line' id='line_1_24' title="bbox 243 1206 974 1247; baseline 0.001 -11"><span class='ocrx_word' id='word_1_129' title='bbox 243 1206 373 1238; x_wconf 82' lang='lat' dir='ltr'>licuisse</span> <span class='ocrx_word' id='word_1_130' title='bbox 399 1208 610 1245; x_wconf 82' lang='lat' dir='ltr'>intercedere,</span> <span class='ocrx_word' id='word_1_131' title='bbox 638 1208 664 1238; x_wconf 90' lang='lat' dir='ltr'>si</span> <span class='ocrx_word' id='word_1_132' title='bbox 688 1209 758 1247; x_wconf 77' lang='lat' dir='ltr'>quis</span> <span class='ocrx_word' id='word_1_133' title='bbox 781 1218 840 1238; x_wconf 88' lang='lat' dir='ltr'>sua</span> <span class='ocrx_word' id='word_1_134' title='bbox 858 1211 974 1247; x_wconf 80' lang='lat' dir='ltr'>sponte</span> 
     </span>
     <span class='ocr_line' id='line_1_25' title="bbox 242 1249 975 1290; baseline 0.001 -12"><span class='ocrx_word' id='word_1_135' title='bbox 242 1249 478 1281; x_wconf 83' lang='lat' dir='ltr'>intercederet:</span> <span class='ocrx_word' id='word_1_136' title='bbox 511 1250 732 1290; x_wconf 81' lang='lat' dir='ltr'>Reprehendit</span> <span class='ocrx_word' id='word_1_137' title='bbox 759 1251 847 1281; x_wconf 85' lang='lat' dir='ltr'>enirn</span> <span class='ocrx_word' id='word_1_138' title='bbox 875 1250 975 1279; x_wconf 77' lang='lat' dir='ltr'>Sena-</span> 
     </span>
     <span class='ocr_line' id='line_1_26' title="bbox 244 1292 974 1331; baseline 0 -10"><span class='ocrx_word' id='word_1_139' title='bbox 244 1295 331 1329; x_wconf 85' lang='lat' dir='ltr'><strong>tum,</strong></span> <span class='ocrx_word' id='word_1_140' title='bbox 350 1293 405 1331; x_wconf 89' lang='lat' dir='ltr'>qui</span> <span class='ocrx_word' id='word_1_141' title='bbox 425 1293 527 1323; x_wconf 82' lang='lat' dir='ltr'>talem</span> <span class='ocrx_word' id='word_1_142' title='bbox 547 1293 684 1323; x_wconf 86' lang='lat' dir='ltr'>Antonii</span> <span class='ocrx_word' id='word_1_143' title='bbox 708 1292 974 1323; x_wconf 75' lang='lat' dir='ltr'>intercessionem</span> 
     </span>
     <span class='ocr_line' id='line_1_27' title="bbox 244 1334 972 1375; baseline 0.001 -12"><span class='ocrx_word' id='word_1_144' title='bbox 244 1334 432 1365; x_wconf 82' lang='lat' dir='ltr'>sustulerit:</span> <span class='ocrx_word' id='word_1_145' title='bbox 470 1345 536 1365; x_wconf 88' lang='lat' dir='ltr'>non</span> <span class='ocrx_word' id='word_1_146' title='bbox 564 1346 639 1365; x_wconf 86' lang='lat' dir='ltr'>cum</span> <span class='ocrx_word' id='word_1_147' title='bbox 667 1335 850 1375; x_wconf 80' lang='lat' dir='ltr'>appellatus</span> <span class='ocrx_word' id='word_1_148' title='bbox 877 1338 972 1364; x_wconf 84' lang='lat' dir='ltr'>esset.</span> 
     </span>
     <span class='ocr_line' id='line_1_28' title="bbox 244 1375 974 1416; baseline -0.001 -10"><span class='ocrx_word' id='word_1_149' title='bbox 244 1375 334 1406; x_wconf 86' lang='lat' dir='ltr'>Nam</span> <span class='ocrx_word' id='word_1_150' title='bbox 368 1377 394 1407; x_wconf 90' lang='lat' dir='ltr'>si</span> <span class='ocrx_word' id='word_1_151' title='bbox 430 1378 535 1407; x_wconf 80' lang='lat' dir='ltr'>omnis</span> <span class='ocrx_word' id='word_1_152' title='bbox 571 1377 713 1416; x_wconf 77' lang='lat' dir='ltr'>dignitas</span> <span class='ocrx_word' id='word_1_153' title='bbox 747 1377 878 1408; x_wconf 85' lang='lat' dir='ltr'>ademta</span> <span class='ocrx_word' id='word_1_154' title='bbox 911 1381 974 1412; x_wconf 85' lang='lat' dir='ltr'>est,</span> 
     </span>
     <span class='ocr_line' id='line_1_29' title="bbox 244 1418 973 1454; baseline -0.001 -6"><span class='ocrx_word' id='word_1_155' title='bbox 244 1418 346 1448; x_wconf 79' lang='lat' dir='ltr'>etiam</span> <span class='ocrx_word' id='word_1_156' title='bbox 381 1419 451 1449; x_wconf 76' lang='lat' dir='ltr'>haec</span> <span class='ocrx_word' id='word_1_157' title='bbox 486 1419 595 1450; x_wconf 80' lang='lat' dir='ltr'>ablata</span> <span class='ocrx_word' id='word_1_158' title='bbox 621 1420 721 1449; x_wconf 87' lang='lat' dir='ltr'>fuerit</span> <span class='ocrx_word' id='word_1_159' title='bbox 755 1428 883 1449; x_wconf 84' lang='lat' dir='ltr'>neeesse</span> <span class='ocrx_word' id='word_1_160' title='bbox 911 1422 973 1454; x_wconf 83' lang='lat' dir='ltr'>cst,</span> 
     </span>
     <span class='ocr_line' id='line_1_30' title="bbox 245 1461 974 1502; baseline 0 -12"><span class='ocrx_word' id='word_1_161' title='bbox 245 1468 286 1491; x_wconf 84' lang='lat' dir='ltr'>nc</span> <span class='ocrx_word' id='word_1_162' title='bbox 323 1461 479 1502; x_wconf 82' lang='lat' dir='ltr'>appellari</span> <span class='ocrx_word' id='word_1_163' title='bbox 506 1467 638 1501; x_wconf 77' lang='lat' dir='ltr'>possent</span> <span class='ocrx_word' id='word_1_164' title='bbox 665 1462 810 1492; x_wconf 85' lang='lat' dir='ltr'>tribuni:</span> <span class='ocrx_word' id='word_1_165' title='bbox 848 1461 883 1491; x_wconf 88' lang='lat' dir='ltr'>in</span> <span class='ocrx_word' id='word_1_166' title='bbox 910 1470 974 1499; x_wconf 78' lang='lat' dir='ltr'>quo</span> 
     </span>
     <span class='ocr_line' id='line_1_31' title="bbox 244 1503 973 1543; baseline 0 -11"><span class='ocrx_word' id='word_1_167' title='bbox 244 1504 390 1534; x_wconf 71' lang='lat' dir='ltr'>maxima</span> <span class='ocrx_word' id='word_1_168' title='bbox 417 1503 568 1543; x_wconf 83' lang='lat' dir='ltr'>dignitas.</span> <span class='ocrx_word' id='word_1_169' title='bbox 613 1504 747 1543; x_wconf 76' lang='lat' dir='ltr'>Pighius</span> <span class='ocrx_word' id='word_1_170' title='bbox 775 1503 816 1534; x_wconf 88' lang='lat' dir='ltr'>ad</span> <span class='ocrx_word' id='word_1_171' title='bbox 844 1514 872 1533; x_wconf 86' lang='lat' dir='ltr'>a.</span> <span class='ocrx_word' id='word_1_172' title='bbox 901 1503 973 1537; x_wconf 71' lang='lat'><strong>67¹2.</strong></span> 
     </span>
     <span class='ocr_line' id='line_1_32' title="bbox 243 1544 975 1586; baseline 0.001 -12"><span class='ocrx_word' id='word_1_173' title='bbox 243 1544 361 1581; x_wconf 80' lang='lat' dir='ltr'>tradit,</span> <span class='ocrx_word' id='word_1_174' title='bbox 383 1552 517 1576; x_wconf 80' lang='lat' dir='ltr'>cautum</span> <span class='ocrx_word' id='word_1_175' title='bbox 538 1546 608 1586; x_wconf 79' lang='lat' dir='ltr'>lege</span> <span class='ocrx_word' id='word_1_176' title='bbox 629 1545 782 1576; x_wconf 85' lang='lat' dir='ltr'>Cornelia</span> <span class='ocrx_word' id='word_1_177' title='bbox 801 1546 910 1581; x_wconf 79' lang='lat' dir='ltr'>fuisse,</span> <span class='ocrx_word' id='word_1_178' title='bbox 935 1555 975 1575; x_wconf 87' lang='lat' dir='ltr'>ne</span> 
     </span>
     <span class='ocr_line' id='line_1_33' title="bbox 244 1586 975 1628; baseline -0.001 -11"><span class='ocrx_word' id='word_1_179' title='bbox 244 1586 486 1627; x_wconf 80' lang='lat' dir='ltr'>appellantibus</span> <span class='ocrx_word' id='word_1_180' title='bbox 508 1598 604 1628; x_wconf 84' lang='lat' dir='ltr'>opem</span> <span class='ocrx_word' id='word_1_181' title='bbox 628 1588 764 1623; x_wconf 85' lang='lat' dir='ltr'>ferrent,</span> <span class='ocrx_word' id='word_1_182' title='bbox 787 1588 847 1618; x_wconf 85' lang='lat' dir='ltr'>nisi</span> <span class='ocrx_word' id='word_1_183' title='bbox 867 1588 975 1627; x_wconf 76' lang='lat' dir='ltr'>juras-</span> 
     </span>
     <span class='ocr_line' id='line_1_34' title="bbox 245 1630 974 1669; baseline 0.001 -11"><span class='ocrx_word' id='word_1_184' title='bbox 245 1634 331 1666; x_wconf 78' lang='lat' dir='ltr'>sent,</span> <span class='ocrx_word' id='word_1_185' title='bbox 348 1639 380 1660; x_wconf 81' lang='lat' dir='ltr'>se</span> <span class='ocrx_word' id='word_1_186' title='bbox 403 1630 499 1660; x_wconf 83' lang='lat' dir='ltr'>aiiter</span> <span class='ocrx_word' id='word_1_187' title='bbox 519 1640 610 1669; x_wconf 84' lang='lat' dir='ltr'>aequo</span> <span class='ocrx_word' id='word_1_188' title='bbox 627 1631 703 1669; x_wconf 90' lang='lat' dir='ltr'>jure</span> <span class='ocrx_word' id='word_1_189' title='bbox 721 1631 771 1660; x_wconf 89' lang='lat' dir='ltr'>uti</span> <span class='ocrx_word' id='word_1_190' title='bbox 789 1639 853 1660; x_wconf 88' lang='lat' dir='ltr'>non</span> <span class='ocrx_word' id='word_1_191' title='bbox 872 1639 974 1669; x_wconf 83' lang='lat' dir='ltr'>posse.</span> 
     </span>
     <span class='ocr_line' id='line_1_35' title="bbox 244 1671 975 1715; baseline 0 -14"><span class='ocrx_word' id='word_1_192' title='bbox 244 1671 282 1702; x_wconf 88' lang='lat' dir='ltr'>Id</span> <span class='ocrx_word' id='word_1_193' title='bbox 308 1672 395 1702; x_wconf 87' lang='lat' dir='ltr'>unde</span> <span class='ocrx_word' id='word_1_194' title='bbox 420 1672 577 1709; x_wconf 83' lang='lat' dir='ltr'>hauserit,</span> <span class='ocrx_word' id='word_1_195' title='bbox 604 1673 729 1702; x_wconf 84' lang='lat' dir='ltr'>nescio:</span> <span class='ocrx_word' id='word_1_196' title='bbox 753 1672 838 1711; x_wconf 83' lang='lat' dir='ltr'>quod</span> <span class='ocrx_word' id='word_1_197' title='bbox 863 1677 975 1715; x_wconf 74' lang='lat' dir='ltr'>tamen</span> 
     </span>
     <span class='ocr_line' id='line_1_36' title="bbox 236 1714 975 1753; baseline 0.001 -10"><span class='ocrx_word' id='word_1_198' title='bbox 236 1719 293 1744; x_wconf 79' lang='lat' dir='ltr'>‘est</span> <span class='ocrx_word' id='word_1_199' title='bbox 308 1714 492 1744; x_wconf 82' lang='lat' dir='ltr'>absurdum.</span> <span class='ocrx_word' id='word_1_200' title='bbox 524 1714 612 1745; x_wconf 80' lang='lat' dir='ltr'>Illud</span> <span class='ocrx_word' id='word_1_201' title='bbox 626 1720 751 1745; x_wconf 86' lang='lat' dir='ltr'>certum</span> <span class='ocrx_word' id='word_1_202' title='bbox 766 1719 828 1750; x_wconf 87' lang='lat' dir='ltr'>est,</span> <span class='ocrx_word' id='word_1_203' title='bbox 845 1714 975 1753; x_wconf 81' lang='lat' dir='ltr'>culpam</span> 
     </span>
     <span class='ocr_line' id='line_1_37' title="bbox 245 1755 975 1797; baseline 0 -11"><span class='ocrx_word' id='word_1_204' title='bbox 245 1756 286 1787; x_wconf 88' lang='lat' dir='ltr'>ab</span> <span class='ocrx_word' id='word_1_205' title='bbox 306 1755 437 1796; x_wconf 89' lang='lat' dir='ltr'>Opimio</span> <span class='ocrx_word' id='word_1_206' title='bbox 460 1757 668 1787; x_wconf 75' lang='lat' dir='ltr'>commissam</span> <span class='ocrx_word' id='word_1_207' title='bbox 690 1766 741 1794; x_wconf 83' lang='lat' dir='ltr'>eo,</span> <span class='ocrx_word' id='word_1_208' title='bbox 762 1756 848 1797; x_wconf 89' lang='lat' dir='ltr'>quod</span> <span class='ocrx_word' id='word_1_209' title='bbox 869 1756 975 1787; x_wconf 85' lang='lat' dir='ltr'>alieno</span> 
     </span>
     <span class='ocr_line' id='line_1_38' title="bbox 243 1799 571 1832; baseline 0.003 -3"><span class='ocrx_word' id='word_1_210' title='bbox 243 1799 316 1829; x_wconf 89' lang='lat' dir='ltr'>loco</span> <span class='ocrx_word' id='word_1_211' title='bbox 333 1799 571 1832; x_wconf 73' lang='lat' dir='ltr'>intercesserat.</span> 
     </span>
    </p>

    <p class='ocr_par' dir='ltr' id='par_1_3' title="bbox 249 1840 974 1914">
     <span class='ocr_line' id='line_1_39' title="bbox 287 1840 974 1878; baseline 0.001 -7"><span class='ocrx_word' id='word_1_212' title='bbox 287 1841 347 1872; x_wconf 86' lang='lat' dir='ltr'>Cn.</span> <span class='ocrx_word' id='word_1_213' title='bbox 378 1840 545 1872; x_wconf 74' lang='lat' dir='ltr'>CORNELH</span> <span class='ocrx_word' id='word_1_214' title='bbox 570 1846 604 1871; x_wconf 85' lang='lat' dir='ltr'>et</span> <span class='ocrx_word' id='word_1_215' title='bbox 630 1841 668 1871; x_wconf 88' lang='lat' dir='ltr'>L.</span> <span class='ocrx_word' id='word_1_216' title='bbox 693 1842 830 1878; x_wconf 76' lang='lat' dir='ltr'>GELLu,</span> <span class='ocrx_word' id='word_1_217' title='bbox 856 1840 910 1871; x_wconf 82' lang='lat' dir='ltr'>vid</span> <span class='ocrx_word' id='word_1_218' title='bbox 932 1841 974 1872; x_wconf 92' lang='lat' dir='ltr'>L.</span> 
     </span>
     <span class='ocr_line' id='line_1_40' title="bbox 249 1882 634 1914; baseline -0.005 0"><span class='ocrx_word' id='word_1_219' title='bbox 249 1882 346 1914; x_wconf 73' lang='lat' dir='ltr'>Gellii</span> <span class='ocrx_word' id='word_1_220' title='bbox 361 1888 391 1914; x_wconf 71' lang='lat' dir='ltr'>et</span> <span class='ocrx_word' id='word_1_221' title='bbox 411 1883 465 1914; x_wconf 75' lang='lat' dir='ltr'>Cn.</span> <span class='ocrx_word' id='word_1_222' title='bbox 487 1883 634 1914; x_wconf 75' lang='lat' dir='ltr'>Cornelii.</span> 
     </span>
    </p>

    <p class='ocr_par' dir='ltr' id='par_1_4' title="bbox 238 1925 980 2932">
     <span class='ocr_line' id='line_1_41' title="bbox 286 1925 974 1966; baseline -0.001 -10"><span class='ocrx_word' id='word_1_223' title='bbox 286 1926 471 1957; x_wconf 72' lang='lat' dir='ltr'>CORNELIAE</span> <span class='ocrx_word' id='word_1_224' title='bbox 496 1926 532 1956; x_wconf 91' lang='lat' dir='ltr'>C.</span> <span class='ocrx_word' id='word_1_225' title='bbox 553 1925 709 1961; x_wconf 89' lang='lat' dir='ltr'>Cornelii,</span> <span class='ocrx_word' id='word_1_226' title='bbox 730 1925 786 1965; x_wconf 90' lang='lat' dir='ltr'>qui</span> <span class='ocrx_word' id='word_1_227' title='bbox 804 1925 882 1956; x_wconf 88' lang='lat' dir='ltr'>trib.</span> <span class='ocrx_word' id='word_1_228' title='bbox 906 1925 974 1966; x_wconf 86' lang='lat' dir='ltr'>plc-</span> 
     </span>
     <span class='ocr_line' id='line_1_42' title="bbox 243 1967 975 2003; baseline 0.001 -6"><span class='ocrx_word' id='word_1_229' title='bbox 243 1967 291 1997; x_wconf 88' lang='lat' dir='ltr'>bis</span> <span class='ocrx_word' id='word_1_230' title='bbox 314 1968 351 1998; x_wconf 88' lang='lat' dir='ltr'>A.</span> <span class='ocrx_word' id='word_1_231' title='bbox 374 1968 415 1999; x_wconf 88' lang='lat' dir='ltr'>U.</span> <span class='ocrx_word' id='word_1_232' title='bbox 436 1975 625 1999; x_wconf 69' lang='lat' dir='ltr'>Dctxxxw.</span> <span class='ocrx_word' id='word_1_233' title='bbox 652 1968 729 2003; x_wconf 82' lang='lat' dir='ltr'>fuit,</span> <span class='ocrx_word' id='word_1_234' title='bbox 748 1973 975 1998; x_wconf 78' lang='lat' dir='ltr'>memorantur</span> 
     </span>
     <span class='ocr_line' id='line_1_43' title="bbox 243 2009 973 2049; baseline 0 -9"><span class='ocrx_word' id='word_1_235' title='bbox 243 2010 284 2040; x_wconf 77' lang='lat' dir='ltr'>ab</span> <span class='ocrx_word' id='word_1_236' title='bbox 297 2009 437 2040; x_wconf 79' lang='lat' dir='ltr'>Asconio</span> <span class='ocrx_word' id='word_1_237' title='bbox 451 2010 593 2041; x_wconf 83' lang='lat' dir='ltr'>Pediano</span> <span class='ocrx_word' id='word_1_238' title='bbox 607 2010 641 2039; x_wconf 88' lang='lat' dir='ltr'>in</span> <span class='ocrx_word' id='word_1_239' title='bbox 657 2010 792 2049; x_wconf 86' lang='lat' dir='ltr'>Argum.</span> <span class='ocrx_word' id='word_1_240' title='bbox 807 2010 973 2041; x_wconf 73' lang='lat' dir='ltr'>Orationis</span> 
     </span>
     <span class='ocr_line' id='line_1_44' title="bbox 242 2052 974 2092; baseline 0.003 -11"><span class='ocrx_word' id='word_1_241' title='bbox 242 2061 301 2091; x_wconf 89' lang='lat' dir='ltr'>pro</span> <span class='ocrx_word' id='word_1_242' title='bbox 331 2052 459 2091; x_wconf 79' lang='lat' dir='ltr'>Cornel.</span> <span class='ocrx_word' id='word_1_243' title='bbox 489 2052 576 2092; x_wconf 87' lang='lat' dir='ltr'>quod</span> <span class='ocrx_word' id='word_1_244' title='bbox 602 2052 796 2090; x_wconf 61' lang='lat' dir='ltr'>fragmentis</span> <span class='ocrx_word' id='word_1_245' title='bbox 828 2053 974 2092; x_wconf 82' lang='lat' dir='ltr'>praemit-</span> 
     </span>
     <span class='ocr_line' id='line_1_45' title="bbox 243 2094 973 2134; baseline 0.001 -11"><span class='ocrx_word' id='word_1_246' title='bbox 243 2095 328 2124; x_wconf 85' lang='lat' dir='ltr'>titur</span> <span class='ocrx_word' id='word_1_247' title='bbox 349 2106 381 2134; x_wconf 87' lang='lat' dir='ltr'>p.</span> <span class='ocrx_word' id='word_1_248' title='bbox 404 2095 475 2126; x_wconf 68' lang='lat'><strong>6216.</strong></span> <span class='ocrx_word' id='word_1_249' title='bbox 496 2105 521 2125; x_wconf 93' lang='lat' dir='ltr'>s.</span> <span class='ocrx_word' id='word_1_250' title='bbox 547 2103 582 2125; x_wconf 87' lang='lat' dir='ltr'>et</span> <span class='ocrx_word' id='word_1_251' title='bbox 607 2094 642 2124; x_wconf 86' lang='lat' dir='ltr'>in</span> <span class='ocrx_word' id='word_1_252' title='bbox 667 2094 743 2134; x_wconf 83' lang='lat' dir='ltr'>ipsis</span> <span class='ocrx_word' id='word_1_253' title='bbox 769 2094 973 2133; x_wconf 76' lang='lat' dir='ltr'>fragmentis.</span> 
     </span>
     <span class='ocr_line' id='line_1_46' title="bbox 244 2135 973 2177; baseline 0 -11"><span class='ocrx_word' id='word_1_254' title='bbox 244 2135 284 2166; x_wconf 85' lang='lat' dir='ltr'>In</span> <span class='ocrx_word' id='word_1_255' title='bbox 310 2137 347 2166; x_wconf 86' lang='lat' dir='ltr'>iis</span> <span class='ocrx_word' id='word_1_256' title='bbox 373 2137 497 2177; x_wconf 77' lang='lat' dir='ltr'>legibus</span> <span class='ocrx_word' id='word_1_257' title='bbox 523 2136 676 2173; x_wconf 84' lang='lat' dir='ltr'>ferendis,</span> <span class='ocrx_word' id='word_1_258' title='bbox 703 2146 804 2175; x_wconf 80' lang='lat' dir='ltr'>quum</span> <span class='ocrx_word' id='word_1_259' title='bbox 831 2136 973 2167; x_wconf 87' lang='lat' dir='ltr'>multum</span> 
     </span>
     <span class='ocr_line' id='line_1_47' title="bbox 242 2179 974 2215; baseline 0.003 -8"><span class='ocrx_word' id='word_1_260' title='bbox 242 2179 416 2210; x_wconf 81' lang='lat' dir='ltr'>turbarum</span> <span class='ocrx_word' id='word_1_261' title='bbox 442 2184 552 2209; x_wconf 85' lang='lat' dir='ltr'>ortum</span> <span class='ocrx_word' id='word_1_262' title='bbox 574 2182 670 2215; x_wconf 66' lang='lat' dir='ltr'>esset,</span> <span class='ocrx_word' id='word_1_263' title='bbox 693 2179 882 2208; x_wconf 82' lang='lat' dir='ltr'>intercessio</span> <span class='ocrx_word' id='word_1_264' title='bbox 908 2179 974 2209; x_wconf 83' lang='lat' dir='ltr'>col-</span> 
     </span>
     <span class='ocr_line' id='line_1_48' title="bbox 244 2220 971 2260; baseline 0.003 -10"><span class='ocrx_word' id='word_1_265' title='bbox 244 2220 326 2259; x_wconf 80' lang='lat' dir='ltr'>legae</span> <span class='ocrx_word' id='word_1_266' title='bbox 342 2221 503 2260; x_wconf 80' lang='lat' dir='ltr'>neglecta,</span> <span class='ocrx_word' id='word_1_267' title='bbox 518 2221 619 2251; x_wconf 81' lang='lat' dir='ltr'>fasces</span> <span class='ocrx_word' id='word_1_268' title='bbox 636 2221 777 2252; x_wconf 87' lang='lat' dir='ltr'>consulis</span> <span class='ocrx_word' id='word_1_269' title='bbox 791 2220 900 2258; x_wconf 85' lang='lat' dir='ltr'>fracti,</span> <span class='ocrx_word' id='word_1_270' title='bbox 914 2222 971 2252; x_wconf 73' lang='grc' dir='ltr'>δερ.</span> 
     </span>
     <span class='ocr_line' id='line_1_49' title="bbox 245 2263 975 2302; baseline 0.003 -10"><span class='ocrx_word' id='word_1_271' title='bbox 245 2263 425 2302; x_wconf 68' lang='lat' dir='ltr'>majestatis</span> <span class='ocrx_word' id='word_1_272' title='bbox 447 2273 520 2294; x_wconf 81' lang='lat' dir='ltr'>reus</span> <span class='ocrx_word' id='word_1_273' title='bbox 546 2263 652 2293; x_wconf 79' lang='lat' dir='ltr'>factus</span> <span class='ocrx_word' id='word_1_274' title='bbox 668 2267 730 2300; x_wconf 82' lang='lat' dir='ltr'>est,</span> <span class='ocrx_word' id='word_1_275' title='bbox 754 2263 897 2293; x_wconf 82' lang='lat' dir='ltr'>Praetore</span> <span class='ocrx_word' id='word_1_276' title='bbox 922 2264 975 2294; x_wconf 90' lang='lat' dir='ltr'>Ci-</span> 
     </span>
     <span class='ocr_line' id='line_1_50' title="bbox 243 2305 974 2345; baseline 0.004 -11"><span class='ocrx_word' id='word_1_277' title='bbox 243 2314 362 2336; x_wconf 79' lang='lat' dir='ltr'>cerone</span> <span class='ocrx_word' id='word_1_278' title='bbox 390 2306 594 2335; x_wconf 77' lang='lat' dir='ltr'>defendente.</span> <span class='ocrx_word' id='word_1_279' title='bbox 618 2315 649 2335; x_wconf 93' lang='lat' dir='ltr'>v.</span> <span class='ocrx_word' id='word_1_280' title='bbox 678 2305 762 2345; x_wconf 83' lang='lat' dir='ltr'>inpr.</span> <span class='ocrx_word' id='word_1_281' title='bbox 791 2305 856 2335; x_wconf 88' lang='lat' dir='ltr'>Dio</span> <span class='ocrx_word' id='word_1_282' title='bbox 885 2305 974 2337; x_wconf 86' lang='lat' dir='ltr'>Cass.</span> 
     </span>
     <span class='ocr_line' id='line_1_51' title="bbox 243 2347 975 2387; baseline 0.004 -12"><span class='ocrx_word' id='word_1_283' title='bbox 243 2347 352 2377; x_wconf 68' lang='lat' dir='ltr'>xxxvi.</span> <span class='ocrx_word' id='word_1_284' title='bbox 374 2357 406 2386; x_wconf 85' lang='lat' dir='ltr'>p.</span> <span class='ocrx_word' id='word_1_285' title='bbox 429 2350 475 2378; x_wconf 80' lang='lat'>18.</span> <span class='ocrx_word' id='word_1_286' title='bbox 498 2350 546 2381; x_wconf 83' lang='lat'>19.</span> <span class='ocrx_word' id='word_1_287' title='bbox 590 2347 630 2378; x_wconf 92' lang='lat' dir='ltr'>In</span> <span class='ocrx_word' id='word_1_288' title='bbox 650 2347 787 2380; x_wconf 74' lang='lat' dir='ltr'>duabus.</span> <span class='ocrx_word' id='word_1_289' title='bbox 810 2357 881 2386; x_wconf 71' lang='lat' dir='ltr'>qum</span> <span class='ocrx_word' id='word_1_290' title='bbox 903 2358 975 2387; x_wconf 90' lang='lat' dir='ltr'>per-</span> 
     </span>
     <span class='ocr_line' id='line_1_52' title="bbox 243 2388 976 2425; baseline 0.004 -7"><span class='ocrx_word' id='word_1_291' title='bbox 243 2388 322 2418; x_wconf 82' lang='lat' dir='ltr'>latae</span> <span class='ocrx_word' id='word_1_292' title='bbox 357 2389 539 2425; x_wconf 65' lang='lat' dir='ltr'>sunt‚‚fuit</span> <span class='ocrx_word' id='word_1_293' title='bbox 571 2388 657 2419; x_wconf 79' lang='lat' dir='ltr'>haec:</span> <span class='ocrx_word' id='word_1_294' title='bbox 682 2395 720 2420; x_wconf 81' lang='lat' dir='ltr'>ut</span> <span class='ocrx_word' id='word_1_295' title='bbox 747 2390 910 2420; x_wconf 75' lang='lat' dir='ltr'>Proelores</span> <span class='ocrx_word' id='word_1_296' title='bbox 936 2401 976 2421; x_wconf 70' lang='lat' dir='ltr'>ex·</span> 
     </span>
     <span class='ocr_line' id='line_1_53' title="bbox 243 2431 974 2472; baseline 0.004 -12"><span class='ocrx_word' id='word_1_297' title='bbox 243 2431 354 2467; x_wconf 65' lang='lat' dir='ltr'>edictis</span> <span class='ocrx_word' id='word_1_298' title='bbox 378 2433 444 2461; x_wconf 77' lang='lat' dir='ltr'>sais</span> <span class='ocrx_word' id='word_1_299' title='bbox 464 2432 631 2471; x_wconf 63' lang='lat' dir='ltr'>perpetuis·</span> <span class='ocrx_word' id='word_1_300' title='bbox 652 2431 859 2472; x_wconf 72' lang='lat' dir='ltr'>judicarent,</span> <span class='ocrx_word' id='word_1_301' title='bbox 886 2432 917 2463; x_wconf 87' lang='lat' dir='ltr'>h.</span> <span class='ocrx_word' id='word_1_302' title='bbox 945 2444 974 2463; x_wconf 85' lang='lat' dir='ltr'>e.</span> 
     </span>
     <span class='ocr_line' id='line_1_54' title="bbox 245 2473 975 2514; baseline 0.003 -12"><span class='ocrx_word' id='word_1_303' title='bbox 245 2473 352 2503; x_wconf 79' lang='lat' dir='ltr'>edicto</span> <span class='ocrx_word' id='word_1_304' title='bbox 368 2483 491 2510; x_wconf 81' lang='lat' dir='ltr'>annu0,</span> <span class='ocrx_word' id='word_1_305' title='bbox 510 2474 569 2503; x_wconf 86' lang='lat' dir='ltr'>nisi</span> <span class='ocrx_word' id='word_1_306' title='bbox 585 2473 654 2512; x_wconf 85' lang='lat' dir='ltr'>quis</span> <span class='ocrx_word' id='word_1_307' title='bbox 669 2473 764 2504; x_wconf 63' lang='lat' dir='ltr'>malit</span> <span class='ocrx_word' id='word_1_308' title='bbox 779 2474 885 2512; x_wconf 75' lang='lat' dir='ltr'>legere</span> <span class='ocrx_word' id='word_1_309' title='bbox 899 2484 975 2514; x_wconf 75' lang='lat' dir='ltr'>per-</span> 
     </span>
     <span class='ocr_line' id='line_1_55' title="bbox 238 2515 975 2556; baseline 0.004 -12"><span class='ocrx_word' id='word_1_310' title='bbox 238 2519 350 2554; x_wconf 74' lang='lat' dir='ltr'>petuo,</span> <span class='ocrx_word' id='word_1_311' title='bbox 377 2516 397 2545; x_wconf 95' lang='lat' dir='ltr'>i.</span> <span class='ocrx_word' id='word_1_312' title='bbox 425 2526 453 2546; x_wconf 83' lang='lat' dir='ltr'>e.</span> <span class='ocrx_word' id='word_1_313' title='bbox 481 2516 549 2546; x_wconf 84' lang='lat' dir='ltr'>sine</span> <span class='ocrx_word' id='word_1_314' title='bbox 578 2516 747 2552; x_wconf 79' lang='lat' dir='ltr'>varietate,</span> <span class='ocrx_word' id='word_1_315' title='bbox 773 2515 858 2556; x_wconf 80' lang='lat' dir='ltr'>quod</span> <span class='ocrx_word' id='word_1_316' title='bbox 882 2517 975 2547; x_wconf 77' lang='lat' dir='ltr'>valde</span> 
     </span>
     <span class='ocr_line' id='line_1_56' title="bbox 244 2557 975 2596; baseline 0.003 -10"><span class='ocrx_word' id='word_1_317' title='bbox 244 2558 410 2596; x_wconf 83' lang='lat' dir='ltr'>probabile</span> <span class='ocrx_word' id='word_1_318' title='bbox 425 2557 505 2588; x_wconf 77' lang='lat' dir='ltr'>facit</span> <span class='ocrx_word' id='word_1_319' title='bbox 526 2558 558 2588; x_wconf 78' lang='lat' dir='ltr'>J.</span> <span class='ocrx_word' id='word_1_320' title='bbox 573 2558 613 2588; x_wconf 83' lang='lat' dir='ltr'>A.</span> <span class='ocrx_word' id='word_1_321' title='bbox 629 2557 782 2594; x_wconf 79' lang='lat' dir='ltr'>Bachius,</span> <span class='ocrx_word' id='word_1_322' title='bbox 799 2558 838 2588; x_wconf 89' lang='lat' dir='ltr'>V.</span> <span class='ocrx_word' id='word_1_323' title='bbox 856 2558 925 2589; x_wconf 81' lang='lat' dir='ltr'>Cel.</span> <span class='ocrx_word' id='word_1_324' title='bbox 940 2559 975 2589; x_wconf 88' lang='lat' dir='ltr'>in</span> 
     </span>
     <span class='ocr_line' id='line_1_57' title="bbox 245 2598 979 2640; baseline 0.004 -12"><span class='ocrx_word' id='word_1_325' title='bbox 245 2598 332 2630; x_wconf 86' lang='lat' dir='ltr'>Hist.</span> <span class='ocrx_word' id='word_1_326' title='bbox 348 2600 420 2630; x_wconf 80' lang='lat' dir='ltr'>Jur.</span> <span class='ocrx_word' id='word_1_327' title='bbox 437 2611 468 2640; x_wconf 93' lang='lat' dir='ltr'>p.</span> <span class='ocrx_word' id='word_1_328' title='bbox 484 2602 557 2631; x_wconf 74' lang='grc'><strong>908.</strong></span> <span class='ocrx_word' id='word_1_329' title='bbox 604 2600 666 2630; x_wconf 86' lang='lat' dir='ltr'>Sed</span> <span class='ocrx_word' id='word_1_330' title='bbox 681 2601 875 2640; x_wconf 84' lang='lat' dir='ltr'>praetoribus</span> <span class='ocrx_word' id='word_1_331' title='bbox 891 2601 979 2632; x_wconf 78' lang='lat' dir='ltr'>vide-</span> 
     </span>
     <span class='ocr_line' id='line_1_58' title="bbox 243 2642 978 2682; baseline 0.004 -12"><span class='ocrx_word' id='word_1_332' title='bbox 243 2645 301 2671; x_wconf 90' lang='lat' dir='ltr'>tur</span> <span class='ocrx_word' id='word_1_333' title='bbox 318 2642 448 2672; x_wconf 83' lang='lat' dir='ltr'>licuisse</span> <span class='ocrx_word' id='word_1_334' title='bbox 469 2642 569 2672; x_wconf 85' lang='lat' dir='ltr'>etiam</span> <span class='ocrx_word' id='word_1_335' title='bbox 593 2653 632 2672; x_wconf 72' lang='lat' dir='ltr'>ex</span> <span class='ocrx_word' id='word_1_336' title='bbox 656 2645 804 2682; x_wconf 85' lang='lat' dir='ltr'>tempore</span> <span class='ocrx_word' id='word_1_337' title='bbox 827 2643 978 2681; x_wconf 79' lang='lat' dir='ltr'>quaedam</span> 
     </span>
     <span class='ocr_line' id='line_1_59' title="bbox 245 2683 980 2723; baseline 0.003 -10"><span class='ocrx_word' id='word_1_338' title='bbox 245 2683 384 2720; x_wconf 85' lang='lat' dir='ltr'>edicere,</span> <span class='ocrx_word' id='word_1_339' title='bbox 407 2684 589 2723; x_wconf 83' lang='lat' dir='ltr'>cujusmodi</span> <span class='ocrx_word' id='word_1_340' title='bbox 611 2684 755 2714; x_wconf 86' lang='lat' dir='ltr'>edictum</span> <span class='ocrx_word' id='word_1_341' title='bbox 778 2695 980 2715; x_wconf 82' lang='lat' dir='ltr'>commemo-</span> 
     </span>
     <span class='ocr_line' id='line_1_60' title="bbox 245 2725 978 2765; baseline 0.004 -11"><span class='ocrx_word' id='word_1_342' title='bbox 245 2726 349 2761; x_wconf 86' lang='lat' dir='ltr'>ratur,</span> <span class='ocrx_word' id='word_1_343' title='bbox 366 2725 421 2755; x_wconf 88' lang='lat' dir='ltr'>sed</span> <span class='ocrx_word' id='word_1_344' title='bbox 436 2726 646 2765; x_wconf 82' lang='lat' dir='ltr'>provinciale,</span> <span class='ocrx_word' id='word_1_345' title='bbox 661 2726 754 2756; x_wconf 83' lang='lat' dir='ltr'>Verr.</span> <span class='ocrx_word' id='word_1_346' title='bbox 768 2727 814 2757; x_wconf 87' lang='lat' dir='ltr'>iii.</span> <span class='ocrx_word' id='word_1_347' title='bbox 834 2729 881 2757; x_wconf 79' lang='lat'>14.</span> <span class='ocrx_word' id='word_1_348' title='bbox 908 2728 978 2757; x_wconf 82' lang='lat' dir='ltr'>Sal-</span> 
     </span>
     <span class='ocr_line' id='line_1_61' title="bbox 242 2767 975 2808; baseline 0.001 -10"><span class='ocrx_word' id='word_1_349' title='bbox 242 2773 315 2798; x_wconf 68' lang='lat' dir='ltr'>tem</span> <span class='ocrx_word' id='word_1_350' title='bbox 333 2767 371 2796; x_wconf 59' lang='lat' dir='ltr'>&lt;id</span> <span class='ocrx_word' id='word_1_351' title='bbox 393 2768 452 2798; x_wconf 90' lang='lat' dir='ltr'>sibi</span> <span class='ocrx_word' id='word_1_352' title='bbox 470 2768 622 2797; x_wconf 83' lang='lat' dir='ltr'>videntur</span> <span class='ocrx_word' id='word_1_353' title='bbox 636 2768 768 2807; x_wconf 84' lang='lat' dir='ltr'>quidam</span> <span class='ocrx_word' id='word_1_354' title='bbox 791 2778 975 2808; x_wconf 70' lang='lat' dir='ltr'>arrogasse:</span> 
     </span>
     <span class='ocr_line' id='line_1_62' title="bbox 246 2810 978 2851; baseline 0.003 -12"><span class='ocrx_word' id='word_1_355' title='bbox 246 2810 300 2839; x_wconf 87' lang='lat' dir='ltr'>cui</span> <span class='ocrx_word' id='word_1_356' title='bbox 318 2810 429 2849; x_wconf 85' lang='lat' dir='ltr'>generi</span> <span class='ocrx_word' id='word_1_357' title='bbox 451 2817 610 2850; x_wconf 83' lang='lat' dir='ltr'>perpetua</span> <span class='ocrx_word' id='word_1_358' title='bbox 630 2816 854 2850; x_wconf 88' lang='lat' dir='ltr'>opponuntur.</span> <span class='ocrx_word' id='word_1_359' title='bbox 899 2811 978 2851; x_wconf 79' lang='lat' dir='ltr'>Ejus</span> 
     </span>
     <span class='ocr_line' id='line_1_63' title="bbox 245 2851 978 2892; baseline 0.004 -12"><span class='ocrx_word' id='word_1_360' title='bbox 245 2851 326 2891; x_wconf 75' lang='lat' dir='ltr'>legis</span> <span class='ocrx_word' id='word_1_361' title='bbox 349 2861 420 2889; x_wconf 75' lang='lat' dir='ltr'>quae.</span> <span class='ocrx_word' id='word_1_362' title='bbox 443 2853 489 2882; x_wconf 77' lang='lat' dir='ltr'>vis</span> <span class='ocrx_word' id='word_1_363' title='bbox 511 2852 623 2889; x_wconf 84' lang='lat' dir='ltr'>fuerit,</span> <span class='ocrx_word' id='word_1_364' title='bbox 643 2862 673 2882; x_wconf 81' lang='lat' dir='ltr'>v.</span> <span class='ocrx_word' id='word_1_365' title='bbox 695 2862 748 2892; x_wconf 86' lang='lat' dir='ltr'>ap.</span> <span class='ocrx_word' id='word_1_366' title='bbox 771 2853 919 2883; x_wconf 85' lang='lat' dir='ltr'>Perizon.</span> <span class='ocrx_word' id='word_1_367' title='bbox 939 2853 978 2884; x_wconf 89' lang='lat' dir='ltr'>de</span> 
     </span>
     <span class='ocr_line' id='line_1_64' title="bbox 247 2890 736 2932; baseline 0 -8"><span class='ocrx_word' id='word_1_368' title='bbox 247 2893 335 2932; x_wconf 75' lang='lat' dir='ltr'>Lege</span> <span class='ocrx_word' id='word_1_369' title='bbox 349 2893 473 2924; x_wconf 84' lang='lat' dir='ltr'>Vocon.</span> <span class='ocrx_word' id='word_1_370' title='bbox 491 2904 520 2932; x_wconf 78' lang='lat' dir='ltr'>p.</span> <span class='ocrx_word' id='word_1_371' title='bbox 542 2897 608 2927; x_wconf 78' lang='lat'><strong>193.</strong></span> <span class='ocrx_word' id='word_1_372' title='bbox 733 2890 736 2896; x_wconf 87' lang='grc'>’</span> 
     </span>
    </p>

    <p class='ocr_par' dir='ltr' id='par_1_5' title="bbox 244 2934 982 3017">
     <span class='ocr_line' id='line_1_65' title="bbox 290 2934 978 2976; baseline 0 -11"><span class='ocrx_word' id='word_1_373' title='bbox 290 2935 468 2974; x_wconf 61' lang='lat' dir='ltr'>CoRNELIA</span> <span class='ocrx_word' id='word_1_374' title='bbox 485 2936 523 2965; x_wconf 77' lang='lat' dir='ltr'>de</span> <span class='ocrx_word' id='word_1_375' title='bbox 546 2937 770 2966; x_wconf 58' lang='lat' dir='ltr'>libertinorum</span> <span class='ocrx_word' id='word_1_376' title='bbox 791 2934 978 2976; x_wconf 61' lang='lat' dir='ltr'>sesti-agiis,</span> 
     </span>
     <span class='ocr_line' id='line_1_66' title="bbox 244 2977 982 3017; baseline 0.004 -11"><span class='ocrx_word' id='word_1_377' title='bbox 244 2977 279 3007; x_wconf 86' lang='lat' dir='ltr'>in</span> <span class='ocrx_word' id='word_1_378' title='bbox 303 2978 419 3015; x_wconf 74' lang='lat' dir='ltr'>fragm.</span> <span class='ocrx_word' id='word_1_379' title='bbox 440 2977 497 3008; x_wconf 88' lang='lat' dir='ltr'>Or.</span> <span class='ocrx_word' id='word_1_380' title='bbox 513 2978 547 3009; x_wconf 92' lang='lat' dir='ltr'>in</span> <span class='ocrx_word' id='word_1_381' title='bbox 563 2979 766 3017; x_wconf 79' lang='lat' dir='ltr'>Cornelium,</span> <span class='ocrx_word' id='word_1_382' title='bbox 781 2983 829 3008; x_wconf 80' lang='lat' dir='ltr'>est</span> <span class='ocrx_word' id='word_1_383' title='bbox 853 2987 925 3017; x_wconf 83' lang='lat' dir='ltr'>quae</span> <span class='ocrx_word' id='word_1_384' title='bbox 947 2982 982 3009; x_wconf 86' lang='lat' dir='ltr'>et</span> 
     </span>
    </p>
   </div>
   <div class='ocr_carea' id='block_1_3' title="bbox 802 193 1185 224">
    <p class='ocr_par' dir='ltr' id='par_1_6' title="bbox 802 193 1185 224">
     <span class='ocr_line' id='line_1_67' title="bbox 802 193 1185 224; baseline 0 0"><span class='ocrx_word' id='word_1_385' title='bbox 802 194 963 224; x_wconf 83' lang='lat' dir='ltr'><strong>INDEX</strong></span> <span class='ocrx_word' id='word_1_386' title='bbox 998 193 1185 224; x_wconf 82' lang='lat' dir='ltr'><strong>LEGUM.</strong></span> 
     </span>
    </p>
   </div>
   <div class='ocr_carea' id='block_1_4' title="bbox 1015 279 1791 3015">
    <p class='ocr_par' dir='ltr' id='par_1_7' title="bbox 1015 279 1748 405">
     <span class='ocr_line' id='line_1_68' title="bbox 1016 279 1747 320; baseline 0.004 -9"><span class='ocrx_word' id='word_1_387' title='bbox 1016 280 1161 311; x_wconf 72' lang='lat' dir='ltr'>Manilia</span> <span class='ocrx_word' id='word_1_388' title='bbox 1179 280 1311 318; x_wconf 78' lang='lat' dir='ltr'>dicitur,</span> <span class='ocrx_word' id='word_1_389' title='bbox 1334 280 1373 312; x_wconf 88' lang='lat' dir='ltr'>de</span> <span class='ocrx_word' id='word_1_390' title='bbox 1395 291 1460 320; x_wconf 79' lang='lat' dir='ltr'>qua</span> <span class='ocrx_word' id='word_1_391' title='bbox 1473 291 1504 311; x_wconf 89' lang='grc' dir='ltr'>ν.</span> <span class='ocrx_word' id='word_1_392' title='bbox 1521 279 1617 312; x_wconf 81' lang='lat' dir='ltr'>infra.</span> <span class='ocrx_word' id='word_1_393' title='bbox 1660 280 1747 314; x_wconf 83' lang='lat' dir='ltr'>Eam</span> 
     </span>
     <span class='ocr_line' id='line_1_69' title="bbox 1016 323 1748 355; baseline 0.004 -3"><span class='ocrx_word' id='word_1_394' title='bbox 1016 329 1187 354; x_wconf 80' lang='lat' dir='ltr'>accusator</span> <span class='ocrx_word' id='word_1_395' title='bbox 1215 323 1358 354; x_wconf 86' lang='lat' dir='ltr'>Cornelii</span> <span class='ocrx_word' id='word_1_396' title='bbox 1387 324 1513 354; x_wconf 82' lang='lat' dir='ltr'>dixerat</span> <span class='ocrx_word' id='word_1_397' title='bbox 1546 333 1566 354; x_wconf 84' lang='lat' dir='ltr'>a</span> <span class='ocrx_word' id='word_1_398' title='bbox 1593 324 1748 355; x_wconf 84' lang='lat' dir='ltr'>Cornelio</span> 
     </span>
     <span class='ocr_line' id='line_1_70' title="bbox 1015 365 1621 405; baseline 0.003 -11"><span class='ocrx_word' id='word_1_399' title='bbox 1015 365 1093 395; x_wconf 89' lang='lat' dir='ltr'>trib.</span> <span class='ocrx_word' id='word_1_400' title='bbox 1111 365 1154 405; x_wconf 86' lang='lat' dir='ltr'><strong>pl.</strong></span> <span class='ocrx_word' id='word_1_401' title='bbox 1170 376 1244 395; x_wconf 89' lang='lat' dir='ltr'>cum</span> <span class='ocrx_word' id='word_1_402' title='bbox 1261 366 1400 396; x_wconf 86' lang='lat' dir='ltr'>Manilio</span> <span class='ocrx_word' id='word_1_403' title='bbox 1415 366 1526 396; x_wconf 86' lang='lat' dir='ltr'>datam</span> <span class='ocrx_word' id='word_1_404' title='bbox 1541 374 1621 396; x_wconf 87' lang='lat' dir='ltr'>esse.</span> 
     </span>
    </p>

    <p class='ocr_par' dir='ltr' id='par_1_8' title="bbox 1016 407 1750 867">
     <span class='ocr_line' id='line_1_71' title="bbox 1059 407 1749 445; baseline 0.001 -7"><span class='ocrx_word' id='word_1_405' title='bbox 1059 407 1096 438; x_wconf 87' lang='lat' dir='ltr'>C.</span> <span class='ocrx_word' id='word_1_406' title='bbox 1133 408 1271 445; x_wconf 68' lang='lat' dir='ltr'>Corrae,</span> <span class='ocrx_word' id='word_1_407' title='bbox 1300 407 1410 438; x_wconf 76' lang='lat' dir='ltr'>fratris</span> <span class='ocrx_word' id='word_1_408' title='bbox 1444 408 1482 438; x_wconf 92' lang='lat' dir='ltr'>L.</span> <span class='ocrx_word' id='word_1_409' title='bbox 1508 408 1588 438; x_wconf 85' lang='lat' dir='ltr'>Aur.</span> <span class='ocrx_word' id='word_1_410' title='bbox 1624 408 1749 445; x_wconf 67' lang='lat' dir='ltr'>Cotta),</span> 
     </span>
     <span class='ocr_line' id='line_1_72' title="bbox 1016 448 1749 488; baseline 0.003 -10"><span class='ocrx_word' id='word_1_411' title='bbox 1016 448 1103 487; x_wconf 73' lang='lat' dir='ltr'>leges</span> <span class='ocrx_word' id='word_1_412' title='bbox 1125 454 1351 480; x_wconf 82' lang='lat' dir='ltr'>memorantur</span> <span class='ocrx_word' id='word_1_413' title='bbox 1368 451 1403 480; x_wconf 86' lang='lat' dir='ltr'>in</span> <span class='ocrx_word' id='word_1_414' title='bbox 1416 449 1610 488; x_wconf 77' lang='lat' dir='ltr'>fragmentis</span> <span class='ocrx_word' id='word_1_415' title='bbox 1625 448 1749 481; x_wconf 85' lang='lat' dir='ltr'>Corne-</span> 
     </span>
     <span class='ocr_line' id='line_1_73' title="bbox 1017 491 1748 532; baseline 0.004 -13"><span class='ocrx_word' id='word_1_416' title='bbox 1017 491 1114 520; x_wconf 69' lang='lat' dir='ltr'>liniue</span> <span class='ocrx_word' id='word_1_417' title='bbox 1129 492 1149 521; x_wconf 88' lang='lat' dir='ltr'>i.</span> <span class='ocrx_word' id='word_1_418' title='bbox 1166 502 1196 531; x_wconf 88' lang='lat' dir='ltr'>p.</span> <span class='ocrx_word' id='word_1_419' title='bbox 1212 493 1282 522; x_wconf 71' lang='lat'><strong>630.</strong></span> <span class='ocrx_word' id='word_1_420' title='bbox 1296 492 1334 522; x_wconf 85' lang='lat' dir='ltr'>de</span> <span class='ocrx_word' id='word_1_421' title='bbox 1354 492 1455 531; x_wconf 87' lang='lat' dir='ltr'>iisque</span> <span class='ocrx_word' id='word_1_422' title='bbox 1472 493 1538 532; x_wconf 85' lang='lat' dir='ltr'>ipse</span> <span class='ocrx_word' id='word_1_423' title='bbox 1553 491 1748 531; x_wconf 68' lang='lat' dir='ltr'>abrogandis</span> 
     </span>
     <span class='ocr_line' id='line_1_74' title="bbox 1018 533 1749 573; baseline 0.003 -11"><span class='ocrx_word' id='word_1_424' title='bbox 1018 533 1059 562; x_wconf 87' lang='lat' dir='ltr'>ad</span> <span class='ocrx_word' id='word_1_425' title='bbox 1077 539 1227 564; x_wconf 85' lang='lat' dir='ltr'>senatum</span> <span class='ocrx_word' id='word_1_426' title='bbox 1243 534 1391 565; x_wconf 80' lang='lat' dir='ltr'>retulisse</span> <span class='ocrx_word' id='word_1_427' title='bbox 1406 534 1535 565; x_wconf 87' lang='lat' dir='ltr'>dicitur.</span> <span class='ocrx_word' id='word_1_428' title='bbox 1579 533 1638 564; x_wconf 75' lang='lat' dir='ltr'>13ae</span> <span class='ocrx_word' id='word_1_429' title='bbox 1651 543 1749 573; x_wconf 88' lang='lat' dir='ltr'>quor-</span> 
     </span>
     <span class='ocr_line' id='line_1_75' title="bbox 1019 576 1749 615; baseline 0.004 -11"><span class='ocrx_word' id='word_1_430' title='bbox 1019 584 1091 604; x_wconf 88' lang='lat' dir='ltr'>sum</span> <span class='ocrx_word' id='word_1_431' title='bbox 1106 577 1336 615; x_wconf 86' lang='lat' dir='ltr'>pertinuerint,</span> <span class='ocrx_word' id='word_1_432' title='bbox 1350 585 1418 606; x_wconf 83' lang='lat' dir='ltr'>non</span> <span class='ocrx_word' id='word_1_433' title='bbox 1431 579 1572 613; x_wconf 82' lang='lat' dir='ltr'>constat.</span> <span class='ocrx_word' id='word_1_434' title='bbox 1585 585 1615 606; x_wconf 92' lang='lat' dir='ltr'>v.</span> <span class='ocrx_word' id='word_1_435' title='bbox 1629 576 1749 607; x_wconf 89' lang='lat' dir='ltr'>Ascon.</span> 
     </span>
     <span class='ocr_line' id='line_1_76' title="bbox 1019 616 1747 658; baseline 0.003 -12"><span class='ocrx_word' id='word_1_436' title='bbox 1019 616 1060 646; x_wconf 86' lang='lat' dir='ltr'>ad</span> <span class='ocrx_word' id='word_1_437' title='bbox 1073 617 1094 647; x_wconf 95' lang='lat' dir='ltr'>l.</span> <span class='ocrx_word' id='word_1_438' title='bbox 1111 628 1138 647; x_wconf 92' lang='lat' dir='ltr'>c.</span> <span class='ocrx_word' id='word_1_439' title='bbox 1153 618 1207 657; x_wconf 84' lang='lat' dir='ltr'>qui</span> <span class='ocrx_word' id='word_1_440' title='bbox 1221 623 1457 649; x_wconf 84' lang='lat' dir='ltr'>commemorat</span> <span class='ocrx_word' id='word_1_441' title='bbox 1470 617 1567 655; x_wconf 91' lang='lat' dir='ltr'>hanc,</span> <span class='ocrx_word' id='word_1_442' title='bbox 1577 628 1643 658; x_wconf 89' lang='lat' dir='ltr'>qua</span> <span class='ocrx_word' id='word_1_443' title='bbox 1654 618 1747 655; x_wconf 73' lang='lat' dir='ltr'>tulit,</span> 
     </span>
     <span class='ocr_line' id='line_1_77' title="bbox 1018 659 1748 700; baseline 0.001 -12"><span class='ocrx_word' id='word_1_444' title='bbox 1018 662 1058 688; x_wconf 88' lang='lat' dir='ltr'>ut</span> <span class='ocrx_word' id='word_1_445' title='bbox 1080 660 1130 696; x_wconf 88' lang='lat' dir='ltr'>iis,</span> <span class='ocrx_word' id='word_1_446' title='bbox 1146 660 1201 699; x_wconf 89' lang='lat' dir='ltr'>qui</span> <span class='ocrx_word' id='word_1_447' title='bbox 1221 660 1346 690; x_wconf 86' lang='lat' dir='ltr'>tribuni</span> <span class='ocrx_word' id='word_1_448' title='bbox 1369 659 1472 700; x_wconf 88' lang='lat' dir='ltr'>plebis</span> <span class='ocrx_word' id='word_1_449' title='bbox 1494 660 1644 698; x_wconf 83' lang='lat' dir='ltr'>fuissent,</span> <span class='ocrx_word' id='word_1_450' title='bbox 1667 659 1748 691; x_wconf 84' lang='lat' dir='ltr'>alios</span> 
     </span>
     <span class='ocr_line' id='line_1_78' title="bbox 1019 702 1750 742; baseline 0.004 -12"><span class='ocrx_word' id='word_1_451' title='bbox 1019 711 1147 740; x_wconf 84' lang='lat' dir='ltr'>quoque</span> <span class='ocrx_word' id='word_1_452' title='bbox 1162 702 1372 741; x_wconf 83' lang='lat' dir='ltr'>magistratus</span> <span class='ocrx_word' id='word_1_453' title='bbox 1387 712 1500 742; x_wconf 86' lang='lat' dir='ltr'>capere</span> <span class='ocrx_word' id='word_1_454' title='bbox 1522 702 1648 739; x_wconf 87' lang='lat' dir='ltr'>liceret,</span> <span class='ocrx_word' id='word_1_455' title='bbox 1662 703 1750 741; x_wconf 84' lang='lat' dir='ltr'>quod</span> 
     </span>
     <span class='ocr_line' id='line_1_79' title="bbox 1019 742 1749 781; baseline 0.004 -9"><span class='ocrx_word' id='word_1_456' title='bbox 1019 742 1057 773; x_wconf 88' lang='lat' dir='ltr'>L.</span> <span class='ocrx_word' id='word_1_457' title='bbox 1077 743 1178 773; x_wconf 78' lang='lat' dir='ltr'>Sullae</span> <span class='ocrx_word' id='word_1_458' title='bbox 1198 744 1269 781; x_wconf 69' lang='lat' dir='ltr'>iege</span> <span class='ocrx_word' id='word_1_459' title='bbox 1293 744 1381 774; x_wconf 81' lang='lat' dir='ltr'>nefas</span> <span class='ocrx_word' id='word_1_460' title='bbox 1401 749 1482 775; x_wconf 84' lang='lat' dir='ltr'>erat.</span> <span class='ocrx_word' id='word_1_461' title='bbox 1526 743 1610 775; x_wconf 91' lang='lat' dir='ltr'>Eam</span> <span class='ocrx_word' id='word_1_462' title='bbox 1636 750 1749 775; x_wconf 89' lang='lat' dir='ltr'>autem</span> 
     </span>
     <span class='ocr_line' id='line_1_80' title="bbox 1019 783 1749 826; baseline 0.003 -11"><span class='ocrx_word' id='word_1_463' title='bbox 1019 785 1127 823; x_wconf 70' lang='lat' dir='ltr'>legem</span> <span class='ocrx_word' id='word_1_464' title='bbox 1142 795 1208 816; x_wconf 89' lang='lat' dir='ltr'>non</span> <span class='ocrx_word' id='word_1_465' title='bbox 1221 786 1383 816; x_wconf 86' lang='lat' dir='ltr'>contineri</span> <span class='ocrx_word' id='word_1_466' title='bbox 1397 783 1500 826; x_wconf 48' lang='lat' dir='ltr'>putat*</span> <span class='ocrx_word' id='word_1_467' title='bbox 1513 786 1564 823; x_wconf 90' lang='lat' dir='ltr'>iis,</span> <span class='ocrx_word' id='word_1_468' title='bbox 1579 785 1618 817; x_wconf 89' lang='lat' dir='ltr'>de</span> <span class='ocrx_word' id='word_1_469' title='bbox 1633 787 1749 826; x_wconf 86' lang='lat' dir='ltr'>quibus</span> 
     </span>
     <span class='ocr_line' id='line_1_81' title="bbox 1020 828 1617 867; baseline 0.003 -10"><span class='ocrx_word' id='word_1_470' title='bbox 1020 828 1213 867; x_wconf 80' lang='lat' dir='ltr'>abrogandis</span> <span class='ocrx_word' id='word_1_471' title='bbox 1228 828 1268 858; x_wconf 86' lang='lat' dir='ltr'>ad</span> <span class='ocrx_word' id='word_1_472' title='bbox 1283 829 1441 858; x_wconf 82' lang='lat' dir='ltr'>Senatum</span> <span class='ocrx_word' id='word_1_473' title='bbox 1455 828 1617 859; x_wconf 79' lang='lat' dir='ltr'>retulerit.</span> 
     </span>
    </p>

    <p class='ocr_par' dir='ltr' id='par_1_9' title="bbox 1015 868 1752 995">
     <span class='ocr_line' id='line_1_82' title="bbox 1063 868 1752 910; baseline 0.001 -10"><span class='ocrx_word' id='word_1_474' title='bbox 1063 870 1099 900; x_wconf 88' lang='lat' dir='ltr'>C.</span> <span class='ocrx_word' id='word_1_475' title='bbox 1116 870 1240 901; x_wconf 62' lang='lat' dir='ltr'>Corn</span> <span class='ocrx_word' id='word_1_476' title='bbox 1256 870 1398 910; x_wconf 79' lang='lat' dir='ltr'>ejusdem</span> <span class='ocrx_word' id='word_1_477' title='bbox 1413 871 1452 900; x_wconf 85' lang='lat' dir='ltr'>de</span> <span class='ocrx_word' id='word_1_478' title='bbox 1461 868 1599 910; x_wconf 67' lang='lat' dir='ltr'>judiciis</span> <span class='ocrx_word' id='word_1_479' title='bbox 1608 871 1752 910; x_wconf 75' lang='lat' dir='ltr'>privatis</span> 
     </span>
     <span class='ocr_line' id='line_1_83' title="bbox 1015 912 1751 952; baseline 0.004 -11"><span class='ocrx_word' id='word_1_480' title='bbox 1015 917 1218 943; x_wconf 85' lang='lat' dir='ltr'>memoratur</span> <span class='ocrx_word' id='word_1_481' title='bbox 1232 913 1254 943; x_wconf 85' lang='lat'>1.</span> <span class='ocrx_word' id='word_1_482' title='bbox 1271 923 1298 943; x_wconf 93' lang='lat' dir='ltr'>c.</span> <span class='ocrx_word' id='word_1_483' title='bbox 1313 923 1451 951; x_wconf 82' lang='lat' dir='ltr'>eamque</span> <span class='ocrx_word' id='word_1_484' title='bbox 1464 912 1636 952; x_wconf 83' lang='lat' dir='ltr'>abrogavit</span> <span class='ocrx_word' id='word_1_485' title='bbox 1646 912 1751 944; x_wconf 83' lang='lat' dir='ltr'>frater</span> 
     </span>
     <span class='ocr_line' id='line_1_84' title="bbox 1018 954 1642 995; baseline 0.003 -12"><span class='ocrx_word' id='word_1_486' title='bbox 1018 954 1067 984; x_wconf 88' lang='lat' dir='ltr'>M.</span> <span class='ocrx_word' id='word_1_487' title='bbox 1083 955 1195 992; x_wconf 86' lang='lat' dir='ltr'>Cotta,</span> <span class='ocrx_word' id='word_1_488' title='bbox 1211 964 1298 986; x_wconf 88' lang='lat' dir='ltr'>anno</span> <span class='ocrx_word' id='word_1_489' title='bbox 1311 960 1485 995; x_wconf 86' lang='lat' dir='ltr'>postquam</span> <span class='ocrx_word' id='word_1_490' title='bbox 1499 954 1569 985; x_wconf 84' lang='lat' dir='ltr'>lata</span> <span class='ocrx_word' id='word_1_491' title='bbox 1581 959 1642 985; x_wconf 81' lang='lat' dir='ltr'>est.</span> 
     </span>
    </p>

    <p class='ocr_par' dir='ltr' id='par_1_10' title="bbox 1062 996 1640 1036">
     <span class='ocr_line' id='line_1_85' title="bbox 1062 996 1640 1036; baseline 0.005 -11"><span class='ocrx_word' id='word_1_492' title='bbox 1062 996 1182 1026; x_wconf 72' lang='lat' dir='ltr'>CRASffl</span> <span class='ocrx_word' id='word_1_493' title='bbox 1198 998 1235 1027; x_wconf 84' lang='lat' dir='ltr'>de</span> <span class='ocrx_word' id='word_1_494' title='bbox 1255 997 1403 1036; x_wconf 71' lang='lat' dir='ltr'>Ciuitate,</span> <span class='ocrx_word' id='word_1_495' title='bbox 1418 996 1480 1027; x_wconf 91' lang='lat' dir='ltr'>vid.</span> <span class='ocrx_word' id='word_1_496' title='bbox 1497 997 1640 1028; x_wconf 75' lang='lat' dir='ltr'>Licinia.</span> 
     </span>
    </p>

    <p class='ocr_par' dir='ltr' id='par_1_11' title="bbox 1016 1038 1751 1752">
     <span class='ocr_line' id='line_1_86' title="bbox 1063 1038 1749 1078; baseline 0.004 -11"><span class='ocrx_word' id='word_1_497' title='bbox 1063 1038 1217 1069; x_wconf 57' lang='lat' dir='ltr'>Cumara</span> <span class='ocrx_word' id='word_1_498' title='bbox 1232 1039 1363 1076; x_wconf 81' lang='lat' dir='ltr'>dicitur,</span> <span class='ocrx_word' id='word_1_499' title='bbox 1377 1038 1531 1078; x_wconf 83' lang='lat' dir='ltr'>quicquid</span> <span class='ocrx_word' id='word_1_500' title='bbox 1546 1040 1582 1070; x_wconf 87' lang='lat' dir='ltr'>in</span> <span class='ocrx_word' id='word_1_501' title='bbox 1592 1038 1749 1070; x_wconf 75' lang='lat' dir='ltr'>‘Comitiis</span> 
     </span>
     <span class='ocr_line' id='line_1_87' title="bbox 1020 1080 1749 1122; baseline 0.003 -11"><span class='ocrx_word' id='word_1_502' title='bbox 1020 1080 1162 1111; x_wconf 76' lang='lat' dir='ltr'>Curiatis</span> <span class='ocrx_word' id='word_1_503' title='bbox 1184 1081 1225 1111; x_wconf 82' lang='lat' dir='ltr'>ad</span> <span class='ocrx_word' id='word_1_504' title='bbox 1245 1081 1405 1122; x_wconf 87' lang='lat' dir='ltr'>populum</span> <span class='ocrx_word' id='word_1_505' title='bbox 1422 1082 1538 1112; x_wconf 86' lang='lat' dir='ltr'>fertur.</span> <span class='ocrx_word' id='word_1_506' title='bbox 1582 1081 1645 1112; x_wconf 87' lang='lat' dir='ltr'>Sed</span> <span class='ocrx_word' id='word_1_507' title='bbox 1663 1087 1749 1113; x_wconf 73' lang='lat' dir='ltr'>tem-</span> 
     </span>
     <span class='ocr_line' id='line_1_88' title="bbox 1018 1122 1748 1162; baseline 0.007 -13"><span class='ocrx_word' id='word_1_508' title='bbox 1018 1131 1097 1161; x_wconf 71' lang='lat' dir='ltr'>pore</span> <span class='ocrx_word' id='word_1_509' title='bbox 1125 1122 1302 1159; x_wconf 81' lang='lat' dir='ltr'>Ciceronis,</span> <span class='ocrx_word' id='word_1_510' title='bbox 1331 1123 1472 1154; x_wconf 84' lang='lat' dir='ltr'>inductis</span> <span class='ocrx_word' id='word_1_511' title='bbox 1497 1124 1644 1162; x_wconf 81' lang='lat' dir='ltr'>tributis,</span> <span class='ocrx_word' id='word_1_512' title='bbox 1672 1134 1748 1154; x_wconf 89' lang='lat' dir='ltr'>cum</span> 
     </span>
     <span class='ocr_line' id='line_1_89' title="bbox 1020 1164 1749 1206; baseline 0.005 -13"><span class='ocrx_word' id='word_1_513' title='bbox 1020 1164 1254 1195; x_wconf 72' lang='lat' dir='ltr'>obsolevissent</span> <span class='ocrx_word' id='word_1_514' title='bbox 1278 1166 1426 1202; x_wconf 80' lang='lat' dir='ltr'>Curiata,</span> <span class='ocrx_word' id='word_1_515' title='bbox 1452 1165 1529 1206; x_wconf 88' lang='lat' dir='ltr'>(vid.</span> <span class='ocrx_word' id='word_1_516' title='bbox 1555 1166 1657 1196; x_wconf 88' lang='lat' dir='ltr'>Gron.</span> <span class='ocrx_word' id='word_1_517' title='bbox 1682 1166 1749 1197; x_wconf 78' lang='lat' dir='ltr'>Ob‘-</span> 
     </span>
     <span class='ocr_line' id='line_1_90' title="bbox 1018 1206 1749 1248; baseline 0.004 -13"><span class='ocrx_word' id='word_1_518' title='bbox 1018 1211 1136 1236; x_wconf 79' lang='lat' dir='ltr'>scrvat.</span> <span class='ocrx_word' id='word_1_519' title='bbox 1164 1206 1204 1236; x_wconf 88' lang='lat' dir='ltr'>iv.</span> <span class='ocrx_word' id='word_1_520' title='bbox 1232 1210 1257 1237; x_wconf 95' lang='lat'>1.</span> <span class='ocrx_word' id='word_1_521' title='bbox 1279 1208 1356 1246; x_wconf 79' lang='lat' dir='ltr'>Agr.</span> <span class='ocrx_word' id='word_1_522' title='bbox 1383 1208 1416 1237; x_wconf 91' lang='lat' dir='ltr'>ii.</span> <span class='ocrx_word' id='word_1_523' title='bbox 1446 1207 1508 1247; x_wconf 81' lang='lat' dir='ltr'><strong>ll.)</strong></span> <span class='ocrx_word' id='word_1_524' title='bbox 1534 1217 1593 1248; x_wconf 88' lang='lat' dir='ltr'>per</span> <span class='ocrx_word' id='word_1_525' title='bbox 1617 1207 1749 1239; x_wconf 76' lang='lat' dir='ltr'>lictores</span> 
     </span>
     <span class='ocr_line' id='line_1_91' title="bbox 1019 1248 1751 1290; baseline 0.004 -12"><span class='ocrx_word' id='word_1_526' title='bbox 1019 1249 1052 1278; x_wconf 90' lang='lat' dir='ltr'>in</span> <span class='ocrx_word' id='word_1_527' title='bbox 1073 1248 1197 1279; x_wconf 84' lang='lat' dir='ltr'>duabus</span> <span class='ocrx_word' id='word_1_528' title='bbox 1218 1250 1322 1279; x_wconf 83' lang='lat' dir='ltr'>causis</span> <span class='ocrx_word' id='word_1_529' title='bbox 1342 1250 1560 1286; x_wconf 87' lang='lat' dir='ltr'>habebantur,</span> <span class='ocrx_word' id='word_1_530' title='bbox 1584 1251 1691 1290; x_wconf 84' lang='lat' dir='ltr'>primo</span> <span class='ocrx_word' id='word_1_531' title='bbox 1710 1251 1751 1281; x_wconf 80' lang='lat' dir='ltr'>de</span> 
     </span>
     <span class='ocr_line' id='line_1_92' title="bbox 1019 1291 1749 1332; baseline 0.004 -12"><span class='ocrx_word' id='word_1_532' title='bbox 1019 1300 1055 1319; x_wconf 86' lang='lat' dir='ltr'>re</span> <span class='ocrx_word' id='word_1_533' title='bbox 1068 1292 1220 1328; x_wconf 70' lang='lat' dir='ltr'>militari,</span> <span class='ocrx_word' id='word_1_534' title='bbox 1235 1291 1350 1322; x_wconf 85' lang='lat' dir='ltr'>deinde</span> <span class='ocrx_word' id='word_1_535' title='bbox 1365 1292 1404 1322; x_wconf 82' lang='lat' dir='ltr'>de</span> <span class='ocrx_word' id='word_1_536' title='bbox 1424 1292 1603 1332; x_wconf 77' lang='lat' dir='ltr'>adoptione.</span> <span class='ocrx_word' id='word_1_537' title='bbox 1646 1292 1749 1331; x_wconf 87' lang='lat' dir='ltr'>Nam,</span> 
     </span>
     <span class='ocr_line' id='line_1_93' title="bbox 1016 1333 1751 1374; baseline 0.004 -12"><span class='ocrx_word' id='word_1_538' title='bbox 1016 1340 1056 1362; x_wconf 87' lang='lat' dir='ltr'>ut</span> <span class='ocrx_word' id='word_1_539' title='bbox 1071 1333 1184 1364; x_wconf 85' lang='lat' dir='ltr'>Cicero</span> <span class='ocrx_word' id='word_1_540' title='bbox 1198 1334 1245 1364; x_wconf 86' lang='lat' dir='ltr'>ait</span> <span class='ocrx_word' id='word_1_541' title='bbox 1259 1335 1294 1364; x_wconf 84' lang='lat' dir='ltr'>in</span> <span class='ocrx_word' id='word_1_542' title='bbox 1307 1334 1445 1374; x_wconf 85' lang='lat' dir='ltr'>Agraria</span> <span class='ocrx_word' id='word_1_543' title='bbox 1457 1334 1491 1364; x_wconf 86' lang='lat' dir='ltr'>ii.</span> <span class='ocrx_word' id='word_1_544' title='bbox 1509 1337 1556 1365; x_wconf 74' lang='lat'>12.</span> <span class='ocrx_word' id='word_1_545' title='bbox 1579 1343 1648 1365; x_wconf 87' lang='lat' dir='ltr'>rem</span> <span class='ocrx_word' id='word_1_546' title='bbox 1663 1334 1751 1365; x_wconf 80' lang='lat' dir='ltr'>mili-</span> 
     </span>
     <span class='ocr_line' id='line_1_94' title="bbox 1016 1375 1750 1416; baseline 0.004 -12"><span class='ocrx_word' id='word_1_547' title='bbox 1016 1380 1120 1405; x_wconf 80' lang='lat' dir='ltr'>tarem</span> <span class='ocrx_word' id='word_1_548' title='bbox 1137 1376 1366 1413; x_wconf 82' lang='lat' dir='ltr'>continebant,</span> <span class='ocrx_word' id='word_1_549' title='bbox 1381 1386 1486 1416; x_wconf 88' lang='lat' dir='ltr'>neque</span> <span class='ocrx_word' id='word_1_550' title='bbox 1505 1377 1657 1416; x_wconf 85' lang='lat' dir='ltr'>cuiquam</span> <span class='ocrx_word' id='word_1_551' title='bbox 1672 1375 1750 1407; x_wconf 75' lang='lat' dir='ltr'>lice-</span> 
     </span>
     <span class='ocr_line' id='line_1_95' title="bbox 1017 1417 1750 1458; baseline 0.005 -12"><span class='ocrx_word' id='word_1_552' title='bbox 1017 1417 1074 1447; x_wconf 82' lang='lat' dir='ltr'>bat</span> <span class='ocrx_word' id='word_1_553' title='bbox 1096 1428 1167 1448; x_wconf 85' lang='lat' dir='ltr'>eam</span> <span class='ocrx_word' id='word_1_554' title='bbox 1189 1420 1352 1458; x_wconf 83' lang='lat' dir='ltr'>attingere</span> <span class='ocrx_word' id='word_1_555' title='bbox 1369 1419 1438 1449; x_wconf 90' lang='lat' dir='ltr'>sine</span> <span class='ocrx_word' id='word_1_556' title='bbox 1460 1418 1532 1458; x_wconf 83' lang='lat' dir='ltr'>lege</span> <span class='ocrx_word' id='word_1_557' title='bbox 1550 1419 1686 1450; x_wconf 87' lang='lat' dir='ltr'>curiata.</span> <span class='ocrx_word' id='word_1_558' title='bbox 1707 1419 1750 1450; x_wconf 82' lang='lat' dir='ltr'>cs.</span> 
     </span>
     <span class='ocr_line' id='line_1_96' title="bbox 1018 1458 1750 1500; baseline 0.004 -11"><span class='ocrx_word' id='word_1_559' title='bbox 1018 1458 1087 1490; x_wconf 81' lang='lat' dir='ltr'>Lex</span> <span class='ocrx_word' id='word_1_560' title='bbox 1114 1460 1262 1490; x_wconf 76' lang='lat' dir='ltr'>Cornelia</span> <span class='ocrx_word' id='word_1_561' title='bbox 1286 1462 1324 1490; x_wconf 80' lang='lat' dir='ltr'>de</span> <span class='ocrx_word' id='word_1_562' title='bbox 1340 1471 1434 1500; x_wconf 75' lang='lat' dir='ltr'>prov.</span> <span class='ocrx_word' id='word_1_563' title='bbox 1457 1462 1525 1491; x_wconf 83' lang='lat' dir='ltr'>ord.</span> <span class='ocrx_word' id='word_1_564' title='bbox 1570 1460 1659 1491; x_wconf 85' lang='lat' dir='ltr'>Hinc</span> <span class='ocrx_word' id='word_1_565' title='bbox 1680 1460 1750 1500; x_wconf 72' lang='lat' dir='ltr'>lege</span> 
     </span>
     <span class='ocr_line' id='line_1_97' title="bbox 1024 1501 1749 1540; baseline 0.003 -9"><span class='ocrx_word' id='word_1_566' title='bbox 1024 1501 1160 1532; x_wconf 76' lang='lat' dir='ltr'>Curiata</span> <span class='ocrx_word' id='word_1_567' title='bbox 1184 1504 1297 1533; x_wconf 77' lang='lat' dir='ltr'>ornari</span> <span class='ocrx_word' id='word_1_568' title='bbox 1318 1502 1438 1533; x_wconf 87' lang='lat' dir='ltr'>ibidem</span> <span class='ocrx_word' id='word_1_569' title='bbox 1453 1513 1481 1533; x_wconf 91' lang='lat' dir='ltr'>c.</span> <span class='ocrx_word' id='word_1_570' title='bbox 1499 1506 1548 1533; x_wconf 90' lang='grc'>10.</span> <span class='ocrx_word' id='word_1_571' title='bbox 1570 1505 1632 1540; x_wconf 80' lang='lat' dir='ltr'>est,</span> <span class='ocrx_word' id='word_1_572' title='bbox 1647 1503 1749 1534; x_wconf 76' lang='lat' dir='ltr'>comi-</span> 
     </span>
     <span class='ocr_line' id='line_1_98' title="bbox 1018 1544 1750 1586; baseline 0.003 -13"><span class='ocrx_word' id='word_1_573' title='bbox 1018 1544 1073 1574; x_wconf 88' lang='lat' dir='ltr'>tiis</span> <span class='ocrx_word' id='word_1_574' title='bbox 1090 1545 1232 1575; x_wconf 84' lang='lat' dir='ltr'>Curiatis</span> <span class='ocrx_word' id='word_1_575' title='bbox 1255 1546 1400 1585; x_wconf 88' lang='lat' dir='ltr'>accipere</span> <span class='ocrx_word' id='word_1_576' title='bbox 1422 1545 1609 1586; x_wconf 88' lang='lat' dir='ltr'>imperium,</span> <span class='ocrx_word' id='word_1_577' title='bbox 1631 1549 1667 1575; x_wconf 87' lang='lat' dir='ltr'>et</span> <span class='ocrx_word' id='word_1_578' title='bbox 1690 1555 1750 1585; x_wconf 89' lang='lat' dir='ltr'>po-</span> 
     </span>
     <span class='ocr_line' id='line_1_99' title="bbox 1018 1586 1748 1625; baseline 0.003 -9"><span class='ocrx_word' id='word_1_579' title='bbox 1018 1591 1173 1617; x_wconf 78' lang='lat' dir='ltr'>testatem</span> <span class='ocrx_word' id='word_1_580' title='bbox 1202 1587 1247 1617; x_wconf 87' lang='lat' dir='ltr'>rei</span> <span class='ocrx_word' id='word_1_581' title='bbox 1283 1586 1435 1617; x_wconf 82' lang='lat' dir='ltr'>militaris</span> <span class='ocrx_word' id='word_1_582' title='bbox 1469 1587 1748 1625; x_wconf 59' lang='lat' dir='ltr'>administrandas.</span> 
     </span>
     <span class='ocr_line' id='line_1_100' title="bbox 1019 1627 1750 1669; baseline 0.003 -11"><span class='ocrx_word' id='word_1_583' title='bbox 1019 1629 1070 1659; x_wconf 88' lang='lat' dir='ltr'>De</span> <span class='ocrx_word' id='word_1_584' title='bbox 1103 1629 1269 1668; x_wconf 78' lang='lat' dir='ltr'>adoptione</span> <span class='ocrx_word' id='word_1_585' title='bbox 1303 1636 1415 1660; x_wconf 82' lang='lat' dir='ltr'>autem</span> <span class='ocrx_word' id='word_1_586' title='bbox 1443 1627 1630 1669; x_wconf 80' lang='lat' dir='ltr'>exemplum</span> <span class='ocrx_word' id='word_1_587' title='bbox 1658 1634 1750 1663; x_wconf 77' lang='lat' dir='ltr'>extat</span> 
     </span>
     <span class='ocr_line' id='line_1_101' title="bbox 1020 1670 1751 1712; baseline 0.003 -12"><span class='ocrx_word' id='word_1_588' title='bbox 1020 1671 1056 1700; x_wconf 93' lang='lat' dir='ltr'>P.</span> <span class='ocrx_word' id='word_1_589' title='bbox 1073 1671 1191 1707; x_wconf 78' lang='lat' dir='ltr'>Clodii,</span> <span class='ocrx_word' id='word_1_590' title='bbox 1206 1672 1258 1710; x_wconf 86' lang='lat' dir='ltr'>qui</span> <span class='ocrx_word' id='word_1_591' title='bbox 1276 1672 1417 1702; x_wconf 86' lang='lat' dir='ltr'>comitiis</span> <span class='ocrx_word' id='word_1_592' title='bbox 1432 1671 1575 1702; x_wconf 86' lang='lat' dir='ltr'>Curiatis</span> <span class='ocrx_word' id='word_1_593' title='bbox 1588 1682 1609 1702; x_wconf 90' lang='lat' dir='ltr'>a</span> <span class='ocrx_word' id='word_1_594' title='bbox 1622 1670 1751 1712; x_wconf 85' lang='lat' dir='ltr'>plebeio</span> 
     </span>
     <span class='ocr_line' id='line_1_102' title="bbox 1020 1713 1266 1752; baseline -0.004 -8"><span class='ocrx_word' id='word_1_595' title='bbox 1020 1713 1193 1752; x_wconf 81' lang='lat' dir='ltr'>adoptatus</span> <span class='ocrx_word' id='word_1_596' title='bbox 1207 1718 1266 1743; x_wconf 87' lang='lat' dir='ltr'>est.</span> 
     </span>
    </p>

    <p class='ocr_par' dir='ltr' id='par_1_12' title="bbox 1062 1755 1748 1792">
     <span class='ocr_line' id='line_1_103' title="bbox 1062 1755 1748 1792; baseline 0.003 -7"><span class='ocrx_word' id='word_1_597' title='bbox 1062 1755 1168 1786; x_wconf 63' lang='lat' dir='ltr'>Dima</span> <span class='ocrx_word' id='word_1_598' title='bbox 1182 1760 1215 1785; x_wconf 79' lang='lat' dir='ltr'>et</span> <span class='ocrx_word' id='word_1_599' title='bbox 1231 1756 1396 1792; x_wconf 65' lang='lat' dir='ltr'>CfficmA,</span> <span class='ocrx_word' id='word_1_600' title='bbox 1408 1755 1472 1786; x_wconf 85' lang='lat' dir='ltr'>vid.</span> <span class='ocrx_word' id='word_1_601' title='bbox 1491 1756 1618 1786; x_wconf 67' lang='lat' dir='ltr'>Cae-ilia</span> <span class='ocrx_word' id='word_1_602' title='bbox 1629 1755 1748 1787; x_wconf 69' lang='lat' dir='ltr'>Didia.</span> 
     </span>
    </p>

    <p class='ocr_par' dir='ltr' id='par_1_13' title="bbox 1060 1797 1698 1838">
     <span class='ocr_line' id='line_1_104' title="bbox 1060 1797 1698 1838; baseline 0 -10"><span class='ocrx_word' id='word_1_603' title='bbox 1060 1797 1130 1828; x_wconf 80' lang='lat' dir='ltr'>Lex</span> <span class='ocrx_word' id='word_1_604' title='bbox 1144 1799 1182 1828; x_wconf 80' lang='lat' dir='ltr'>de</span> <span class='ocrx_word' id='word_1_605' title='bbox 1197 1797 1333 1829; x_wconf 87' lang='lat' dir='ltr'><em>DOLO</em></span> <span class='ocrx_word' id='word_1_606' title='bbox 1349 1799 1446 1834; x_wconf 79' lang='lat' dir='ltr'>malo,</span> <span class='ocrx_word' id='word_1_607' title='bbox 1461 1797 1525 1828; x_wconf 86' lang='lat' dir='ltr'>vid.</span> <span class='ocrx_word' id='word_1_608' title='bbox 1540 1798 1698 1838; x_wconf 74' lang='lat' dir='ltr'>Aquileia.</span> 
     </span>
    </p>

    <p class='ocr_par' dir='ltr' id='par_1_14' title="bbox 1016 1839 1791 3015">
     <span class='ocr_line' id='line_1_105' title="bbox 1060 1839 1750 1881; baseline 0.003 -11"><span class='ocrx_word' id='word_1_609' title='bbox 1060 1839 1219 1871; x_wconf 56' lang='lat' dir='ltr'>Domui</span> <span class='ocrx_word' id='word_1_610' title='bbox 1231 1841 1269 1870; x_wconf 83' lang='lat' dir='ltr'>de</span> <span class='ocrx_word' id='word_1_611' title='bbox 1283 1839 1479 1870; x_wconf 76' lang='lat' dir='ltr'>Sacerdotiis</span> <span class='ocrx_word' id='word_1_612' title='bbox 1491 1840 1530 1870; x_wconf 86' lang='lat' dir='ltr'>ad</span> <span class='ocrx_word' id='word_1_613' title='bbox 1543 1841 1638 1871; x_wconf 88' lang='lat' dir='ltr'>Brut.</span> <span class='ocrx_word' id='word_1_614' title='bbox 1650 1851 1701 1881; x_wconf 88' lang='lat' dir='ltr'>ep.</span> <span class='ocrx_word' id='word_1_615' title='bbox 1717 1844 1750 1872; x_wconf 91' lang='lat'>5.</span> 
     </span>
     <span class='ocr_line' id='line_1_106' title="bbox 1019 1881 1749 1915; baseline 0.004 -3"><span class='ocrx_word' id='word_1_616' title='bbox 1019 1882 1102 1912; x_wconf 85' lang='lat' dir='ltr'>Eam</span> <span class='ocrx_word' id='word_1_617' title='bbox 1139 1882 1218 1912; x_wconf 83' lang='lat' dir='ltr'>tulit</span> <span class='ocrx_word' id='word_1_618' title='bbox 1243 1882 1280 1912; x_wconf 89' lang='lat' dir='ltr'><strong>A.</strong></span> <span class='ocrx_word' id='word_1_619' title='bbox 1310 1881 1352 1912; x_wconf 88' lang='lat' dir='ltr'>U.</span> <span class='ocrx_word' id='word_1_620' title='bbox 1381 1890 1524 1914; x_wconf 78' lang='lat' dir='ltr'>ncxux.</span> <span class='ocrx_word' id='word_1_621' title='bbox 1551 1883 1749 1915; x_wconf 81' lang='lat' dir='ltr'>Consulibus</span> 
     </span>
     <span class='ocr_line' id='line_1_107' title="bbox 1019 1923 1750 1961; baseline 0.001 -6"><span class='ocrx_word' id='word_1_622' title='bbox 1019 1925 1054 1955; x_wconf 86' lang='lat' dir='ltr'>C.</span> <span class='ocrx_word' id='word_1_623' title='bbox 1082 1924 1189 1955; x_wconf 83' lang='lat' dir='ltr'>Mario</span> <span class='ocrx_word' id='word_1_624' title='bbox 1211 1928 1246 1954; x_wconf 79' lang='lat' dir='ltr'>et</span> <span class='ocrx_word' id='word_1_625' title='bbox 1273 1925 1311 1955; x_wconf 89' lang='lat' dir='ltr'>C.</span> <span class='ocrx_word' id='word_1_626' title='bbox 1334 1923 1488 1961; x_wconf 89' lang='lat' dir='ltr'>Fimbria,</span> <span class='ocrx_word' id='word_1_627' title='bbox 1521 1924 1578 1955; x_wconf 80' lang='lat' dir='ltr'>Cn.</span> <span class='ocrx_word' id='word_1_628' title='bbox 1604 1923 1750 1956; x_wconf 74' lang='lat' dir='ltr'>Domiti-</span> 
     </span>
     <span class='ocr_line' id='line_1_108' title="bbox 1018 1966 1751 2007; baseline 0.003 -10"><span class='ocrx_word' id='word_1_629' title='bbox 1018 1977 1058 1997; x_wconf 64' lang='grc' dir='ltr'>ηε</span> <span class='ocrx_word' id='word_1_630' title='bbox 1081 1967 1322 2003; x_wconf 73' lang='lat' dir='ltr'>Ahenobarbus,</span> <span class='ocrx_word' id='word_1_631' title='bbox 1347 1966 1423 1996; x_wconf 86' lang='lat' dir='ltr'>trib.</span> <span class='ocrx_word' id='word_1_632' title='bbox 1449 1966 1495 2006; x_wconf 92' lang='lat' dir='ltr'><strong>pl.</strong></span> <span class='ocrx_word' id='word_1_633' title='bbox 1539 1967 1589 1997; x_wconf 83' lang='lat' dir='ltr'>Ex</span> <span class='ocrx_word' id='word_1_634' title='bbox 1612 1977 1652 1997; x_wconf 89' lang='lat' dir='ltr'>ea</span> <span class='ocrx_word' id='word_1_635' title='bbox 1676 1966 1751 2007; x_wconf 82' lang='lat' dir='ltr'>lege</span> 
     </span>
     <span class='ocr_line' id='line_1_109' title="bbox 1016 2009 1750 2049; baseline 0.004 -11"><span class='ocrx_word' id='word_1_636' title='bbox 1016 2009 1211 2046; x_wconf 84' lang='lat' dir='ltr'>sacerdotes,</span> <span class='ocrx_word' id='word_1_637' title='bbox 1248 2009 1280 2040; x_wconf 87' lang='lat' dir='ltr'>h.</span> <span class='ocrx_word' id='word_1_638' title='bbox 1316 2019 1346 2038; x_wconf 85' lang='lat' dir='ltr'>c.</span> <span class='ocrx_word' id='word_1_639' title='bbox 1379 2009 1568 2046; x_wconf 78' lang='lat' dir='ltr'>Pontifices,</span> <span class='ocrx_word' id='word_1_640' title='bbox 1595 2018 1750 2049; x_wconf 83' lang='lat' dir='ltr'>augures,</span> 
     </span>
     <span class='ocr_line' id='line_1_110' title="bbox 1017 2050 1751 2092; baseline 0.005 -13"><span class='ocrx_word' id='word_1_641' title='bbox 1017 2050 1274 2090; x_wconf 73' lang='lat' dir='ltr'>Quindecimviri</span> <span class='ocrx_word' id='word_1_642' title='bbox 1309 2060 1393 2081; x_wconf 87' lang='lat' dir='ltr'>sacr.</span> <span class='ocrx_word' id='word_1_643' title='bbox 1427 2051 1489 2081; x_wconf 83' lang='lat' dir='ltr'>fac.</span> <span class='ocrx_word' id='word_1_644' title='bbox 1526 2051 1581 2092; x_wconf 88' lang='lat' dir='ltr'>qui</span> <span class='ocrx_word' id='word_1_645' title='bbox 1615 2055 1694 2082; x_wconf 78' lang='lat' dir='ltr'>ante</span> <span class='ocrx_word' id='word_1_646' title='bbox 1730 2063 1751 2083; x_wconf 86' lang='lat' dir='ltr'>a</span> 
     </span>
     <span class='ocr_line' id='line_1_111' title="bbox 1018 2092 1748 2133; baseline 0.001 -10"><span class='ocrx_word' id='word_1_647' title='bbox 1018 2094 1155 2133; x_wconf 76' lang='lat' dir='ltr'>collegio</span> <span class='ocrx_word' id='word_1_648' title='bbox 1171 2094 1289 2133; x_wconf 80' lang='lat' dir='ltr'>quique</span> <span class='ocrx_word' id='word_1_649' title='bbox 1304 2103 1362 2122; x_wconf 85' lang='lat' dir='ltr'>suo</span> <span class='ocrx_word' id='word_1_650' title='bbox 1378 2092 1630 2133; x_wconf 78' lang='lat' dir='ltr'>cooptabantur,</span> <span class='ocrx_word' id='word_1_651' title='bbox 1646 2094 1748 2125; x_wconf 86' lang='lat' dir='ltr'>comi-</span> 
     </span>
     <span class='ocr_line' id='line_1_112' title="bbox 1017 2135 1750 2176; baseline 0.003 -11"><span class='ocrx_word' id='word_1_652' title='bbox 1017 2136 1072 2165; x_wconf 85' lang='lat' dir='ltr'>tiis</span> <span class='ocrx_word' id='word_1_653' title='bbox 1108 2137 1220 2176; x_wconf 80' lang='lat' dir='ltr'>populi</span> <span class='ocrx_word' id='word_1_654' title='bbox 1256 2136 1352 2166; x_wconf 86' lang='lat' dir='ltr'>Rom.</span> <span class='ocrx_word' id='word_1_655' title='bbox 1387 2135 1483 2166; x_wconf 83' lang='lat' dir='ltr'>electi</span> <span class='ocrx_word' id='word_1_656' title='bbox 1511 2140 1602 2172; x_wconf 84' lang='lat' dir='ltr'>sunt,</span> <span class='ocrx_word' id='word_1_657' title='bbox 1627 2140 1668 2166; x_wconf 87' lang='lat' dir='ltr'>ut</span> <span class='ocrx_word' id='word_1_658' title='bbox 1701 2136 1750 2168; x_wconf 86' lang='lat' dir='ltr'>ita</span> 
     </span>
     <span class='ocr_line' id='line_1_113' title="bbox 1017 2177 1750 2218; baseline 0.004 -11"><span class='ocrx_word' id='word_1_659' title='bbox 1017 2178 1198 2209; x_wconf 82' lang='lat' dir='ltr'>sacerdotia</span> <span class='ocrx_word' id='word_1_660' title='bbox 1211 2178 1281 2208; x_wconf 79' lang='lat' dir='ltr'>h&#39;aec</span> <span class='ocrx_word' id='word_1_661' title='bbox 1296 2178 1336 2209; x_wconf 86' lang='lat' dir='ltr'>ab</span> <span class='ocrx_word' id='word_1_662' title='bbox 1350 2177 1408 2207; x_wconf 90' lang='lat' dir='ltr'>illo</span> <span class='ocrx_word' id='word_1_663' title='bbox 1422 2181 1571 2218; x_wconf 84' lang='lat' dir='ltr'>tempore</span> <span class='ocrx_word' id='word_1_664' title='bbox 1590 2177 1750 2210; x_wconf 75' lang='lat' dir='ltr'>beneficia</span> 
     </span>
     <span class='ocr_line' id='line_1_114' title="bbox 1018 2219 1749 2260; baseline 0.003 -11"><span class='ocrx_word' id='word_1_665' title='bbox 1018 2230 1092 2260; x_wconf 88' lang='lat' dir='ltr'>pop.</span> <span class='ocrx_word' id='word_1_666' title='bbox 1107 2221 1146 2251; x_wconf 88' lang='lat' dir='ltr'>R.</span> <span class='ocrx_word' id='word_1_667' title='bbox 1162 2221 1251 2251; x_wconf 78' lang='lat' dir='ltr'>facta</span> <span class='ocrx_word' id='word_1_668' title='bbox 1266 2220 1344 2250; x_wconf 85' lang='lat' dir='ltr'>sint.</span> <span class='ocrx_word' id='word_1_669' title='bbox 1386 2219 1475 2251; x_wconf 88' lang='lat' dir='ltr'>Nam</span> <span class='ocrx_word' id='word_1_670' title='bbox 1488 2220 1543 2260; x_wconf 88' lang='lat' dir='ltr'>qui</span> <span class='ocrx_word' id='word_1_671' title='bbox 1560 2220 1632 2259; x_wconf 88' lang='lat' dir='ltr'>jam</span> <span class='ocrx_word' id='word_1_672' title='bbox 1655 2225 1749 2258; x_wconf 83' lang='lat' dir='ltr'>ante,</span> 
     </span>
     <span class='ocr_line' id='line_1_115' title="bbox 1019 2261 1749 2300; baseline 0.004 -9"><span class='ocrx_word' id='word_1_673' title='bbox 1019 2267 1058 2292; x_wconf 85' lang='lat' dir='ltr'>ut</span> <span class='ocrx_word' id='word_1_674' title='bbox 1094 2262 1245 2293; x_wconf 71' lang='lat' dir='ltr'>Pontifex</span> <span class='ocrx_word' id='word_1_675' title='bbox 1282 2262 1329 2292; x_wconf 93' lang='lat' dir='ltr'>M.</span> <span class='ocrx_word' id='word_1_676' title='bbox 1359 2261 1458 2292; x_wconf 91' lang='lat' dir='ltr'>Curio</span> <span class='ocrx_word' id='word_1_677' title='bbox 1488 2261 1535 2291; x_wconf 89' lang='lat' dir='ltr'>M.</span> <span class='ocrx_word' id='word_1_678' title='bbox 1563 2267 1598 2292; x_wconf 85' lang='lat' dir='ltr'>et</span> <span class='ocrx_word' id='word_1_679' title='bbox 1632 2261 1700 2300; x_wconf 84' lang='lat' dir='ltr'>alii,</span> <span class='ocrx_word' id='word_1_680' title='bbox 1729 2274 1749 2294; x_wconf 83' lang='lat' dir='ltr'>a</span> 
     </span>
     <span class='ocr_line' id='line_1_116' title="bbox 1019 2303 1749 2344; baseline 0.004 -11"><span class='ocrx_word' id='word_1_681' title='bbox 1019 2304 1139 2344; x_wconf 85' lang='lat' dir='ltr'>populo</span> <span class='ocrx_word' id='word_1_682' title='bbox 1167 2305 1267 2335; x_wconf 80' lang='lat' dir='ltr'>creati</span> <span class='ocrx_word' id='word_1_683' title='bbox 1302 2305 1447 2339; x_wconf 78' lang='lat' dir='ltr'>fuerant,</span> <span class='ocrx_word' id='word_1_684' title='bbox 1487 2303 1572 2341; x_wconf 84' lang='lat' dir='ltr'>(Liv.</span> <span class='ocrx_word' id='word_1_685' title='bbox 1606 2314 1679 2334; x_wconf 85' lang='lat' dir='ltr'><strong>xxv.</strong></span> <span class='ocrx_word' id='word_1_686' title='bbox 1717 2307 1749 2336; x_wconf 88' lang='lat'>5.</span> 
     </span>
     <span class='ocr_line' id='line_1_117' title="bbox 1020 2345 1749 2387; baseline 0.001 -11"><span class='ocrx_word' id='word_1_687' title='bbox 1020 2347 1117 2376; x_wconf 78' lang='lat' dir='ltr'>xxvii.</span> <span class='ocrx_word' id='word_1_688' title='bbox 1148 2347 1190 2386; x_wconf 86' lang='grc'>8.)</span> <span class='ocrx_word' id='word_1_689' title='bbox 1221 2347 1262 2377; x_wconf 82' lang='lat' dir='ltr'>ad</span> <span class='ocrx_word' id='word_1_690' title='bbox 1288 2356 1342 2377; x_wconf 79' lang='lat' dir='ltr'>eos</span> <span class='ocrx_word' id='word_1_691' title='bbox 1372 2345 1440 2376; x_wconf 67' lang='lat' dir='ltr'>Lex</span> <span class='ocrx_word' id='word_1_692' title='bbox 1475 2345 1546 2376; x_wconf 78' lang='lat' dir='ltr'>haec</span> <span class='ocrx_word' id='word_1_693' title='bbox 1573 2355 1641 2376; x_wconf 88' lang='lat' dir='ltr'>non</span> <span class='ocrx_word' id='word_1_694' title='bbox 1675 2357 1749 2387; x_wconf 80' lang='lat' dir='ltr'>per-¹</span> 
     </span>
     <span class='ocr_line' id='line_1_118' title="bbox 1019 2387 1750 2420; baseline 0.001 -2"><span class='ocrx_word' id='word_1_695' title='bbox 1019 2389 1156 2419; x_wconf 84' lang='lat' dir='ltr'>tinebat.</span> <span class='ocrx_word' id='word_1_696' title='bbox 1184 2401 1213 2419; x_wconf 77' lang='grc' dir='ltr'>ν.</span> <span class='ocrx_word' id='word_1_697' title='bbox 1243 2388 1364 2419; x_wconf 88' lang='lat' dir='ltr'>Gruch.</span> <span class='ocrx_word' id='word_1_698' title='bbox 1399 2387 1439 2418; x_wconf 85' lang='lat' dir='ltr'>de</span> <span class='ocrx_word' id='word_1_699' title='bbox 1473 2389 1568 2419; x_wconf 66' lang='lat' dir='ltr'>Com.</span> <span class='ocrx_word' id='word_1_700' title='bbox 1594 2388 1628 2418; x_wconf 87' lang='lat' dir='ltr'>ii.</span> <span class='ocrx_word' id='word_1_701' title='bbox 1658 2391 1689 2420; x_wconf 67' lang='lat' dir='ltr'>Q.</span> <span class='ocrx_word' id='word_1_702' title='bbox 1717 2391 1750 2419; x_wconf 86' lang='lat'>3.</span> 
     </span>
     <span class='ocr_line' id='line_1_119' title="bbox 1018 2430 1751 2470; baseline 0.001 -10"><span class='ocrx_word' id='word_1_703' title='bbox 1018 2441 1214 2470; x_wconf 78' lang='lat' dir='ltr'>quamquam</span> <span class='ocrx_word' id='word_1_704' title='bbox 1238 2435 1272 2461; x_wconf 88' lang='lat' dir='ltr'>et</span> <span class='ocrx_word' id='word_1_705' title='bbox 1293 2430 1444 2460; x_wconf 83' lang='lat' dir='ltr'>Pontifex</span> <span class='ocrx_word' id='word_1_706' title='bbox 1464 2430 1512 2460; x_wconf 87' lang='lat' dir='ltr'>M.</span> <span class='ocrx_word' id='word_1_707' title='bbox 1527 2430 1641 2470; x_wconf 80' lang='lat' dir='ltr'>Agrar.</span> <span class='ocrx_word' id='word_1_708' title='bbox 1664 2431 1698 2462; x_wconf 87' lang='lat' dir='ltr'>ii.</span> <span class='ocrx_word' id='word_1_709' title='bbox 1715 2434 1751 2464; x_wconf 79' lang='lat'>7.</span> 
     </span>
     <span class='ocr_line' id='line_1_120' title="bbox 1018 2471 1749 2512; baseline 0.001 -10"><span class='ocrx_word' id='word_1_710' title='bbox 1018 2483 1057 2502; x_wconf 87' lang='lat' dir='ltr'>ea</span> <span class='ocrx_word' id='word_1_711' title='bbox 1075 2473 1145 2512; x_wconf 78' lang='lat' dir='ltr'>lege</span> <span class='ocrx_word' id='word_1_712' title='bbox 1164 2477 1293 2504; x_wconf 81' lang='lat' dir='ltr'>creatus</span> <span class='ocrx_word' id='word_1_713' title='bbox 1314 2472 1445 2503; x_wconf 87' lang='lat' dir='ltr'>dicitur.</span> <span class='ocrx_word' id='word_1_714' title='bbox 1489 2471 1551 2502; x_wconf 81' lang='lat' dir='ltr'>Sed</span> <span class='ocrx_word' id='word_1_715' title='bbox 1570 2472 1657 2512; x_wconf 84' lang='lat' dir='ltr'>quod</span> <span class='ocrx_word' id='word_1_716' title='bbox 1675 2473 1749 2504; x_wconf 88' lang='lat' dir='ltr'>reli-</span> 
     </span>
     <span class='ocr_line' id='line_1_121' title="bbox 1018 2513 1751 2556; baseline 0.003 -12"><span class='ocrx_word' id='word_1_717' title='bbox 1018 2515 1071 2553; x_wconf 78' lang='lat' dir='ltr'>gio</span> <span class='ocrx_word' id='word_1_718' title='bbox 1091 2516 1219 2545; x_wconf 81' lang='lat' dir='ltr'>obstare</span> <span class='ocrx_word' id='word_1_719' title='bbox 1243 2515 1423 2550; x_wconf 82' lang='lat' dir='ltr'>videbatur,</span> <span class='ocrx_word' id='word_1_720' title='bbox 1438 2523 1501 2553; x_wconf 88' lang='lat' dir='ltr'>quo</span> <span class='ocrx_word' id='word_1_721' title='bbox 1515 2513 1624 2544; x_wconf 89' lang='lat' dir='ltr'>minus</span> <span class='ocrx_word' id='word_1_722' title='bbox 1647 2524 1751 2556; x_wconf 89' lang='lat' dir='ltr'>popu-</span> 
     </span>
     <span class='ocr_line' id='line_1_122' title="bbox 1017 2556 1752 2596; baseline 0 -8"><span class='ocrx_word' id='word_1_723' title='bbox 1017 2557 1066 2587; x_wconf 86' lang='lat' dir='ltr'>los</span> <span class='ocrx_word' id='word_1_724' title='bbox 1092 2559 1150 2588; x_wconf 89' lang='lat' dir='ltr'>hos</span> <span class='ocrx_word' id='word_1_725' title='bbox 1177 2557 1358 2587; x_wconf 86' lang='lat' dir='ltr'>sacerdotes</span> <span class='ocrx_word' id='word_1_726' title='bbox 1383 2556 1518 2593; x_wconf 79' lang='lat' dir='ltr'>faceret,</span> <span class='ocrx_word' id='word_1_727' title='bbox 1544 2566 1681 2596; x_wconf 85' lang='lat' dir='ltr'>eamque</span> <span class='ocrx_word' id='word_1_728' title='bbox 1705 2558 1752 2588; x_wconf 80' lang='lat' dir='ltr'>ob</span> 
     </span>
     <span class='ocr_line' id='line_1_123' title="bbox 1021 2598 1791 2637; baseline 0.001 -8"><span class='ocrx_word' id='word_1_729' title='bbox 1021 2609 1152 2630; x_wconf 84' lang='lat' dir='ltr'>causam</span> <span class='ocrx_word' id='word_1_730' title='bbox 1167 2600 1278 2630; x_wconf 84' lang='lat' dir='ltr'>eadem</span> <span class='ocrx_word' id='word_1_731' title='bbox 1294 2599 1347 2629; x_wconf 86' lang='lat' dir='ltr'>lex</span> <span class='ocrx_word' id='word_1_732' title='bbox 1367 2598 1540 2637; x_wconf 83' lang='lat' dir='ltr'>antiquata</span> <span class='ocrx_word' id='word_1_733' title='bbox 1558 2604 1654 2635; x_wconf 88' lang='lat' dir='ltr'>esset,</span> <span class='ocrx_word' id='word_1_734' title='bbox 1672 2609 1748 2630; x_wconf 89' lang='lat' dir='ltr'>cum</span> <span class='ocrx_word' id='word_1_735' title='bbox 1780 2626 1791 2630; x_wconf 83' lang='lat'>-</span> 
     </span>
     <span class='ocr_line' id='line_1_124' title="bbox 1020 2640 1749 2681; baseline 0.001 -10"><span class='ocrx_word' id='word_1_736' title='bbox 1020 2652 1091 2672; x_wconf 84' lang='lat' dir='ltr'>eam</span> <span class='ocrx_word' id='word_1_737' title='bbox 1121 2642 1160 2681; x_wconf 71' lang='grc' dir='ltr'>Ω.</span> <span class='ocrx_word' id='word_1_738' title='bbox 1191 2642 1350 2679; x_wconf 76' lang='lat' dir='ltr'>Maximo,</span> <span class='ocrx_word' id='word_1_739' title='bbox 1377 2640 1478 2670; x_wconf 83' lang='lat' dir='ltr'>fratre</span> <span class='ocrx_word' id='word_1_740' title='bbox 1514 2641 1687 2680; x_wconf 84' lang='lat' dir='ltr'>Scipionis,</span> <span class='ocrx_word' id='word_1_741' title='bbox 1713 2646 1749 2672; x_wconf 77' lang='lat' dir='ltr'>et</span> 
     </span>
     <span class='ocr_line' id='line_1_125' title="bbox 1021 2681 1749 2714; baseline 0 -1"><span class='ocrx_word' id='word_1_742' title='bbox 1021 2683 1060 2713; x_wconf 90' lang='lat' dir='ltr'>L.</span> <span class='ocrx_word' id='word_1_743' title='bbox 1090 2683 1247 2714; x_wconf 77' lang='lat' dir='ltr'>Mancino</span> <span class='ocrx_word' id='word_1_744' title='bbox 1271 2683 1361 2713; x_wconf 89' lang='lat' dir='ltr'>Coss.</span> <span class='ocrx_word' id='word_1_745' title='bbox 1388 2681 1520 2712; x_wconf 69' lang='lat' dir='ltr'>tulisset</span> <span class='ocrx_word' id='word_1_746' title='bbox 1542 2682 1749 2714; x_wconf 83' lang='lat' dir='ltr'>C.-Licinius</span> 
     </span>
     <span class='ocr_line' id='line_1_126' title="bbox 1022 2724 1750 2766; baseline 0 -11"><span class='ocrx_word' id='word_1_747' title='bbox 1022 2725 1168 2761; x_wconf 83' lang='lat' dir='ltr'>Crassus,</span> <span class='ocrx_word' id='word_1_748' title='bbox 1183 2726 1221 2756; x_wconf 85' lang='lat' dir='ltr'>de</span> <span class='ocrx_word' id='word_1_749' title='bbox 1238 2726 1368 2755; x_wconf 82' lang='lat' dir='ltr'>Amicit.</span> <span class='ocrx_word' id='word_1_750' title='bbox 1383 2735 1410 2754; x_wconf 88' lang='lat' dir='ltr'>c.</span> <span class='ocrx_word' id='word_1_751' title='bbox 1426 2726 1486 2762; x_wconf 69' lang='lat'>253</span> <span class='ocrx_word' id='word_1_752' title='bbox 1510 2724 1596 2755; x_wconf 87' lang='lat' dir='ltr'>hanc</span> <span class='ocrx_word' id='word_1_753' title='bbox 1619 2725 1750 2766; x_wconf 81' lang='lat' dir='ltr'>religio-</span> 
     </span>
     <span class='ocr_line' id='line_1_127' title="bbox 1021 2767 1750 2805; baseline 0.001 -8"><span class='ocrx_word' id='word_1_754' title='bbox 1021 2768 1071 2798; x_wconf 86' lang='lat' dir='ltr'>nis</span> <span class='ocrx_word' id='word_1_755' title='bbox 1087 2768 1287 2798; x_wconf 80' lang='lat' dir='ltr'>caiumniam</span> <span class='ocrx_word' id='word_1_756' title='bbox 1303 2772 1341 2797; x_wconf 87' lang='lat' dir='ltr'>ut</span> <span class='ocrx_word' id='word_1_757' title='bbox 1357 2768 1475 2797; x_wconf 78' lang='lat' dir='ltr'>vitaret</span> <span class='ocrx_word' id='word_1_758' title='bbox 1494 2767 1673 2805; x_wconf 84' lang='lat' dir='ltr'>Domitius,</span> <span class='ocrx_word' id='word_1_759' title='bbox 1688 2768 1750 2798; x_wconf 89' lang='lat' dir='ltr'>hoc</span> 
     </span>
     <span class='ocr_line' id='line_1_128' title="bbox 1021 2809 1750 2852; baseline 0.001 -13"><span class='ocrx_word' id='word_1_760' title='bbox 1021 2809 1085 2849; x_wconf 79' lang='lat' dir='ltr'>legi</span> <span class='ocrx_word' id='word_1_761' title='bbox 1101 2810 1231 2849; x_wconf 82' lang='lat' dir='ltr'>adjecit,</span> <span class='ocrx_word' id='word_1_762' title='bbox 1245 2812 1284 2839; x_wconf 78' lang='lat' dir='ltr'>‘nt</span> <span class='ocrx_word' id='word_1_763' title='bbox 1299 2817 1384 2839; x_wconf 84' lang='lat' dir='ltr'>xvn.</span> <span class='ocrx_word' id='word_1_764' title='bbox 1397 2812 1531 2838; x_wconf 88' lang='lat' dir='ltr'>tantum</span> <span class='ocrx_word' id='word_1_765' title='bbox 1541 2809 1646 2839; x_wconf 84' lang='lat' dir='ltr'>tribus</span> <span class='ocrx_word' id='word_1_766' title='bbox 1661 2814 1750 2852; x_wconf 71' lang='lat' dir='ltr'>sorte</span> 
     </span>
     <span class='ocr_line' id='line_1_129' title="bbox 1021 2851 1750 2892; baseline 0.001 -11"><span class='ocrx_word' id='word_1_767' title='bbox 1021 2851 1130 2882; x_wconf 83' lang='lat' dir='ltr'>ductae</span> <span class='ocrx_word' id='word_1_768' title='bbox 1151 2852 1333 2881; x_wconf 78' lang='lat' dir='ltr'>sacerdotes</span> <span class='ocrx_word' id='word_1_769' title='bbox 1356 2855 1516 2882; x_wconf 80' lang='lat' dir='ltr'>crearent.</span> <span class='ocrx_word' id='word_1_770' title='bbox 1529 2860 1559 2881; x_wconf 89' lang='lat' dir='ltr'>v.</span> <span class='ocrx_word' id='word_1_771' title='bbox 1575 2851 1653 2891; x_wconf 86' lang='lat' dir='ltr'>Agr.</span> <span class='ocrx_word' id='word_1_772' title='bbox 1669 2852 1750 2892; x_wconf 40' lang='lat'><strong>3527.</strong></span> 
     </span>
     <span class='ocr_line' id='line_1_130' title="bbox 1022 2893 1752 2932; baseline 0.001 -9"><span class='ocrx_word' id='word_1_773' title='bbox 1022 2895 1076 2932; x_wconf 89' lang='lat' dir='ltr'>qui</span> <span class='ocrx_word' id='word_1_774' title='bbox 1092 2902 1141 2924; x_wconf 85' lang='lat' dir='ltr'>est</span> <span class='ocrx_word' id='word_1_775' title='bbox 1156 2894 1248 2924; x_wconf 84' lang='lat' dir='ltr'>locus</span> <span class='ocrx_word' id='word_1_776' title='bbox 1259 2893 1296 2923; x_wconf 79' lang='lat' dir='ltr'>de</span> <span class='ocrx_word' id='word_1_777' title='bbox 1311 2894 1371 2923; x_wconf 83' lang='lat' dir='ltr'>hac</span> <span class='ocrx_word' id='word_1_778' title='bbox 1383 2902 1417 2922; x_wconf 87' lang='lat' dir='ltr'>re</span> <span class='ocrx_word' id='word_1_779' title='bbox 1429 2893 1591 2924; x_wconf 80' lang='lat' dir='ltr'>classicus.</span> <span class='ocrx_word' id='word_1_780' title='bbox 1615 2893 1752 2932; x_wconf 82' lang='lat' dir='ltr'>Sublata.</span> 
     </span>
     <span class='ocr_line' id='line_1_131' title="bbox 1022 2934 1751 2975; baseline -0.001 -10"><span class='ocrx_word' id='word_1_781' title='bbox 1022 2941 1073 2966; x_wconf 80' lang='lat' dir='ltr'>est</span> <span class='ocrx_word' id='word_1_782' title='bbox 1094 2936 1163 2966; x_wconf 77' lang='lat' dir='ltr'>haec</span> <span class='ocrx_word' id='word_1_783' title='bbox 1186 2936 1238 2966; x_wconf 72' lang='lat' dir='ltr'>lex</span> <span class='ocrx_word' id='word_1_784' title='bbox 1260 2946 1280 2965; x_wconf 83' lang='lat' dir='ltr'>a</span> <span class='ocrx_word' id='word_1_785' title='bbox 1295 2934 1448 2966; x_wconf 86' lang='lat' dir='ltr'>Cornelio</span> <span class='ocrx_word' id='word_1_786' title='bbox 1467 2934 1571 2972; x_wconf 88' lang='lat' dir='ltr'>Sulla,</span> <span class='ocrx_word' id='word_1_787' title='bbox 1587 2935 1657 2975; x_wconf 80' lang='lat' dir='ltr'>lege</span> <span class='ocrx_word' id='word_1_788' title='bbox 1676 2936 1751 2966; x_wconf 77' lang='lat' dir='ltr'>Cor-</span> 
     </span>
     <span class='ocr_line' id='line_1_132' title="bbox 1022 2976 1752 3015; baseline 0 -7"><span class='ocrx_word' id='word_1_789' title='bbox 1022 2979 1111 3009; x_wconf 78' lang='lat' dir='ltr'>nelia</span> <span class='ocrx_word' id='word_1_790' title='bbox 1137 2979 1175 3008; x_wconf 82' lang='lat' dir='ltr'>de</span> <span class='ocrx_word' id='word_1_791' title='bbox 1199 2978 1408 3015; x_wconf 60' lang='lat' dir='ltr'>Sacmdotiis,</span> <span class='ocrx_word' id='word_1_792' title='bbox 1433 2976 1617 3009; x_wconf 82' lang='lat' dir='ltr'>nobilitatis</span> <span class='ocrx_word' id='word_1_793' title='bbox 1641 2987 1752 3009; x_wconf 79' lang='lat' dir='ltr'>amore</span> 
     </span>
    </p>
   </div>
  </div>
 </body>
</html>
