1790 3219
124 47 208 87 446

131 144 231 176 brarii
248 153 287 174 ex
303 152 434 173 summa
457 141 609 174 fecerunt
630 153 765 180 summe,
782 142 868 182 quod

133 188 232 226 hujus
247 186 398 217 formulae
416 186 481 217 vim
506 196 573 217 non
596 188 867 227 assequebantur.

132 231 321 271 ¹‘Inprimis
359 235 472 260 autem
510 230 681 269 eleganter
708 230 867 270 jungitur

132 285 278 306 summus
293 274 506 304 substantivis
530 275 588 311 ita,
605 281 643 304 ut
659 274 867 314 significetur

133 319 180 355 id,
197 328 215 348 a
230 327 294 358 quo
317 321 390 347 tota
411 327 475 355 res,
492 326 566 356 quae
588 318 792 348 substantivo
817 317 868 346 in-

135 362 277 398 dicatur,
294 360 426 400 pendet.
457 361 527 391 Inv.
545 361 564 390 i.
586 363 633 391 14.
663 370 702 392 ex
726 361 786 390 hac
812 359 867 389 ‹le-

134 405 292 435 ductione
323 404 458 435 rationis
485 404 541 434 illa
565 414 694 434 summa
721 403 868 433 nascitur

136 448 372 486 controversia,
403 457 502 487 quain
535 447 778 486 judicationem
811 456 867 485 ap-

134 491 310 533 pellamus.
340 501 458 531 nempe
476 491 639 530 judicatio
662 495 769 521 totam
790 498 868 518 cau-

134 545 206 566 sam
230 535 390 565 continet.
421 535 512 565 Verr.
535 533 556 564 i.
584 537 632 565 15.
663 542 797 563 summoe
820 533 867 562 rei

135 588 309 617 causaeque
327 587 455 607 nocere.
487 577 586 607 Dom.
601 579 632 607 2.
662 585 794 606 summa
818 584 868 605 re-

137 622 230 662 ligio,
247 627 297 652 est
320 631 383 658 res,
401 630 419 650 a
435 630 500 659 qua
523 620 631 650 omnis
655 619 769 658 religio
789 628 868 659 pen-

136 666 204 696 det.
233 666 301 696 Att.
319 665 340 694 i.
360 667 386 694 1.
417 663 540 693 Caecin.
557 664 587 693 2.
613 672 742 694 summa
758 662 871 693 existi-

137 709 250 740 matio.
284 707 326 737 ad
352 707 427 738 Div.
456 717 486 736 K.
512 709 542 737 8.
574 715 653 736 cura
677 705 867 746 reipublicae

134 761 270 783 summa>
288 749 514 781 defendendae.
543 749 584 779 cf.
602 749 643 780 ad
666 749 741 780 Div.
758 749 801 780 xi.
820 752 872 780 13.

135 796 231 828 Rosc.
248 794 321 824 Am.
347 796 399 824 51.
429 803 547 833 nempe
569 803 700 824 summa
726 791 869 832 respubl.

135 844 186 869 est
211 837 298 868 salus
322 836 483 867 universae
508 836 711 876 reipublicae,
731 843 763 866 et
788 835 833 873 id,
851 846 870 866 a

135 892 200 921 quo
215 891 254 911 ea
270 880 403 920 pendet.
434 879 531 910 Catil.
547 880 567 910 i.
584 883 614 911 5.
636 889 767 910 summa
782 880 870 909 salus

135 924 352 966 periclitatur.
383 923 470 953 conf.
495 922 592 954 Catil.
616 923 657 953 iv.
684 926 735 953 ll.
757 922 832 953 Act.
848 922 869 953 i.

136 970 171 998 in
196 968 288 998 Verr.
317 971 342 997 1.
371 976 536 997 summum
562 966 752 1006 reipublicae
782 972 870 996 tein-

135 1021 210 1052 pus,
237 1015 301 1049 est,
327 1021 391 1050 quo
420 1011 528 1040 omnis
558 1010 696 1050 reipubl.
722 1009 810 1040 salus
836 1010 872 1039 in

135 1054 282 1096 periculo
299 1059 360 1084 est.
392 1064 421 1084 v.
438 1053 477 1083 de
501 1053 562 1084 hac
585 1053 693 1084 forma
715 1053 870 1093 loquendi
904 1067 907 1072 «

136 1099 279 1128 Gronov.
308 1098 349 1128 ad
379 1097 450 1128 Liv.
481 1097 568 1127 xxvi.
600 1101 631 1131 9.
675 1097 788 1127 xxxiii.
817 1099 870 1128 45.

135 1142 244 1172 xxxvi.
267 1144 319 1173 34.
352 1141 483 1171 xxxviii.
510 1143 561 1171 50.
592 1140 785 1171 *summum
802 1139 871 1179 jus.

136 1195 165 1216 v.
181 1185 254 1215 Jus.

181 1228 406 1265 Summutare,
434 1227 490 1258 Or.
518 1229 570 1261 27.
609 1227 696 1257 hanc
723 1227 872 1268 hypalla-

137 1282 202 1312 gen
229 1272 376 1302 rhetores
403 1270 532 1308 dicunt,
556 1271 634 1310 quia
657 1271 755 1301 verba
777 1272 871 1310 quasi

136 1319 387 1346 summutantur
415 1315 534 1351 verbis,
566 1314 587 1344 i.
618 1324 647 1343 e.
678 1318 871 1354 permutan-

137 1365 206 1390 tur.
243 1358 390 1389 Verbum
416 1357 543 1388 factum
574 1357 616 1387 ad
646 1358 870 1389 imitationem

138 1402 250 1442 graeci.

182 1445 321 1482 Sumte'o,
337 1445 508 1485 praemissa
523 1443 717 1484 syllogismi.
744 1444 820 1475 Div.
837 1445 872 1476 ii.

137 1491 188 1520 53.
217 1488 274 1519 sed
291 1488 407 1518 demus
423 1488 484 1518 tibi
499 1489 578 1518 istas
594 1489 674 1518 duas
689 1490 872 1527 sumHmzes,

135 1542 176 1562 ea
190 1541 263 1571 quae
279 1531 430 1571 λήμματα
446 1531 564 1562 dicunt
578 1531 768 1562 Dialectici.

183 1575 408 1606 Sumtuurius.
437 1575 508 1606 Att.
523 1575 592 1605 xiii.
609 1576 639 1607 6.
672 1574 725 1605 lex
746 1579 873 1606 sumtu-

138 1620 226 1650 aria.
251 1628 280 1648 v.
298 1618 372 1648 Ind.
387 1619 490 1658 Legg.

182 1662 346 1701 Supelleoe.
377 1662 434 1692 Or.
458 1664 509 1693 24.
539 1663 681 1702 supellex
706 1664 758 1692 est
783 1662 874 1693 enim

139 1705 381 1745 quodammodo
408 1705 558 1743 oratoris,
586 1715 659 1744 quae
687 1710 739 1735 est
762 1706 797 1736 in
823 1716 876 1736 or·

139 1749 320 1787 namentis,
337 1748 401 1778 alia
417 1759 540 1785 rerum,
557 1748 623 1778 alia
636 1749 823 1779 verborum.

183 1792 303 1832 Super,
328 1797 499 1832 praeterea.
527 1792 608 1831 Leg.
634 1792 668 1823 ii.
695 1794 747 1823 21.
779 1803 876 1834 super

140 1835 304 1866 dicebant.
335 1845 364 1865 v.
390 1834 504 1865 Burm.
529 1835 571 1865 ad
597 1835 724 1866 Phaedr.
749 1836 795 1866 iii.
825 1839 874 1867 11.

139 1879 182 1909 ad
204 1879 341 1909 sueton.
365 1878 449 1909 Caes.
473 1881 525 1909 23.
555 1878 612 1909 sed
635 1878 818 1915 Lambinus
842 1884 877 1910 et

138 1922 315 1953 Turnebus
359 1922 528 1962 legebant,
572 1924 761 1962 superiores,
802 1933 876 1964 pro-

139 1965 239 1997 bante
256 1965 402 1996 Davisio.

183 2009 360 2049 seperare,
384 2008 582 2047 redundare,
605 2019 787 2049 superesse.
818 2009 875 2040 Or.

140 2052 174 2083 ii.
195 2055 243 2086 19.
271 2053 305 2082 in
323 2062 388 2092 quo
404 2058 437 2083 et
454 2052 566 2083 deesse
583 2052 728 2093 aliquam
744 2058 874 2093 partem

141 2101 176 2126 et
197 2105 354 2136 superare
376 2096 573 2126 mendosum
597 2102 659 2127 est.
690 2097 761 2127 Fin.
775 2107 806 2127 v.
826 2100 876 2128 15.

140 2139 180 2169 de
204 2149 255 2176 eo,
275 2139 363 2178 quod
386 2140 631 2179 ipssssuperat,
656 2140 727 2170 aliis
750 2141 877 2180 gratifi-

142 2183 220 2213 cari.
244 2182 318 2213 add.
330 2182 372 2212 ad
385 2183 462 2214 Div.
478 2184 544 2214 viii.
563 2187 594 2215 5.
609 2189 694 2214 extr.

185 2226 497 2265 Superbiloquentia.
519 2227 621 2258 Tuse.
636 2228 676 2257 iv.
698 2227 748 2258 16.

186 2269 372 2309 Superbire,
396 2270 536 2311 superbe
558 2270 678 2301 facere.
708 2270 809 2301 Acad.
835 2271 877 2301 iv.

141 2314 194 2346 29.
224 2314 251 2342 si
275 2313 388 2350 habes,
413 2313 500 2353 quod
529 2313 668 2353 liqueat,
691 2324 798 2353 neque
827 2324 878 2344 re-

141 2356 294 2395 spondes,
317 2357 469 2395 superbis.
513 2356 600 2388 Nam
632 2358 796 2397 superbiae
819 2358 880 2388 tri-

141 2398 268 2436 buitur,
292 2400 318 2429 si
346 2400 417 2439 quis
444 2410 510 2430 non
534 2400 713 2441 respondet
737 2401 878 2440 roganti.

144 2451 172 2472 v.
189 2442 230 2471 ad
245 2442 320 2473 Div.
338 2443 359 2473 i.
375 2443 437 2473 ult.

190 2484 366 2525 Superbus,
379 2487 431 2516 eni
449 2495 515 2517 non
531 2486 627 2516 facile
640 2487 793 2517 satisfieri
807 2491 880 2527 pot-

145 2532 209 2565 est,
234 2528 435 2560 fastidiosus.
468 2530 525 2560 Or.
549 2533 601 2561 44.
635 2531 766 2562 aurium
786 2531 879 2570 judi-

144 2571 234 2602 cium
250 2576 299 2601 est
314 2574 585 2611 superbissimum.

189 2613 389 2654 Superfieies.
417 2618 486 2647 Att.
502 2618 544 2647 iv.
561 2619 591 2647 2⁷.
618 2615 820 2657 superficiem
837 2627 879 2647 ε-

145 2657 237 2688 dium
251 2658 400 2689 consules
413 2660 639 2690 aestimarunt:
665 2660 699 2690 h.
710 2670 740 2690 e.
752 2670 877 2699 aream,

144 2706 183 2731 ut
200 2711 252 2740 ep.
273 2705 298 2731 1.
315 2700 405 2731 dicit.

188 2743 353 2784 Superior.
396 2744 435 2774 de
464 2745 536 2776 loco
566 2748 727 2786 superiore
757 2750 808 2778 est
839 2746 878 2777 de

143 2787 304 2818 tribunali
334 2792 368 2818 et
397 2787 480 2818 sella
504 2791 621 2820 curuli.
650 2790 743 2821 Verr.
766 2791 800 2821 ii.
824 2792 879 2822 42.

145 2831 214 2878 ipse
237 2831 272 2861 in
297 2831 410 2862 Sicilia
429 2840 529 2873 saepe,
553 2838 587 2864 et
608 2833 718 2875 palam
743 2833 782 2866 de
806 2833 878 2866 loeo

661 55 806 84 INDEX
836 54 1130 84 LATlNITA’rls.

912 145 1074 184 superiore
1089 143 1227 174 dixerat.
1258 141 1276 161 ¹*
1289 141 1328 171 de
1344 144 1500 181 suggesto
1516 142 1550 172 in
1570 149 1649 172 con·

914 188 1008 217 cione
1024 186 1148 227 populi.
1179 187 1271 216 Verr.
1289 185 1309 215 i.
1327 188 1356 216 5.
1387 185 1472 215 banc
1491 195 1552 225 ego
1569 194 1649 215 cau-

913 240 982 260 sam
1007 241 1083 260 cum
1111 240 1206 269 agam
1231 229 1391 259 beneficio
1415 228 1528 268 populi
1549 229 1646 259 Rom.

912 273 952 304 de
970 274 1041 304 loco
1056 275 1227 313 superiore.
1253 272 1294 302 ad
1310 271 1386 302 Div.
1403 272 1449 302 iii.
1466 274 1496 302 8.
1525 280 1652 302 sermo-

913 326 970 346 nes
987 327 1026 346 ex
1039 318 1202 358 superiore
1217 320 1251 346 et
1274 326 1312 345 ex
1333 325 1428 354 aequo
1444 314 1517 345 loco
1532 314 1651 344 habiti.

913 360 932 378 ³*
944 359 1036 390 Verr.
1052 361 1098 390 iii.
1120 364 1167 391 18.
1195 369 1302 390 annus
1317 361 1459 398 superior
1474 358 1652 396 distingui-

913 407 968 433 tur
985 413 1003 432 a
1018 404 1180 442 proximo,
1197 404 1252 443 qui
1269 402 1347 433 alibi
1362 402 1484 432 dicitur
1500 401 1648 442 proxime

912 448 1067 485 superior.
1179 455 1183 459 ·

958 489 1156 529 Superlatio,
1171 489 1361 529 hyperbole,
1378 490 1434 520 Or.
1452 488 1498 520 iii.
1517 491 1569 520 53.
1596 497 1652 517 ve·

914 533 1021 563 ritatis
1037 534 1211 572 superlatio
1227 541 1261 563 et
1276 534 1440 572 trajectio.

960 576 1166 615 Superlatus,
1179 575 1422 615 hyperbolicus,
1435 576 1579 606 nimium
1591 584 1651 605 au-

916 629 1007 658 genS.
1032 619 1150 649 Pax-tit.
1172 621 1220 650 15.
1244 620 1342 649 verba
1355 621 1536 660 superlata.

961 663 1186 703 Supersedere.
1216 662 1339 692 Heren.
1357 664 1391 693 ii.
1411 666 1460 696 17.
1486 663 1557 693 haec
1572 671 1652 693 enu-

916 716 953 737 sa
968 715 1034 736 non
1059 706 1188 736 videtui·
1209 706 1455 746 supersedenda,
1470 706 1491 737 i.
1516 716 1546 737 e.
1568 714 1654 746 prae-

915 749 1147 787 termittenda,
1164 752 1224 779 aut
1237 759 1452 789 supervacua.

962 792 1139 833 Superstes.
1163 792 1295 823 Muren.
1312 794 1361 824 1‘2.
1384 793 1532 831 utrisque
1543 800 1654 831 super-

915 837 1042 867 stitibus
1070 837 1288 877 praesentibus
1318 837 1417 866 istam
1447 836 1534 866 viam
1564 834 1653 872 dico,

917 880 999 910 inite
1023 881 1121 910 viam.
1153 881 1336 919 superstites
1360 889 1430 910 esse
1460 883 1655 920 praesentes,

916 923 1104 953 docuerunt
1120 923 1162 953 ad
1177 923 1210 953 h.
1225 923 1247 954 l.
1271 925 1332 954 viri
1354 923 1457 961 docti,
1472 922 1656 962 adjectam-

917 977 980 1006 que
1011 976 1125 997 vocem
1156 967 1375 1006 praesentibns
1407 976 1478 998 esse
1510 964 1655 1005 glossam

917 1010 1104 1041 delendam.
1129 1009 1203 1040 add.
1219 1010 1304 1042 Gell.
1321 1011 1343 1041 i.
1359 1012 1411 1042 22.

963 1053 1166 1094 Superstitio,
1189 1053 1270 1092 quid
1295 1054 1427 1094 proprie
1450 1053 1507 1091 sit,
1531 1052 1597 1083 vid.
1620 1052 1654 1083 in

917 1099 1164 1138 superstitiosus.
1195 1097 1340 1127 sumitur
1366 1097 1469 1127 etiam
1494 1106 1554 1137 pro
1579 1095 1656 1126 reli-

917 1142 1028 1180 gione,
1053 1141 1138 1171 bono
1161 1150 1272 1171 sensu.
1302 1141 1394 1171 Verr.
1417 1141 1459 1170 iv.
1477 1143 1530 1171 51.
1557 1143 1656 1170 tanta

919 1184 1078 1224 religione
1102 1184 1262 1214 obstricta
1285 1188 1360 1214 tota
1385 1183 1557 1224 provincia
1584 1190 1675 1214 estz.

916 1232 1014 1258 tauta
1028 1228 1209 1267 mperstitio
1230 1237 1271 1257 ex
1294 1227 1389 1257 istius
1411 1226 1502 1257 sacto
1524 1230 1656 1256 mentes

917 1272 1068 1301 omnium
1093 1270 1282 1301 Siculorum
1302 1271 1489 1310 occupavit,
1503 1274 1542 1300 ut
1566 1279 1658 1309 quae-

918 1324 1050 1354 cunque
1067 1314 1249 1344 acciderint
1271 1314 1402 1354 publice
1424 1314 1477 1344 vel
1499 1313 1656 1353 privatim

918 1358 1141 1396 incommoda,
1166 1361 1302 1398 propter
1323 1368 1397 1388 eam
1421 1366 1556 1388 causam
1586 1366 1658 1387 sce-

918 1401 985 1432 lere
1002 1402 1098 1432 istius
1114 1401 1245 1432 evenire
1261 1401 1449 1432 videantur.

964 1445 1221 1485 Superstitiosus,
1244 1445 1333 1475 unde
1358 1445 1491 1476 dictus?
1523 1454 1555 1475 v.
1577 1443 1658 1475 Nat.

919 1489 962 1519 D.
981 1489 1014 1519 ii.
1031 1491 1083 1520 28.
1114 1488 1156 1519 ef.
1172 1489 1274 1519 Gron.
1290 1489 1433 1520 Diatrib.
1453 1489 1488 1519 in
1511 1488 1658 1518 Statium

920 1542 949 1563 c.
967 1535 1018 1566 59.
1049 1531 1263 1571 *religiosus
1292 1532 1393 1563 Dom.
1412 1535 1466 1563 40.
1497 1532 1658 1572 adspicite

919 1575 1090 1606 hominem
1120 1576 1324 1615 religiosum,
1347 1579 1383 1606 et
1408 1578 1542 1605 monete
1565 1584 1658 1612 eum,

921 1619 1058 1649 modum
1082 1619 1249 1658 quendam
1271 1628 1342 1649 esse
1362 1618 1544 1658 religionis,
1558 1618 1660 1649 nimis

920 1664 1174 1702 superstitiosum
1189 1670 1258 1692 esse
1275 1671 1342 1693 non
1357 1667 1522 1703 oportere.
1550 1661 1663 1691 *divi-

922 1716 997 1743 nus‚
1019 1706 1186 1736 fatidicus.
1216 1706 1293 1736 Div.
1317 1706 1338 1736 i.
1361 1709 1415 1737 31.
1453 1706 1555 1736 missa
1583 1714 1661 1736 sum

921 1751 1144 1789 superstitiosis
1161 1748 1458 1788 hariolationibus;
1483 1758 1590 1788 neque
1606 1757 1662 1778 me

922 1793 1041 1833 Apollo
1069 1793 1146 1823 fatis
1171 1792 1280 1823 fandis
1302 1792 1495 1824 dementem
1518 1792 1659 1823 invitam

923 1838 1001 1867 ciet.
1026 1847 1056 1866 v.
1073 1836 1186 1867 Davis.
1202 1836 1245 1867 ad
1258 1835 1292 1867 h.
1310 1835 1331 1867 l.

967 1879 1247 1920 Super-vacamus.
1278 1879 1362 1910 Cato
1389 1880 1437 1911 16.
1465 1884 1662 1919 supervaca-

923 1925 976 1955 nei
1000 1924 1108 1964 operis
1134 1924 1335 1963 aucupium:
1367 1923 1400 1953 h.
1427 1932 1457 1954 e.
1483 1922 1662 1962 ejusmodi,

924 1966 1012 2007 quod
1037 1968 1078 1997 fit
1102 1971 1267 2007 tempore,
1293 1967 1380 2006 quod
1410 1970 1462 1997 est
1489 1966 1531 1997 ab
1560 1975 1660 2006 opere

925 2011 1049 2042 rustico
1066 2014 1100 2040 et
1117 2010 1309 2041 necessariis
1324 2011 1422 2041 rebus
1437 2019 1593 2041 vacuum.

970 2054 1199 2095 Suppeditare,
1215 2059 1404 2093 suppetere.
1430 2053 1500 2084 Att.
1516 2054 1539 2084 i.
1560 2055 1610 2084 14.
1633 2053 1662 2084 si

924 2106 1073 2137 unquam
1104 2098 1186 2128 mihi
1224 2096 1443 2140 ἐπιχειρήματι
1478 2097 1664 2137 ετιῃπεᾱίία-

923 2146 1015 2172 runt.
1045 2152 1076 2172 v.
1094 2141 1201 2171 Graev.
1218 2140 1261 2170 ad
1284 2141 1375 2172 Verr.
1394 2151 1425 2170 v.
1442 2143 1496 2172 38.
1525 2140 1663 2171 *abun-

924 2184 1013 2216 dare.
1044 2185 1141 2215 Catil.
1156 2185 1191 2215 ii.
1212 2187 1260 2215 11.
1291 2185 1319 2214 si
1338 2183 1466 2215 omissis
1489 2183 1541 2214 his
1563 2184 1662 2214 rebus

924 2229 1092 2266 omnibus,
1114 2228 1232 2267 quibus
1260 2237 1318 2259 nos
1347 2227 1604 2268 suppedieamus,
1628 2237 1664 2258 e-

926 2276 984 2311 get
997 2271 1052 2302 ille
1070 2273 1129 2302 &c.
1175 2271 1264 2302 Hinc

970 2314 1206 2357 Suppeditatio,
1243 2324 1304 2356 pro
1347 2314 1454 2354 copia,
1490 2313 1664 2345 facultate.

926 2357 1006 2389 Nat.
1031 2360 1074 2390 D.
1103 2359 1125 2390 i.
1151 2361 1206 2390 40.
1245 2358 1457 2398 suppeditatio
1485 2357 1673 2397 bonorum,-

928 2402 1021 2432 nullo
1038 2402 1202 2433 malorum
1218 2402 1422 2432 interventu.

972 2445 1140 2486 Supplere.
1155 2446 1250 2476 Verr.
1261 2445 1302 2475 iv.
1316 2447 1347 2476 5.
1364 2453 1432 2475 non
1446 2448 1481 2475 te
1497 2444 1664 2476 instruere

928 2488 1063 2519 domum
1087 2492 1182 2519 tuam
1210 2488 1392 2520 voluerunt
1419 2488 1454 2518 iu
1479 2487 1662 2527 provincia,

927 2532 985 2562 sed
1007 2532 1103 2563 illum
1128 2541 1227 2563 usum
1248 2531 1425 2572 provincias
1438 2533 1608 2572 supplere.-
1629 2530 1665 2562 h.

927 2585 956 2605 e.
974 2576 1031 2606 sed
1046 2579 1181 2606 tantum
1197 2576 1260 2607 tibi
1274 2574 1438 2605 frumenti
1459 2574 1543 2612 dari,
1557 2584 1665 2614 quan-

926 2622 1000 2649 tum
1028 2621 1062 2649 in
1088 2618 1260 2660 provincia
1284 2618 1345 2649 tibi
1371 2622 1407 2647 et
1430 2617 1568 2649 familiae
1591 2622 1668 2649 tua,

926 2672 1009 2702 opus
1025 2667 1122 2693 esset.
1153 2663 1259 2693 Flacc.
1279 2665 1329 2696 17.
1358 2661 1533 2700 quiescant
1546 2661 1665 2701 igitur,

925 2711 961 2736 et
976 2716 1030 2736 me
1045 2706 1107 2737 hoc
1123 2707 1157 2737 in
1182 2706 1274 2736 lucro
1298 2714 1433 2744 poner-,
1449 2708 1549 2744 atque
1572 2704 1669 2735 aliud

926 2759 1023 2788 agere
1040 2750 1224 2789 patiantur.
1269 2748 1345 2779 Non
1360 2748 1486 2780 sinunt.
1529 2747 1666 2788 Supplet

926 2793 1016 2823 enim
1033 2793 1089 2824 ille
1105 2793 1217 2824 neseio
1232 2792 1318 2831 quis,
1335 2796 1369 2822 et
1391 2791 1547 2831 privatim
1571 2791 1665 2829 dicit,

925 2845 959 2867 se
976 2836 1114 2869 dedisse.
1135 2835 1168 2868 h.
1185 2845 1215 2868 e.
1230 2835 1409 2875 succurrit,
1423 2845 1522 2878 opem
1536 2834 1614 2875 fert.
1629 2838 1670 2866 et
