1804 3178
586 115 733 145 {nm-:x
766 116 865 144 LAT!
873 117 897 144 N
906 116 1060 146 rmus.

120 201 301 236 Fecsti-itas.
327 202 398 235 inv.
414 204 436 234 i.
456 206 504 238 19.
528 203 721 245 quae'ffirtus
734 213 805 234 ora-

73 247 175 278 tionis
191 249 258 278 sit?
283 249 341 279 Or.
364 248 398 278 ii.
422 250 474 278 54.
498 247 802 287 perpetua-festivi-

74 295 140 328 aas,
156 291 279 322 dieitur
293 292 333 322 de
349 290 573 328 cavillatione,
591 290 631 320 de
648 301 714 330 qua
728 291 805 322 ibid.

72 334 133 366 Or.
166 338 218 366 5¹2.
259 336 309 366 his
334 333 572 374 festivitatibus
609 335 807 365 insolentius

79 377 242 409 abuutur.

120 421 234 452 I‘ibra.
258 421 334 452 Div.
351 421 372 450 i.
395 423 443 451 10.
456 420 551 460 fibra
570 421 603 451 in
620 423 715 453 extis.
755 421 808 452 H-

77 464 143 496 brae
165 471 245 496 sunt
269 464 341 504 ipsa
364 465 575 503 exta,jecur,
593 475 662 502 cor,
681 465 807 505 pulmo,

76 516 109 539 v.
129 507 247 539 Senec.
267 507 380 547 (Edip.
396 517 428 547 p.
446 510 521 542 357.
547 510 607 538 otc.
625 515 659 539 et
678 510 722 539 ibi
739 509 807 539 viri

76 550 179 582 docti.
200 551 331 592 proprie
347 555 462 581 autem
480 557 633 581 extorum
651 553 808 583 extremi-

74 599 178 632 tates,
191 594 282 625 λέξω.

121 637 241 669 Facem.
264 638 365 668 Dum.
383 640 434 669 54.
458 643 507 668 est
525 648 629 677 genus
643 639 810 669 ministro-

76 689 152 712 mm
171 682 206 712 in
221 682 337 718 sacris,
355 683 460 721 pistor
477 682 668 712 dulciarius.
707 682 810 712 varro

75 723 118 757 L.
139 724 179 756 L.
190 724 325 765 fictores
348 725 428 755 dicti
454 736 473 755 a
489 726 653 765 fingendis
679 726 764 760 libis,
781 736 810 756 v,

77 767 220 799 casaub.
249 768 291 799 ad
322 770 458 799 sueton.
491 770 576 808 Aug.
605 772 635 800 5.
669 769 810 799 Gustu-r.

75 810 151 842 Jur.
169 812 263 843 Pont.
280 812 314 842 ii.
334 815 382 843 14.
400 822 432 852 p.
449 813 522 843 223.
560 812 695 843 fictoris
720 822 811 842 men-

76 855 128 886 tio
149 856 252 886 etiam
276 856 310 886 in
336 856 553 895 inscriptione
574 866 627 895 ap.
646 856 811 886 Murator.

77 908 154 940 pag.
169 900 245 930 368.
261 901 293 930 2.
323 899 403 930 Nat.
419 899 464 929 D.
482 899 504 928 i.
519 901 572 933 99.
605 906 684 929 sunt
707 900 811 938 picto-

78 951 130 972 res
141 942 352 983 fictmeeqae,
376 942 432 972 ubi
455 947 536 972 sunt
559 941 688 982 plastae,
713 943 768 982 qni
793 954 810 972 e

77 994 169 1024 cera,
183 995 250 1017 ere
263 985 414 1016 fundunt
429 986 617 1016 simulacra.

121 1028 262 1066 Raetia,
277 1038 334 1059 vas
349 1032 528 1059 tectorum.
541 1029 582 1059 ad
598 1030 672 1060 Div.
690 1030 744 1059 vii.
760 1031 812 1063 99.

79 1071 121 1103 de
137 1072 254 1103 eadem
258 1072 382 1112 fidelia
394 1072 476 1102 duos
492 1073 635 1112 parietes
648 1073 812 1103 dealbare.

123 1115 256 1153 Pedem,
287 1115 328 1146 de
359 1126 424 1155 quo
455 1123 544 1146 reete
574 1117 730 1146 dicatur?
772 1116 814 1146 ad

80 1159 158 1193 Div.
175 1161 239 1190 xvi.
258 1163 308 1194 17.
331 1160 410 1190 ibid.
415 1160 529 1199 fidelis
543 1170 632 1200 ager.

126 1203 293 1240 Faedeliter,
319 1203 360 1233 de
387 1213 452 1242 quo
480 1203 637 1234 dicatur?
670 1203 711 1233 ad
738 1203 814 1234 Div.

82 1247 148 1280 xvi.
178 1251 228 1281 17.
251 1246 330 1277 ibid.
354 1258 386 1277 x.
411 1249 464 1277 ⁶23.
487 1257 548 1287 per
573 1257 714 1286 quorum
742 1246 815 1276 loca

71 1291 222 1333 fideliter
236 1290 317 1320 mihi
334 1294 463 1330 pateret
481 1291 555 1321 iter.

126 1335 291 1371 Rdentta,
306 1334 386 1373 quid
400 1334 445 1364 sit
458 1334 470 1363 ?
488 1333 588 1364 Tusc.
607 1335 648 1364 iv.
665 1337 718 1369 37.

127 1378 233 1410 Rdes.
258 1377 330 1408 liiv.
355 1378 377 1407 i.
399 1380 452 1411 39.
476 1377 670 1408 fefellerunt
695 1387 754 1417 per
765 1376 815 1416 fi-

81 1423 168 1461 dem,
191 1422 225 1452 h.
254 1431 284 1452 e.
307 1421 387 1460 quia
415 1421 493 1460 ipsis
503 1422 593 1461 fides
619 1426 669 1451 est
693 1422 815 1451 habita.

82 1467 180 1500 Rose.
198 1465 311 1496 Amer.
324 1467 357 1496 4.
380 1464 468 1503 quod
486 1465 568 1495 mihi
582 1465 738 1505 eumfide
754 1465 816 1494 im·

82 1510 231 1551 positum
255 1511 320 1545 est,
345 1507 379 1538 h.
405 1518 434 1537 e.
461 1514 598 1548 propter
623 1509 817 1548 opinionem

81 1553 123 1584 de
135 1553 210 1594 fide
236 1561 322 1582 mea.
350 1550 441 1581 *der
468 1551 594 1582 Credit.
622 1552 700 1590 Agr.
727 1552 760 1581 ii.
785 1553 816 1581 3.

69 1596 161 1638 fides
184 1595 225 1635 de
246 1595 318 1625 soro
339 1594 473 1625 sublata
495 1601 556 1625 est.
585 1596 690 1626 Mare.
708 1598 738 1625 8.
769 1604 820 1624 re-

81 1649 200 1671 vocare
210 1639 331 1680 fidem.
359 1637 476 1669 Mauii.
501 1642 531 1672 7.
563 1639 708 1669 concidit
719 1638 819 1678 fides.

82 1684 172 1715 ⁸Or.
190 1683 237 1713 iii.
254 1684 307 1714 25.
319 1682 429 1723 fidem
440 1682 601 1712 orationis
618 1683 738 1712 faeere.
766 1682 819 1711 Sic

83 1727 161 1759 edd.
177 1735 306 1757 omnes.
330 1725 431 1756 Aead.
449 1726 491 1755 iv.
506 1728 537 1759 7.
549 1726 657 1766 fidem
673 1725 819 1765 faeitJu-

86 1771 164 1804 (licii
181 1771 244 1801 sui.

129 1814 284 1850 Fiducia,
310 1811 511 1852 hypotheca,
539 1813 672 1854 pignus.
713 1812 819 1842 Flacc.

85 1860 140 1891 21.
152 1857 288 1898 fiducia
310 1860 457 1896 accepta.
481 1857 559 1887 ibid.
579 1856 706 1894 fiducia
729 1866 819 1886 com-

86 1902 200 1933 missa.
216 1899 282 1930 vid.
306 1899 450 1930 faernus
474 1900 516 1930 ad
539 1900 571 1930 h.
591 1899 652 1929 loc.
678 1903 698 1920 ἢ
714 1909 820 1938 genus

80 1945 216 1986 judicii,
243 1944 277 1973 in
304 1953 370 1982 quo
393 1943 570 1981 judicatur
597 1953 637 1972 ex
663 1952 759 1982 aequo
786 1949 821 1972 et

85 1989 188 2026 bono,
206 1987 268 2018 hac
283 1986 445 2017 formula:
464 1993 502 2017 ut
517 1988 606 2018 inter
616 1986 720 2016 bonos
737 1987 820 2016 bene

86 2032 181 2072 agier
201 2035 345 2071 oportet.
368 2030 432 2061 Off.
456 2031 500 2060 iii.
530 2034 577 2061 15.
601 2030 642 2060 ad
665 2030 741 2060 Div.
766 2030 821 2060 vii.

90 2077 140 2107 12.
175 2085 205 2105 v.
232 2074 372 2105 Salmas.
398 2073 486 2104 mod.
517 2074 616 2104 Usur.
643 2083 671 2103 c.
704 2076 752 2104 14.
781 2073 821 2102 de

86 2119 188 2152 Usur.
205 2128 234 2148 c.
249 2120 280 2148 4.
304 2117 454 2157 ‘fiducia
475 2122 526 2147 est
547 2118 649 2148 etiam
672 2117 707 2147 in
728 2117 822 2146 bere-

86 2162 248 2196 ditatibus
277 2165 313 2191 et
340 2161 561 2191 emtionibus:
595 2171 671 2190 eum
702 2160 821 2199 aliquis

87 2206 184 2238 heres
210 2206 267 2242 sit,
295 2205 356 2235 hac
386 2205 588 2241 conditione,
615 2210 654 2234 ut
684 2210 824 2243 accepta

88 2249 290 2287 hereditate,
322 2258 397 2278 eam
430 2247 547 2278 reddat
578 2247 689 2284 alteri,
721 2257 822 2286 quein

35 2292 38 2295 ’
88 2292 247 2324 heredem
262 2292 406 2323 scribere
423 2302 482 2332 per
498 2291 586 2331 leges
605 2300 670 2321 non
687 2289 822 2328 licebat,

87 2341 264 2376 tamquam
291 2336 382 2373 filiae,
406 2345 480 2375 quae
507 2346 545 2365 ex
576 2334 649 2374 lege
677 2334 824 2364 Voconia

89 2380 186 2414 heres
202 2389 273 2410 esse
290 2389 357 2410 non
377 2382 528 2420 poterat:
555 2379 636 2408 item
662 2387 739 2407 cum
763 2376 822 2406 ali-

90 2424 146 2456 eui
167 2424 326 2454 venditur
348 2422 474 2462 aliquid
498 2422 686 2451 venditione
707 2421 824 2460 imagi-

91 2467 198 2505 naria,
214 2472 254 2498 ut
269 2477 339 2497 rem
364 2466 532 2496 venditam
550 2465 664 2496 statim
682 2464 822 2502 reddat3

90 2511 181 2551 quod
198 2511 238 2541 fit
252 2511 287 2541 in
305 2510 492 2541 hereditate
509 2520 528 2539 a
542 2510 643 2540 saeris
654 2507 826 2538 liberanda

92 2555 154 2586 διε.
178 2555 302 2585 Caecin.
317 2557 348 2585 3.
372 2554 427 2593 qui
453 2563 510 2593 per
525 2552 682 2589 tutelam,
697 2557 757 2581 aut
772 2561 825 2580 so-

851 205 897 235 iii.
916 208 947 239 7.
963 207 1015 238 99.
1040 210 1136 244 putat
1152 204 1293 237 ductum
1316 214 1337 236 a
1358 205 1579 239 defixionibus

851 249 999 287 mag-icis.
1037 248 1135 278 Male.
1164 249 1310 279 Ducitur
1335 260 1354 280 a
1382 252 1578 291 sagittariis,

851 293 908 332 qui
927 303 955 321 v.
971 303 999 322 c.
1016 292 1213 332 axes-figere
1234 293 1394 324 dicuntur
1416 295 1504 334 apud
1529 296 1579 336 ip-

851 346 926 365 sum
945 335 1152 366 Ciceronem.

896 379 1032 417 figura.
1060 381 1117 409 Or.
1130 380 1164 409 ii.
1176 379 1358 419 23.fig·ura
1372 380 1512 411 dicendi.
1531 381 1578 415 iii.

852 424 902 453 52'.
916 423 1039 463 figura
1054 423 1223 453 orationis.
1235 424 1292 453 Gr.
1306 421 1395 460 Ἰδέα,
1410 432 1459 454 est
1473 434 1579 463 genus

851 467 996 501 dicemii,
1012 473 1186 505 tamqnam
1211 472 1327 503 tenue,
1344 475 1401 498 aut
1423 469 1579 508 sublime,

852 514 909 539 aut
926 509 1085 540 medium.
1108 510 1160 540 De
1177 509 1216 540 iis
1231 510 1344 540 formis
1357 512 1531 542 verborum
1544 516 1580 543 et

851 554 1093 583 sententiarum
1106 553 1225 592 quibus
1242 563 1300 583 nos
1316 553 1469 592 dicimus,
1485 556 1580 586 Cice-

852 607 888 627 ro
905 606 971 626 non
987 596 1083 634 dicit,
1098 597 1160 627 nisi
1177 597 1289 627 addita
1303 597 1414 637 aliqua
1436 599 1581 639 particu-

853 639 896 677 la,
914 646 952 670 ut
969 639 1008 669 de
1024 648 1094 680 opt.
1110 649 1186 680 gen.
1213 640 1270 671 Or.
1287 644 1316 672 5.
1346 642 1524 673 sententiis
1545 648 1580 675 et

852 693 968 713 earnm
985 683 1113 721 formis,
1125 684 1435 725 tanquamfiguris.

895 727 1063 757 Euentus.
1080 737 1111 757 v.
1127 726 1293 758 felic-atus.

898 770 1016 800 Petam.
1050 771 1106 800 Or.
1135 771 1180 801 iii.
1207 771 1258 801 96.
1278 771 1385 811 ‚filum
1408 773 1582 811 orationis,

853 819 902 843 est
929 815 1036 853 ipsum
1054 823 1158 852 genus
1180 813 1324 851 dicendi,
1341 815 1429 854 quod
1452 817 1581 857 patebit

853 857 1038 887 conserenti
1069 858 1126 886 Or.
1153 858 1186 887 ii.
1217 860 1269 888 ⁴22.
1302 859 1359 889 Or.
1390 860 1442 890 36.
1475 860 1494 878 θ
1508 859 1585 900 ipsa

853 901 973 936 oratio,
991 901 1119 930 ratione
1137 902 1296 931 materian
1323 902 1400 932 Ltrl.
1416 907 1447 937 7.
1471 903 1582 933 audivi

854 954 920 974 non
943 944 1066 973 invitus
1093 945 1260 983 equidem,
1285 946 1340 974 §vd
1365 945 1454 976 ‘iliud
1479 946 1582 986 quod-

854 987 930 1017 dam
948 988 1134 1027 expetimus
1155 988 1249 1024 silum
1273 989 1431 1019 orationis
1452 996 1532 1026 tuae,
1550 989 1583 1020 h.

855 1042 883 1060 e.
910 1030 950 1060 de
979 1030 1043 1060 alia
1065 1040 1099 1060 re
1125 1037 1159 1060 te
1184 1031 1298 1061 audire
1325 1033 1489 1073 cupimus.
1512 1033 1585 1064 *ad

855 1074 931 1105 niv.
965 1074 1007 1103 ix.
1045 1076 1091 1104 12.
1131 1075 1370 1105 munusculum
1406 1076 1585 1114 ieiidense,

855 1117 1044 1157 crassofilo.
1062 1117 1125 1147 vid.
1138 1117 1253 1148 Burni.
1271 1118 1312 1148 ad
1327 1119 1422 1150 Ovid.
1438 1119 1476 1150 Α.
1494 1121 1514 1150 i.
1536 1123 1585 1151 14.

856 1165 887 1195 7.
913 1161 969 1199 qui
987 1165 1021 1190 et
1037 1160 1202 1191 levidense
1219 1161 1378 1192 defendit.

901 1203 1057 1234 Fimbria.
1091 1204 1199 1235 Pison.
1232 1208 1280 1234 11.
1313 1205 1483 1236 madentes
1499 1206 1586 1247 fim-

856 1248 934 1278 brioe
949 1248 1192 1278 cincinnorum.
1238 1248 1389 1279 fimbria·
1407 1255 1486 1280 sunt
1507 1250 1584 1280 cirri

857 1290 1067 1331 capillorum,
1091 1292 1319 1322 extremitates
1341 1292 1588 1324 calamistratae.

859 1335 991 1364 Servius
1009 1334 1091 1374 legit
1108 1334 1141 1365 h.
1156 1335 1178 1364 1.
1192 1335 1295 1372 fibrae,
1309 1336 1396 1375 quod
1412 1336 1498 1367 idem
1515 1346 1587 1368 esse

858 1379 955 1408 docet
978 1378 1116 1408 Salmas.
1141 1378 1182 1408 ad
1208 1378 1389 1419 Capitolini
1414 1380 1538 1411 Pertin.
1555 1383 1587 1411 8.

859 1431 936 1451 nam
951 1421 1098 1461 fimbriae
1120 1428 1154 1452 et
1178 1422 1267 1452 fibrae
1288 1429 1367 1453 sunt
1385 1424 1516 1464 proprie
1532 1433 1588 1454 ex-

860 1466 1047 1495 tremitates
1065 1475 1188 1495 rex-um.
1207 1466 1249 1495 cf.
1267 1466 1308 1496 ad
1325 1466 1426 1496 Solin.
1442 1477 1475 1507 p.
1485 1471 1538 1502 99.

904 1508 1015 1547 Finge.
1040 1508 1200 1539 Brut.3l.
1213 1509 1366 1548 fingitur
1380 1511 1486 1540 oratio
1497 1520 1588 1540 com-

860 1551 991 1582 modius
1009 1552 1029 1582 i.
1046 1562 1074 1581 e.
1092 1552 1291 1583 elaboratur.
1321 1552 1403 1583 Suu.
1419 1555 1472 1584 2⁷8.
1494 1553 1590 1594 fingi

862 1600 983 1625 natura
1007 1595 1119 1625 subito
1143 1605 1210 1625 non
1237 1600 1357 1636 potest.
1391 1598 1448 1627 Or.
1474 1597 1507 1627 ii.
1535 1599 1589 1628 28.

861 1645 985 1677 orator,
1017 1649 1115 1678 quem
1148 1649 1238 1669 nunc
1255 1640 1364 1679 fingo,
1392 1640 1424 1670 h.
1455 1644 1505 1670 est
1533 1641 1589 1679 qui

862 1683 967 1722 qualis
984 1692 1053 1712 esse
1071 1682 1203 1720 debeat,
1220 1683 1332 1713 doceo.
1355 1683 1455 1714 Tusc.
1471 1684 1516 1715 iii.
1536 1687 1587 1716 15.

863 1726 974 1756 uultus
989 1736 1008 1755 a
1025 1726 1302 1766 mentefingitur.
1332 1727 1390 1757 Or.
1409 1731 1438 1757 Β.
1456 1727 1591 1767 fingere

861 1774 971 1800 toturn
997 1779 1030 1799 se
1054 1769 1096 1799 ad
1119 1770 1255 1800 alterius
1279 1770 1454 1801 arbitrium
1478 1777 1513 1801 et
1529 1781 1591 1800 nu-

862 1819 949 1843 tum.
983 1812 1079 1843 Brut.
1105 1816 1157 1844 38.
1177 1813 1313 1854 fingere
1335 1815 1475 1852 animos,
1499 1814 1532 1844 h.
1561 1824 1590 1846 e.

864 1857 997 1887 flectere
1011 1866 1168 1896 quorsum
1181 1857 1260 1886 velis
1272 1869 1278 1886 :
1296 1857 1335 1887 de
1347 1861 1486 1887 oratore.
1511 1858 1591 1888 Nat.

862 1901 906 1931 D.
925 1901 958 1930 ii.
975 1903 1026 1934 59.
1051 1900 1280 1940 linguafingit
1297 1910 1408 1930 vocem
1427 1905 1460 1930 et
1475 1901 1593 1931 termi-

864 1949 936 1981 nat,
953 1943 986 1973 h.
1011 1953 1040 1974 e.
1066 1943 1161 1981 facit,
1179 1954 1233 1982 ne,
1251 1950 1289 1974 ut
1317 1944 1350 1973 in
1375 1944 1494 1982 brutis,
1518 1945 1591 1974 sine

863 1987 1079 2017 distinctione
1112 1987 1285 2017 literarum
1323 1994 1358 2017 et
1391 1986 1593 2027 syliabarum

864 2035 1029 2070 emmpat.
1072 2030 1144 2061 Att.
1176 2031 1218 2061 vi.
1248 2034 1278 2061 3.
1317 2030 1459 2060 formam
1487 2031 1592 2061 totius

865 2073 1004 2114 reipubl.
1033 2073 1131 2104 velim
1163 2075 1290 2110 mittas,
1320 2083 1393 2113 quae
1424 2073 1506 2104 mihi
1537 2074 1595 2105 ob-

864 2118 950 2148 viam
969 2118 1040 2155 fiat,
1057 2127 1096 2147 ex
1113 2127 1178 2156 qua
1194 2118 1387 2157 mefingerc
1401 2118 1534 2157 possim.

908 2161 1008 2192 fluis.
1031 2161 1187 2198 formula,
1212 2171 1309 2199 quem
1335 2160 1375 2190 ad
1385 2160 1509 2201 finem,
1527 2170 1594 2191 non

865 2204 1031 2244 signifieat
1048 2204 1136 2244 apud
1160 2204 1368 2242 Ciceronem,
1384 2213 1427 2234 zu
1445 2214 1509 2234 was
1527 2205 1596 2235 En-

866 2249 918 2286 de,
935 2248 992 2278 sed
1008 2248 1178 2287 quamdiu.
1215 2248 1314 2278 Catil.
1331 2248 1352 2278 i.
1372 2251 1398 2278 l.
1437 2257 1537 2286 quem
1553 2247 1597 2278 ad

853 2292 963 2332 finem
980 2301 1050 2321 sese
1071 2291 1234 2321 effrenata
1252 2296 1314 2321 tua
1328 2291 1473 2330 jactabit
1494 2291 1596 2322 auda-

866 2337 927 2365 cia.
943 2335 1030 2365 cons.
1052 2334 1145 2365 Verr.
1161 2344 1189 2364 v.
1203 2336 1255 2369 29.
1281 2335 1313 2365 ii.
1326 2336 1379 2365 48.
1404 2334 1483 2365 Nat.
1499 2335 1543 2366 D.
1562 2335 1596 2369 ii.

867 2382 918 2409 51.
942 2379 960 2396 *
976 2389 1034 2418 pro
1058 2389 1098 2408 eo
1120 2382 1247 2415 tamen,
1265 2377 1353 2417 qnod
1377 2379 1410 2408 in
1433 2377 1545 2418 aliqua
1561 2388 1596 2409 re

867 2425 1049 2462 spectatur,
1066 2421 1152 2462 finis
1181 2421 1314 2452 dieitur.
1354 2420 1483 2453 lnvent.
1513 2422 1535 2452 i.
1566 2425 1596 2458 5.

866 2466 1012 2496 officium
1029 2465 1100 2504 ejus
1117 2465 1286 2495 facultatis
1303 2464 1434 2495 videtur
1448 2474 1532 2503 esse,
1547 2465 1595 2495 di-

868 2519 942 2539 cere
969 2509 1119 2548 apposite
1147 2508 1187 2538 ad
1212 2509 1481 2548 persuasionem:
1495 2508 1596 2549 finis,

867 2552 1065 2593 persuadere
1082 2551 1238 2582 dictione.
1264 2551 1358 2582 offic.
1371 2552 1392 2583 i.
1406 2555 1459 2586 39.
1475 2552 1593 2583 domus

91 2599 266 2635 cietatem,
282 2602 342 2628 aut
358 2607 427 2627 rem
445 2596 651 2633 mandatam,
667 2594 824 2635 autfidu-
855 2596 941 2637 finis
965 2604 1016 2626 est
1047 2605 1136 2625 usus.
1175 2595 1212 2624 ln
1240 2605 1305 2635 quo
1334 2595 1532 2633 tenendum,
1547 2595 1598 2636 fi-

91 2643 151 2673 m'oe
172 2642 338 2673 rationem
357 2640 524 2671 fraudavit
546 2640 704 2679 aliquem.
729 2639 824 2669 Rosc.
867 2650 941 2670 uem
956 2639 1021 2669 dici
1033 2639 1197 2676 absolute,
1209 2638 1384 2669 consilium
1401 2639 1510 2679 quoad
1524 2648 1595 2679 spe·

92 2684 189 2716 Com.
222 2685 253 2716 6.
284 2686 311 2716 si
341 2694 407 2724 qua
436 2690 515 2714 sunt
546 2684 674 2724 privata
696 2681 825 2721 Judicia

92 2737 235 2760 summae
258 2729 515 2759 existimationis
539 2732 573 2757 et
598 2735 692 2766 paene
715 2725 825 2755 dicam

93 2771 228 2812 capitis,
242 2773 309 2802 tria
330 2771 402 2802 haee
425 2776 518 2809 sunt,
528 2771 679 2811 fidae-ite,
694 2768 825 2805 tutelae,

91 2815 274 2849 societatis.
285 2814 328 2845 cf.
336 2814 416 2846 Nat.
430 2816 473 2846 D.
488 2815 596 2846 iii.30.
607 2813 703 2845 Offic.
716 2813 763 2842 iii.
778 2815 826 2845 17.

137 2858 266 2897 Figere.
288 2858 368 2890 Nat.
396 2859 439 2889 D.
466 2859 488 2889 i.
513 2861 566 2890 34.
585 2857 698 2898 figere
724 2855 826 2886 male-

92 2900 203 2933 dictis.
226 2901 269 2932 ef.
284 2902 342 2933 Or.
359 2902 413 2935 26,
438 2902 597 2934 Heinsius
619 2900 661 2932 ad
675 2899 771 2932 Ovid.
789 2900 826 2931 A.

869 2688 983 2713 ctatur
1007 2682 1048 2713 ab
1074 2682 1219 2712 homine.
1250 2681 1404 2712 ‘dieitur
1430 2682 1532 2713 etiam
1561 2686 1598 2712 ut

870 2727 992 2763 exitus,
1008 2725 1048 2755 de
1064 2735 1130 2765 quo
1145 2735 1256 2766 supra.
1273 2725 1314 2755 ad
1329 2725 1403 2756 Div.
1423 2726 1464 2756 iv.
1480 2730 1510 2759 9.
1540 2725 1596 2764 qui

857 2769 943 2811 finis
968 2769 1064 2800 istius
1091 2769 1233 2799 consilii*
1251 2774 1312 2800 est.
1342 2769 1447 2810 ‘finis
1473 2768 1598 2799 dicitur

869 2814 983 2850 etiam,
996 2812 1084 2852 ‹piod
1099 2816 1150 2843 est
1167 2813 1200 2843 in
1217 2822 1346 2852 quaque
1364 2822 1397 2842 re
1413 2821 1595 2842 summurn.

871 2856 941 2887 Fin.
965 2857 986 2887 i.
1015 2859 1062 2890 17.
1079 2856 1167 2896 finis
1191 2855 1353 2886 bonorum
1370 2861 1403 2885 et
1420 2854 1598 2890 maiorum,

870 2904 920 2931 est
944 2909 1116 2931 summum
1140 2899 1263 2930 bonum
1288 2903 1321 2929 et
1343 2907 1511 2929 summum
1529 2907 1597 2927 ma·
