1800 3131
156 69 239 115 368

157 178 180 196 ⁴⁶
194 175 234 206 de
258 174 387 206 ancillis
403 180 436 206 et
461 175 611 208 delicatis
627 179 750 218 pueris.
778 178 895 209 Milon.

158 221 212 251 21.
235 228 406 258 nugarum
425 220 508 250 nihil
524 221 558 251 in
575 222 748 251 comitatu.

205 263 344 300 Nullus,
361 273 420 303 pro
443 273 521 294 non.
550 265 621 295 Att.
644 266 684 295 xi.
703 267 754 296 24.
787 264 897 294 Philo-

158 306 263 337 timus
292 316 357 336 non
385 307 484 338 modo
511 310 623 338 nullus
646 309 751 345 venit,
775 308 832 337 sed
856 318 897 337 ne

160 359 219 390 per
242 349 354 380 literas
378 351 511 389 quidem
537 352 596 382 &c.
629 352 672 382 ib.
689 353 753 382 xiv.
774 355 805 382 3.
836 352 898 380 (Jo-

160 393 298 423 rumbus
321 393 415 424 Balbi
439 395 549 425 adhuc
572 397 702 425 nullus:
733 405 777 425 sc.
796 395 897 423 venit.

157 436 295 467 Tuscul.
308 437 329 467 i.
345 440 396 468 38.
427 440 552 468 mortui
569 441 653 468 nulli
669 443 760 468 sunt.
786 438 862 468 Div.
877 438 898 466 i.

159 483 213 514 37.
244 480 448 518 objiciuntur
463 492 550 521 saepe
569 482 695 519 forniae,
713 491 787 520 quae
805 491 899 520 reap-

159 533 194 553 se
211 525 311 554 nulloe
326 529 416 555 sunt.
434 525 452 543 '¹²
465 526 560 556 Rosc.
579 526 672 555 Com.
698 526 744 554 16.
776 525 901 554 nullius

161 567 303 597 consilii.
326 568 459 598 Muren.
482 571 529 598 12.
547 570 637 598 nullo
652 578 726 598 usu.

206 611 409 642 Numerare.
441 612 533 642 Verr.
559 612 604 641 iii.
632 615 684 645 73.
716 621 756 640 ex
780 610 899 649 quibus

160 655 368 685 numeranda
383 660 434 684 est
451 655 576 684 civitas.
601 654 686 684 Phil.
699 654 753 683 vii.
771 657 797 683 1.
819 663 899 692 quos

162 704 183 728 a
198 707 232 728 se
253 698 397 736 primum
422 708 599 728 nmnerare
621 701 777 738 possuntt
811 697 844 727 h.
869 707 898 727 e.

160 741 195 771 in
226 741 345 780 quibus
374 742 586 772 numerandis
624 751 643 770 a
681 751 715 770 se
753 741 899 780 incipere

161 789 312 824 possunt.
343 794 402 823 pro
425 794 621 815 enumerare
645 789 696 814 est
717 784 761 814 N.
785 785 828 815 D.
851 784 898 814 iii.

163 830 215 859 32.
242 828 305 857 nisi
320 827 438 858 vitiosa
453 828 553 858 lectio
569 832 630 858 est.

205 871 400 901 Numerata.
429 881 468 901 ex
493 881 581 909 arca,
610 873 773 911 praesente
796 880 898 910 pecu—

163 915 230 945 nia.
254 914 325 944 Att.
342 915 398 944 xii.
417 917 469 946 25.

206 958 389 988 Numerus.
430 959 470 998 Ω.
494 958 545 988 Fr.
571 957 604 988 ii.
634 960 683 988 13.
715 957 756 987 ad
787 966 900 987 nume-

160 1001 381 1040 rumJudices
393 1002 533 1031 habere:
560 1002 581 1032 i.
598 1012 627 1031 e.
638 1001 770 1039 justum
784 998 899 1030 eo'rum

162 1054 348 1075 numerum.
380 1048 396 1066 ’¹‘
412 1045 601 1084 rhythmus,
625 1046 682 1075 Or.
708 1045 760 1075 64.
789 1053 900 1083 paeon,

163 1088 251 1127 quod
267 1088 377 1128 plures
394 1089 515 1118 habeat
529 1089 670 1129 syllabas
696 1098 794 1127 quam
819 1091 899 1124 tres,

161 1142 320 1162 numerus
335 1141 356 1161 a
371 1132 567 1174 quibusdam
592 1142 658 1162 non
676 1141 733 1171 pes
750 1132 901 1161 habetur.

163 1175 336 1206 Numerus
359 1182 393 1205 et
416 1186 472 1215 pes
493 1175 612 1217 (ῥυθμος
630 1180 662 1205 et
685 1173 800 1217 μίτρην)
822 1184 901 1213 quo-

164 1219 263 1250 modo
287 1219 455 1257 differant,
470 1229 500 1249 v.
516 1219 659 1259 Quintil.
676 1219 719 1248 ix.
737 1222 768 1248 4.
799 1219 902 1248 Nem—

164 1273 206 1303 pe
222 1263 370 1302 rhythmi
394 1263 502 1303 spatio
526 1268 715 1302 tenipprum
733 1265 902 1298 constant,

165 1306 265 1347 pedes
283 1307 384 1336 etiam
401 1306 528 1336 ordine.
556 1317 587 1336 v.
604 1316 634 1335 c.
664 1315 721 1345 pes
739 1305 902 1345 dactylus,

164 1360 296 1390 semper
311 1350 412 1380 habet
428 1350 570 1389 primam
588 1349 736 1387 longam,
749 1359 905 1379 uumerus

165 1397 279 1424 autem
309 1394 410 1423 etiam
441 1393 590 1423 tertiam.
646 1392 765 1431 ltaque
795 1393 903 1422 omnis

164 1446 223 1477 pes
238 1441 288 1466 est
311 1447 479 1474 numerus,
497 1446 562 1466 non
587 1440 700 1466 autem
717 1437 825 1466 omnis
843 1446 904 1466 nu-

165 1490 276 1511 merus
302 1481 403 1510 etiam
427 1490 503 1520 pes:
537 1480 625 1519 quod
646 1479 830 1509 tenendum
855 1483 906 1509 est

165 1528 356 1564 propterea,
369 1524 447 1562 quia
462 1523 632 1553 interdum
649 1525 781 1553 numeri
798 1523 905 1552 mani—

164 1567 251 1597 feste
267 1578 325 1607 pro
341 1567 479 1607 pedibus
496 1567 666 1597 (licuntur.
696 1566 754 1596 Or.
771 1570 822 1600 57.
849 1566 906 1596 da—

166 1610 307 1651 ctylicus
319 1621 477 1641 numerus
487 1610 758 1640 hexametrorum
775 1610 905 1648 magni-

167 1654 348 1693 loquentiae
365 1659 416 1684 est
433 1654 713 1684 accommodatus.
752 1654 853 1692 Atqui
871 1653 905 1682 in

168 1698 372 1728 hexametris
403 1707 470 1727 non
501 1697 580 1727 licet
609 1701 817 1736 anapa‘stum
848 1706 906 1736 pro

169 1741 301 1780 dactylo
317 1751 453 1781 ponere,
466 1741 522 1779 qni
535 1746 649 1771 tamen
666 1744 715 1770 est
729 1739 904 1780 rhythmus

170 1784 365 1824 dactylicus.
397 1784 454 1814 Or.
471 1785 517 1814 iii.
534 1787 587 1815 44.
616 1793 772 1814 numerus
788 1783 907 1813 adstri-

171 1832 259 1864 ctus,
276 1834 325 1857 est
344 1829 398 1866 qui
416 1828 565 1868 proxime
589 1828 631 1858 ad
655 1828 826 1867 poeticum
854 1836 907 1856 ae-

170 1871 274 1901 cedit:
291 1871 434 1908 solutus,
445 1872 499 1910 qui
514 1871 645 1910 longius
659 1870 795 1901 recedit.
812 1870 908 1899 *cer-

169 1918 224 1945 tus
240 1920 275 1945 et
291 1915 475 1945 concinnus
493 1915 636 1955 corporis
653 1921 766 1953 gestus
783 1919 818 1943 et
838 1923 908 1943 mo-

167 1963 225 1989 tus
249 1960 284 1988 in
309 1959 536 1996 histrionibus,
560 1958 788 1994 saltatoribus,
808 1957 908 1997 palae-

170 2002 277 2032 stritis
295 2002 355 2031 Sec.
386 2002 464 2041 quia
487 2012 531 2032 se.
548 2005 586 2031 ut
606 2002 652 2031 illi
677 2002 807 2031 numeri
831 2004 907 2043 poi}-

168 2046 241 2082 tici,
258 2046 356 2075 certis
381 2046 529 2075 numeris
554 2046 803 2085 exprimuntur,
830 2054 906 2074 cum

169 2088 354 2119 intervallis
370 2093 561 2128 temporum
579 2089 827 2118 contineantur.
859 2088 908 2117 di-

168 2132 295 2162 viditur
310 2138 424 2162 autem
437 2133 471 2162 in
489 2131 567 2175 ἄξην
579 2137 612 2162 et
628 2131 717 2162 θέσιν.
734 2131 848 2161 Parad.
862 2132 908 2162 iii.

171 2178 202 2207 2.
221 2176 339 2206 histrio
360 2176 387 2206 si
409 2176 521 2215 paullo
540 2186 573 2205 se
589 2181 720 2205 moveat
739 2179 834 2205 extra
847 2185 908 2205 m(-

169 2229 311 2257 merum,
328 2219 534 2250 exsibilatur.
551 2220 631 2258 Leg.
649 2220 670 2249 i.
682 2222 714 2249 4.
729 2221 858 2248 numeri
874 2219 908 2248 in

171 2266 283 2293 cantu.
309 2263 418 2293 *hinc
441 2262 517 2293 duci
542 2266 665 2303 putant
687 2262 760 2292 illas
783 2262 909 2292 formu-

170 2305 232 2343 las,
259 2307 414 2336 omnibus
439 2308 587 2337 numeris
609 2305 799 2336 absolutum
824 2315 908 2342 esse,

171 2359 287 2380 omnes
303 2360 452 2380 numeros
471 2350 610 2380 habere:
643 2349 733 2388 quod
754 2348 837 2379 mihi
859 2359 910 2378 se-

172 2402 230 2422 cus
247 2393 389 2424 videtur.
425 2394 514 2424 Nam
533 2392 748 2423 manifestum
766 2397 829 2428 est,
845 2400 909 2421 mc—

170 2445 274 2466 meros
299 2437 363 2466 dici
390 2437 561 2466 interdum
593 2446 652 2476 pro
682 2436 846 2475 partibus,
875 2439 909 2465 et

171 2488 286 2509 earum
303 2490 449 2517 numero,
465 2480 522 2518 qui
541 2480 734 2518 requiritur,
748 2485 788 2508 ut
804 2478 911 2518 perfe-

172 2526 229 2552 cta
245 2533 295 2553 res
312 2525 366 2553 sit.
389 2523 460 2553 Fin.
476 2523 516 2552 iv.
535 2526 587 2554 20.
618 2523 794 2552 Pauciores
814 2522 908 2560 quasi

168 2575 321 2596 ‘numeros
343 2567 441 2596 officii
466 2566 687 2606 praeterirent.
715 2566 793 2596 Div.
814 2565 836 2594 i.
862 2568 909 2595 13.

171 2618 288 2639 omnes
318 2609 416 2639 habet
448 2610 482 2640 in
513 2620 548 2639 se
575 2619 724 2640 numeros
750 2609 909 2638 veritatis.

170 2651 266 2682 Verr.
276 2653 310 2682 ii.
320 2653 371 2686 69.
390 2653 477 2691 quod
489 2663 594 2692 genus
608 2653 798 2689 hominum,
810 2662 910 2691 quem

170 2704 363 2732 numerum,
381 2706 480 2734 quern
504 2697 655 2726 ordinem
672 2695 819 2736 proferre
836 2705 911 2735 pos-

171 2739 228 2768 sis.
259 2738 322 2768 hoe
338 2739 581 2779 interpretatur
596 2740 665 2780 ipse
681 2739 760 2769 ibid.
780 2740 819 2769 ab
836 2739 912 2768 uni·

170 2790 266 2811 versa
281 2782 462 2821 provincia,
479 2783 730 2822 generatimque
755 2792 774 2811 a
797 2783 911 2821 singu-

171 2823 212 2854 lis
228 2825 298 2864 ejus
322 2825 471 2865 partibus
495 2826 555 2856 &c.
587 2826 682 2856 Ovid.
702 2826 820 2856 Meni.
836 2827 910 2859 427.

165 2868 333 2901 -animalia
355 2869 554 2910 imperfecta
576 2870 710 2910 suisque
726 2873 850 2901 trunca
865 2869 913 2899 vi-

670 90 815 119 INDEX
846 89 948 117 LATI
955 90 982 116 N
989 90 1142 118 ITATIS.

941 178 1019 208 dent
1036 178 1192 208 numeris.
1225 177 1304 209 ibid.
1319 179 1373 209 vii.
1394 178 1464 211 126.
1492 184 1597 220 utque
1619 177 1680 210 ho·

939 222 1038 251 minis
1063 222 1207 261 speciem
1233 227 1386 253 materna
1407 224 1510 254 sumit
1534 225 1568 254 in
1592 222 1680 261 alvo,

940 274 1062 304 perque
1079 275 1154 295 suos
1179 265 1269 295 intus
1293 276 1442 297 numeros
1465 267 1680 307 componitur

939 308 1061 338 infans.
1108 308 1267 338 cohortes
1299 310 1441 340 eandem
1473 311 1514 340 ob
1544 318 1681 340 causam

940 353 1070 380 numen*
1109 352 1281 390 dicuntur,
1313 354 1393 392 quia
1421 357 1501 383 sunt
1539 353 1680 392 legionis

941 399 1064 434 partes.
1095 395 1137 425 ad
1163 395 1239 425 Div.
1263 396 1307 426 xi.
1337 400 1384 427 10.
1417 401 1595 436 septenum
1618 405 1682 426 nu-

942 447 1069 467 merum
1098 448 1188 468 nunc
1216 438 1386 478 legionum
1413 439 1476 470 alo.
1510 440 1567 470 ubi
1591 439 1682 469 Grae-

942 480 1013 509 vius
1031 481 1126 519 legit,
1143 485 1270 521 septem
1297 493 1387 513 nunc
1411 493 1563 513 numeros
1580 482 1683 521 legio-

943 532 1038 559 num,
1062 527 1095 553 et
1119 524 1270 555 cohortes
1295 527 1548 566 interpretatur.
1580 529 1682 556 recte.

943 566 1021 595 ibid.
1039 567 1094 596 xii.
1115 570 1164 597 13
1195 567 1386 600 Graecorunl
1409 570 1554 600 militum
1571 579 1684 599 nume-

942 619 1013 638 ros:
1050 610 1096 639 sic
1128 610 1305 649 legendum
1338 624 1397 653 pro
1429 623 1574 643 numero.
1617 612 1683 642 vid.

944 651 1050 682 Gr.aev
1067 653 1108 682 ad
1131 652 1152 682 l.
1178 663 1206 683 c.
1244 660 1344 694 atque
1369 657 1401 686 in
1427 657 1618 686 universum
1642 655 1682 685 de

943 696 1113 726 ordinibus
1130 696 1329 728 militaribus
1346 699 1480 737 dicitur,
1497 705 1534 730 ut
1558 700 1598 730 de
1612 702 1685 729 tur-

944 749 1010 776 ma,
1029 739 1068 769 de
1088 739 1178 769 mille
1197 741 1372 777 militibus,
1389 743 1445 781 qui
1462 743 1522 773 sub
1540 753 1606 773 uno
1623 743 1683 772 tri·

943 782 1032 812 buno
1050 789 1140 812 sunt.
1173 793 1202 814 v.
1222 783 1304 814 Intt.
1325 785 1366 815 ad
1390 788 1528 816 Sueton.
1544 787 1681 826 Vespas-

943 826 973 856 6.
1007 826 1090 855 adde
1114 826 1299 858 Burmann.
1323 828 1364 858 ad
1392 829 1487 859 Ovid.
1511 829 1593 859 Her.
1616 829 1684 860 viii.

943 870 994 899 ⁴24.
1028 870 1180 900 Pertinet
1204 871 1269 901 huc
1292 873 1393 902 etiam
1418 872 1519 902 illud:
1553 872 1682 902 Verrin.

942 922 971 942 v.
998 915 1049 942 51.
1086 914 1112 943 si
1138 923 1236 944 naves
1261 924 1358 945 suum
1383 926 1558 946 numerum
1584 915 1685 946 habe-

938 961 1036 985 rent:
1070 957 1102 986 h.
1127 967 1155 986 e.
1181 963 1340 996 vectores,
1358 960 1513 998 remiges,
1538 968 1681 998 quorum

943 1008 1101 1029 numerus
1127 1005 1237 1031 certus
1268 1003 1462 1041 requiritur.
1507 1002 1560 1032 Sic
1587 1002 1684 1032 Ovid.

945 1041 1025 1072 Her.
1044 1054 1074 1072 x.
1090 1044 1142 1073 36.
1169 1044 1266 1074 flecte
1282 1050 1402 1083 ratem,
1420 1055 1598 1076 numerum
1615 1055 1682 1076 non

944 1086 1044 1115 habet
1070 1086 1127 1116 illa
1152 1096 1271 1118 suumz
1304 1090 1359 1119 ubi
1383 1089 1544 1120 Burman.
1570 1089 1682 1119 locum

946 1130 1114 1160 Ciceronis
1132 1131 1247 1161 afferre
1265 1142 1330 1162 non
1356 1133 1514 1171 neglexit.
1545 1135 1565 1154 *Ψ
1580 1133 1686 1163 locus.

944 1174 978 1202 in
1017 1173 1128 1203 Caeeil.
1156 1177 1204 1209 19.
1229 1185 1306 1206 cum
1325 1176 1350 1206 is
1371 1176 1432 1206 tibi
1449 1176 1596 1217 parentis
1623 1186 1689 1207 nu-

946 1226 1032 1246 mero
1051 1217 1181 1248 fuisset.

990 1261 1192 1298 Numarius,
1209 1262 1353 1301 pecunia
1374 1269 1559 1302 corruptus.
1589 1263 1684 1294 Verr.

945 1303 992 1334 iii.
1007 1307 1057 1338 57.
1081 1307 1274 1334 mcmarz'um
1285 1305 1464 1343 judicium.
1489 1306 1686 1340 Cluent.27.

945 1348 1248 1386 nmnariz'judices.
1273 1349 1346 1378 add.
1357 1349 1427 1379 Att.
1440 1349 1460 1379 i.
1478 1350 1526 1379 16.
1544 1349 1619 1380 Clu.
1633 1350 1688 1380 36.

948 1391 1001 1420 ubi
1013 1395 1063 1420 est
1076 1393 1251 1422 numarz’us
1261 1392 1422 1432 interpres
1435 1393 1524 1432 pacis
1536 1405 1542 1422 ε
1561 1394 1618 1432 qui
1631 1402 1688 1433 pe-

947 1434 1047 1464 cunia
1063 1440 1202 1475 accepta
1218 1445 1332 1474 pacem
1347 1437 1544 1466 conciliavit.
1569 1436 1686 1476 Itaque

946 1479 1084 1507 omnino
1100 1480 1248 1508 numarii
1264 1484 1355 1517 sunt,
1374 1480 1427 1518 qui
1446 1479 1571 1518 aliquid
1585 1489 1687 1520 pecu-

948 1522 1011 1550 niae
1028 1528 1061 1551 et
1078 1528 1225 1560 quaestus
1243 1532 1343 1552 causa
1359 1523 1497 1553 faciunt.

992 1565 1168 1602 Namatio,
1185 1575 1210 1595 s.
1227 1565 1438 1596 nundinatio.
1465 1565 1550 1596 Phil.
1567 1566 1602 1595 ii.
1618 1568 1672 1596 45.

992 1608 1196 1638 Numerare.
1226 1609 1320 1639 Verr.
1336 1610 1370 1639 ii.
1392 1612 1439 1640 10.
1473 1609 1567 1648 cujus
1583 1618 1687 1639 manu

948 1653 1222 1682 numerabantur.
1253 1653 1297 1683 ib.
1321 1662 1425 1682 manu
1447 1657 1510 1683 tua
1531 1662 1688 1683 numera-

949 1699 1019 1724 tum
1036 1705 1118 1725 esse.-
1144 1696 1164 1725 i.
1181 1705 1209 1724 e.
1226 1696 1299 1726 tibi.

994 1739 1147 1776 Ianus,
1160 1749 1235 1769 cum
1249 1739 1448 1779 simpliciter
1459 1739 1607 1780 ponitur,
1619 1737 1688 1769 fere

949 1783 1122 1812 sestertius
1139 1782 1390 1821 intelligendus.
1412 1783 1510 1813 Rosc.
1527 1782 1640 1812 Amer.
1656 1783 1689 1813 2.

950 1825 1009 1854 «See.
1048 1825 1172 1856 *Rosa
1207 1826 1300 1856 Com.
1333 1829 1363 1857 Β.
1402 1827 1524 1857 versari
1555 1826 1590 1855 in
1619 1825 1687 1856 suis

949 1869 1070 1918 amnis,
1087 1870 1282 1909 opponitur,
1300 1871 1334 1899 in
1358 1879 1423 1899 aere
1439 1869 1564 1900 alieno.
1594 1868 1688 1899 Verr.

950 1912 997 1942 iii
1015 1913 1222 1943 86.ha1›et
1217 1923 1249 1942 in
1271 1914 1392 1951 mamis,
1409 1913 1510 1943 habet
1532 1913 1569 1943 in
1593 1912 1689 1942 urba-

950 1956 1001 1984 nis
1019 1956 1168 1995 praediis:
1194 1957 1309 1986 baares
1326 1956 1413 1995 geld.

995 1999 1187 2030 Nam-intio.
1218 1999 1302 2030 Phil.
1326 2000 1360 2029 ii.
1389 2002 1443 2030 32.
1480 2008 1541 2029 nos
1570 1999 1689 2039 (augu-

951 2041 1015 2080 res)
1033 2045 1274 2073 mandationem
1291 2044 1399 2073 solum
1421 2043 1595 2080 habemus,
1611 2051 1690 2072 con-

951 2085 1038 2116 sules
1054 2087 1156 2116 etiam
1174 2088 1393 2126 spectionem.
1418 2096 1447 2116 v,
1464 2086 1600 2126 spectio.
1628 2085 1690 2115 Ce-

949 2133 1060 2159 terum
1079 2129 1114 2159 τό
1129 2131 1287 2160 nunciare
1312 2130 1435 2159 diserte
1455 2130 1616 2159 tribuitur
1633 2138 1692 2159 au-

951 2173 1034 2212 guri.
1060 2173 1144 2203 Phil.
1162 2175 1195 2203 ii.
1213 2177 1266 2204 33.
1289 2173 1370 2212 Leg.
1388 2173 1422 2203 ii.
1442 2175 1492 2204 12.

991 2217 1218 2257 ,Num-vymzam,
1245 2227 1316 2256 pro,
1342 2217 1403 2246 hoc
1432 2216 1504 2256 ipso
1528 2218 1690 2255 tempore.

951 2259 993 2289 ad
1007 2259 1078 2290 Att.
1097 2261 1150 2290 vii.
1168 2264 1198 2291 3.
1222 2261 1290 2290 viii.
1307 2264 1355 2294 19.
1380 2259 1436 2290 xii.
1456 2260 1506 2290 16.
1524 2260 1584 2289 &m

997 2304 1039 2334 N
1039 2304 1205 2340 undinari,
1214 2304 1408 2342 frequenter
1416 2303 1603 2332 convenire.
1613 2301 1690 2334 Div.

952 2346 986 2375 ii.
1001 2350 1053 2377 31.
1083 2348 1140 2377 ubi
1164 2347 1205 2376 ad
1225 2347 1337 2376 focum
1361 2355 1486 2385 angues
1509 2346 1693 2375 nundinam·

951 2388 1071 2420 solent.
1096 2390 1250 2421 *emere
1279 2391 1374 2421 Verr.
1391 2391 1412 2419 i.
1427 2390 1481 2420 46.
1508 2389 1693 2418 nundinari

952 2433 992 2462 ab
1008 2433 1141 2473 aliquo
1127 2443 1196 2472 ]ιιε.

997 2477 1131 2518 N‘uper,
1145 2477 1185 2507 de
1202 2476 1301 2516 longo
1317 2480 1480 2515 tempore.
1503 2475 1584 2506 Nat.
1598 2475 1641 2505 D.
1658 2474 1694 2504 ii.

954 2525 1005 2553 50.
1037 2521 1093 2559 qui
1118 2530 1170 2557 ea,
1191 2530 1263 2559 qu‘r
1289 2528 1406 2559 nuper,
1433 2518 1466 2548 id
1490 2522 1553 2555 est,
1577 2517 1691 2557 paucis

954 2567 1031 2595 ante
1048 2574 1101 2594 se(
1105 2564 1181 2600 ulis
1197 2570 1330 2603 reperta
1352 2567 1443 2592 sunt.
1460 2561 1542 2591 Sull.
1559 2563 1610 2591 3‘2.
1643 2563 1694 2590 est

953 2617 1069 2647 nuper,
1087 2607 1127 2637 de
1151 2607 1288 2636 triennii
1312 2611 1476 2644 tempore.
1507 2605 1588 2634 item
1613 2604 1691 2634 Div.

954 2652 976 2682 i.
1000 2654 1052 2685 39.
1084 2650 1124 2680 de
1147 2654 1297 2690 tempore
1324 2650 1404 2678 satis
1432 2647 1549 2686 longo:
1583 2650 1617 2676 et
1645 2647 1693 2676 sic

955 2695 1025 2724 aliis
1042 2695 1144 2723 etiam
1161 2693 1253 2723 locis.
1285 2691 1327 2721 (f.
1345 2691 1474 2721 Duker.
1491 2691 1533 2720 ad
1556 2689 1691 2720 Florum

954 2739 975 2768 i.
997 2740 1045 2767 11.
1077 2744 1111 2767 et
1127 2737 1183 2775 qui
1208 2736 1253 2766 ibi
1276 2735 1470 2772 laudantur,
1486 2739 1521 2764 et
1544 2733 1636 2763 dicta
1657 2733 1693 2762 in

955 2781 1065 2811 inodo.

1002 2825 1042 2855 N
1042 2827 1147 2860 utare,
1159 2823 1325 2852 incertum
1339 2831 1422 2857 esse,
1434 2820 1599 2851 fluctuari.
1612 2819 1694 2851 Nat.

956 2868 1000 2901 D.
1017 2868 1039 2898 i.
1054 2870 1107 2899 43.
1131 2869 1228 2898 nutat
1245 2866 1279 2897 in
1297 2872 1418 2897 natura
1433 2864 1586 2896 deorum.
