1790 3219
143 90 228 130 416

196 185 365 217 Sacculus.
389 183 460 216 Fiu.
477 184 512 216 ii.
531 186 561 215 8.
586 184 715 221 vinum,
731 185 785 215 cui
802 183 886 215 nihil

151 231 350 261 -sacculus
380 227 573 259 abstulerit:
614 227 721 258 intell.
752 237 888 258 saccum

151 274 332 311 vinarium,
349 283 414 312 quo
437 271 645 312 percolantes
667 272 797 310 vinum,
818 272 888 312 ejus

154 319 238 349 vires
253 317 429 357 frangunt,
443 320 484 347 ut
498 315 606 346 lenius
623 316 693 346 fiat.

201 361 469 398 Sacramentum,
480 358 716 399 jusjurandum
734 358 891 389 militare.

155 405 221 436 off.
249 405 270 435 i.
300 407 350 436 ll.
386 408 427 434 ut
455 403 599 434 secundo
625 412 704 433 eum
730 402 893 441 obligaret

156 448 289 481 militiae
314 451 536 480 sacramentm
561 447 640 486 quia
662 446 768 486 priore
793 445 892 475 amis-

156 503 206 531 so,
216 493 292 533 jure
309 501 386 522 cum
402 491 552 522 hostibus
569 499 717 530 pugnare
734 498 801 518 non
818 493 892 528 pot-

157 541 240 568 erat.
284 535 439 566 Pearcius
461 534 503 566 ad
526 533 595 564 11.1.
619 537 829 563 sacramento
845 531 893 561 di-

156 580 302 620 stinguit
328 578 566 617 jusjurandum
599 575 742 606 militare
772 585 790 604 e
822 574 893 605 Liv.

156 624 298 656 xxii.38.
324 622 425 653 Male.
448 621 535 652 Nam
549 620 673 650 ibinon
682 618 894 657 distinguun-

158 671 216 698 tur
237 670 484 697 sacramentum
508 668 542 694 et
562 662 813 702 jusjurandum,
837 661 894 691 sed

160 713 406 743 sacramentum
429 707 668 744 voluntarium,
684 709 719 736 et
742 704 896 744 legitima

153 753 373 795 jurisjurandi
404 751 544 782 adactio.
581 749 652 779 *ln
681 749 752 779 foro
783 758 894 780 sacra-

161 803 306 830 mentum
329 800 401 826 erat
423 795 577 836 pecunia,
593 803 666 833 quae
690 802 710 823 a
731 792 896 832 litiganti-

160 843 222 873 bus
245 840 476 880 deponebatur
497 837 586 878 apud
609 836 820 873 Pontificem,
844 839 895 873 ut,

162 886 218 925 qui
237 894 336 915 causa
352 882 538 919 cecidisset,
555 881 726 911 amitteret
749 889 824 910 eam
840 889 896 919 pe-

161 929 314 959 cuniam:
340 926 428 966 quod
451 926 521 965 ejus
545 925 592 955 rei
608 934 709 955 causa
723 923 838 960 fiebat,
854 932 896 952 ne

161 973 299 1013 impune
323 970 424 1001 alicui
450 969 625 1008 negotium
653 966 811 1008 petendo,
838 971 898 996 aut

154 1017 250 1057 justa
264 1014 400 1056 petendi
416 1012 608 1049 inficiando,
623 1011 747 1042 frustra
769 1019 898 1041 creare-

159 1065 229 1092 tur.
267 1059 431 1090 Instituta
445 1063 558 1087 autem
575 1065 625 1086 res
641 1057 692 1085 est
705 1054 807 1084 etiam
823 1063 913 1094 pro-¹

159 1109 236 1146 pter
260 1102 406 1143 inopiam
435 1100 556 1138 aerarii,
579 1103 715 1129 auctore
736 1098 898 1135 Varrone,

161 1151 203 1179 ut
230 1147 265 1177 id
295 1146 372 1176 inde
401 1144 547 1184 aliquem
577 1143 723 1173 reditum
749 1141 898 1172 haberet.

159 1191 285 1224 Differt
299 1200 318 1221 a
331 1189 508 1230 sponsione
525 1190 774 1218 sacramentum
789 1186 824 1216 in
847 1195 899 1223 eo,

163 1235 253 1275 quod
267 1235 302 1266 111
317 1234 493 1274 sponsione
509 1241 576 1262 non
598 1231 778 1271 deponitur
799 1239 897 1269 pecu-

162 1280 231 1317 nia,
254 1277 313 1309 sed
334 1282 469 1308 tantum
492 1275 713 1316 promittitur.
742 1276 773 1303 ν’.
793 1273 900 1303 Hoto-

163 1331 279 1354 mann.
292 1321 333 1352 ad
345 1321 400 1351 Or.
414 1330 464 1360 pr.
474 1318 614 1359 Quintio
626 1328 653 1348 c.
667 1321 697 1348 8.
713 1326 773 1357 pro
783 1315 900 1347 eadem

162 1376 198 1398 re
211 1365 313 1396 habet
324 1363 529 1395 Facciolatus
542 1362 582 1392 V.
594 1361 665 1392 Cel.
676 1360 718 1390 ad
728 1360 815 1390 hanc
829 1369 902 1390 ora-

163 1411 305 1441 tionem.
341 1408 404 1438 vid.
433 1406 582 1437 Iudicem
614 1405 648 1435 in
677 1404 823 1444 sponsio.
859 1403 902 1433 ad

163 1453 243 1485 Div.
273 1453 328 1482 vii.
358 1453 410 1482 32.
455 1453 658 1481 sacramento
687 1446 900 1478 contendere.

164 1496 245 1529 hinc
261 1496 332 1537 ipsa
354 1494 471 1535 petitio
493 1496 742 1524 sacramentum
766 1491 902 1529 dicitur,

166 1550 241 1580 quae
255 1542 466 1570 sacramento
484 1536 681 1577 interposito
704 1536 752 1565 fit.
779 1534 903 1565 Caecin.

165 1587 220 1616 33.
258 1593 326 1613 non
357 1591 450 1623 posse
479 1585 632 1611 nostrum
660 1582 902 1611 sae-ramentum

160 1628 292 1668 justum
302 1626 459 1665 judicari.
486 1625 585 1656 Dom.
601 1626 654 1658 29.
670 1624 697 1653 si
724 1622 903 1652 decemviri

164 1674 409 1706 sacramentum
422 1670 457 1700 in
470 1668 660 1699 libertatem
671 1668 836 1707 injustum
846 1666 903 1705 ju-

167 1715 345 1746 dicassent.
375 1714 432 1744 Or.
455 1713 477 1743 i.
505 1716 553 1743 10.
584 1712 680 1750 justo
700 1714 905 1742 sacramento

165 1757 380 1789 contendere.
405 1757 447 1787 cf.
462 1756 535 1787 Mil.
548 1758 600 1790 27.

212 1801 368 1839 Sacrare,
390 1810 520 1830 sacrum
552 1805 585 1829 et
615 1797 804 1828 inviolabile
836 1797 905 1827 effi-

167 1855 253 1877 cere.
271 1844 364 1875 Balb.
378 1847 426 1875 14.
441 1842 905 1879 sanctionessacrandoesunt,

167 1893 230 1920 aut
257 1898 377 1928 genere
407 1888 490 1928 ipso,
521 1892 580 1917 aut
616 1886 840 1916 obtestatione
870 1890 906 1914 et

168 1932 418 1964 consecratione
433 1932 528 1971 legis,
540 1933 599 1961 aut
612 1939 721 1970 poena.

209 1976 380 2008 Sam-atus.
398 1975 487 2015 leges
497 1979 646 2005 sacratoe.
668 1972 905 2012 v.1nd.Legg.

211 2020 458 2058 Sacrosanctus,
479 2017 679 2049 inviolabilis
702 2017 763 2055 ita,
783 2020 834 2055 ut,
850 2016 906 2054 qui

169 2064 291 2095 violare
312 2064 447 2100 audeat,
463 2072 555 2093 sacer
577 2062 630 2092 sit.
659 2061 752 2092 Balb.
775 2063 824 2091 14.
854 2070 906 2090 sa-

167 2112 372 2139 crosanctum
390 2106 474 2137 nihil
496 2116 567 2136 esse
588 2109 711 2146 potest,
729 2104 794 2134 nisi
817 2103 907 2143 quod

166 2151 309 2192 populus
325 2151 457 2191 plebsve
472 2150 647 2181 sanxisset.

214 2195 393 2232 Soeeulum,
418 2194 458 2224 de
480 2197 630 2234 tempore
653 2192 753 2232 longo
775 2195 809 2221 et
834 2190 907 2221 diu-

167 2243 281 2270 turno.
308 2238 371 2269 Off.
388 2239 423 2268 ii.
441 2240 494 2269 21.
523 2247 588 2275 nae,
602 2236 651 2266 illi
667 2235 777 2267 multa
790 2237 906 2266 saecula

167 2281 391 2322 exspectanda
404 2281 509 2312 fuere.

215 2325 319 2365 Saga.
348 2326 425 2357 Div.
453 2326 474 2356 i.
502 2327 556 2356 31.
587 2333 677 2362 sagoe
706 2332 802 2361 anus,
829 2332 908 2362 quia

169 2369 276 2400 multa
291 2370 374 2399 scire
389 2369 518 2399 volunt.

214 2412 340 2452 Sagax.
367 2413 445 2443 Div.
461 2412 482 2442 i.
499 2414 553 2443 31.
583 2421 716 2451 sagaces
731 2409 813 2440 dicti
829 2413 908 2440 sunt

169 2465 279 2488 canes.

217 2499 357 2538 sagina,
372 2499 567 2539 largitiones
591 2499 624 2528 in
647 2497 908 2538 plebem‚inpri-

170 2542 234 2574 mis
259 2543 428 2573 frumenti.
467 2542 573 2572 Flace.
600 2546 632 2577 7.
668 2542 724 2580 qui
751 2541 908 2571 multitu-

172 2586 284 2617 dinem
298 2596 364 2616 non
376 2587 590 2624 auctoritate,
602 2585 659 2616 sed
669 2586 802 2624 sagina,
810 2589 906 2615 tene-

168 2630 238 2661 bat.

215 2672 346 2713 Sagire.
370 2672 446 2703 Div.
461 2673 483 2704 i.
501 2676 553 2704 31.
577 2674 690 2712 sagire
707 2676 760 2703 est
776 2672 905 2703 sentire

169 2720 280 2751 acute.

217 2760 360 2798 Sagum,
384 2762 435 2789 est
455 2760 554 2789 vestis
577 2759 744 2796 militaris,
768 2769 835 2798 qua
857 2762 907 2789 et·

170 2804 238 2835 iam
255 2812 370 2833 omnes
386 2803 473 2833 cives
491 2803 586 2833 Rom.
603 2804 638 2833 in
659 2804 742 2834 urbe
764 2803 906 2833 uteban-

169 2852 228 2878 tur
250 2857 290 2877 ex
313 2846 401 2877 SCto
424 2846 458 2876 in
481 2845 643 2880 tumultu.
672 2856 703 2878 v.
727 2846 908 2879 tumultus.

169 2890 257 2922 Phil.
272 2891 337 2923 xiV.
356 2892 384 2922 1.
408 2889 449 2922 ad
463 2898 546 2930 saga
562 2889 620 2925 ire,

693 94 840 124 INDEX
870 94 1166 125 LATINITA'HS.

977 183 1049 222 Sal,
1065 188 1100 214 et
1115 183 1199 215 sales
1222 182 1382 214 dicuntur
1402 181 1443 213 de
1459 186 1600 223 utroque
1616 191 1674 223 ge·

932 237 1011 259 nere
1027 227 1238 264 facetiarum,
1256 230 1291 256 et
1305 236 1358 264 e0,
1375 226 1463 266 quod
1485 231 1536 257 est
1555 228 1590 257 in
1605 228 1675 258 sin-

934 272 1021 311 gulis
1047 272 1165 309 verbis,
1189 279 1263 310 quae
1287 269 1428 300 dicteria
1449 270 1622 308 dit-untur,
1638 273 1676 300 et

934 315 1022 354 quod
1049 320 1100 345 est
1121 315 1234 346 fusum
1258 313 1467 353 aequabiliter
1488 323 1547 354 per
1566 317 1674 344 totam

933 359 1131 390 orationem.
1161 358 1226 389 vid.
1249 358 1306 389 Or.
1322 359 1374 388 26.
1403 358 1478 388 init.
1493 358 1551 388 Or.
1569 357 1603 388 ii.
1621 360 1674 389 54.

935 411 987 432 ars
1001 403 1089 432 salis.

981 444 1137 483 Salebroe,
1154 446 1349 485 asperitates
1370 444 1498 475 viarum
1521 443 1673 485 proprie:

936 488 970 518 in
994 489 1144 518 oratione
1167 489 1302 520 salebrae
1331 493 1410 518 sunt
1435 488 1471 518 in
1497 487 1674 518 collatione

935 532 1126 569 verborum,
1156 542 1233 562 cum
1265 541 1378 573 aspere
1408 532 1507 562 verba
1537 541 1677 562 concur·

936 578 1027 605 runt.
1050 575 1115 604 vid.
1131 575 1189 606 Or.
1208 578 1258 607 12.
1283 577 1316 606 in
1334 575 1546 616 Philosophia
1560 578 1677 605 autem

935 623 1016 648 sunt
1039 617 1266 657 difficultates,
1282 629 1321 649 ex
1345 620 1463 659 quibus
1488 629 1555 649 non
1578 618 1696 648 facile-

936 662 1009 701 quis
1025 671 1059 692 se
1079 662 1245 702 expediat.
1275 662 1346 693 Fin.
1364 664 1399 693 ii.
1419 666 1469 694 10.
1500 662 1572 693 baec
1595 666 1677 692 sunt

936 705 1103 735 contraria
1130 705 1379 745 (repugnantia)
1406 706 1459 736 bic
1484 707 1510 736 si
1536 706 1676 736 definire

936 749 988 779 vel
1018 748 1162 779 dividere
1193 749 1609 788 didicisset,-—nunquam
1640 750 1677 780 in

935 796 1048 823 tantas
1062 793 1207 823 salebras
1222 793 1406 823 incidisset.
1429 792 1472 822 cf.
1489 802 1519 823 v.
1536 794 1589 824 28.

980 836 1115 867 Salinoe.
1145 836 1243 873 sales,
1267 836 1410 867 facetiae.
1448 835 1490 866 ad
1519 836 1596 867 Div.
1622 836 1680 867 vii.

936 881 989 911 32.
1019 890 1086 910 non
1110 880 1189 910 satis
1213 879 1393 920 diligenter
1414 889 1435 910 a
1453 884 1487 910 te
1503 880 1679 920 possessio-

936 932 1015 953 nem
1037 925 1223 954 salinarum
1246 933 1399 954 mearum
1425 923 1568 954 defendi.
1613 922 1679 954 Sed

937 976 997 1007 per
1005 967 1122 1007 jocum
1139 967 1204 997 ista
1219 967 1389 998 dicuntur.

982 1010 1110 1048 Salsus,
1136 1017 1310 1048 venustus,
1335 1010 1475 1052 lepidus.
1514 1010 1586 1041 Att.
1612 1011 1677 1041 xvi.

942 1055 991 1085 12.
1022 1054 1063 1084 de
1078 1054 1189 1084 libris:
1215 1055 1350 1094 negotia
1370 1056 1468 1086 salsa.
1499 1054 1580 1085 Nat.
1594 1055 1639 1086 D.
1657 1055 1679 1085 i.

939 1100 992 1129 28.
1022 1096 1087 1128 hoc
1108 1097 1217 1138 ipsum
1240 1098 1384 1136 (naevum
1409 1099 1444 1128 in
1461 1098 1603 1129 articulo
1619 1097 1679 1129 ha-

937 1139 1030 1181 bere)
1058 1143 1182 1172 salsum
1207 1141 1256 1172 illi
1283 1146 1320 1172 et
1344 1146 1525 1172 venustum
1548 1141 1680 1172 videba-

937 1190 1006 1217 tur.

983 1229 1129 1260 Saltare.
1152 1228 1241 1260 Mur.
1259 1229 1290 1260 6.
1315 1239 1414 1260 nemo
1428 1228 1497 1259 fere
1511 1230 1614 1259 saltat
1629 1238 1681 1259 so-

940 1273 1043 1304 brius.
1067 1283 1097 1304 v.
1112 1273 1264 1304 saltator.
1285 1272 1373 1304 *On
1390 1273 1442 1307 67.
1466 1282 1679 1303 numerosam

941 1316 1274 1358 comprehensionem
1295 1326 1448 1357 perverse
1463 1316 1596 1356 fug-iens
1612 1316 1681 1346 He·

943 1361 1061 1400 gesias,
1077 1362 1191 1398 saltat,
1208 1361 1358 1391 incidens
1375 1360 1574 1400 particulas:
1599 1359 1633 1390 h.
1651 1369 1683 1391 e.

942 1414 1075 1445 semper
1103 1404 1207 1434 incise.
1237 1409 1274 1434 et
1303 1404 1517 1434 membratim
1554 1403 1683 1442 dicens,

943 1457 1116 1488 nunquam
1139 1447 1280 1487 longiori
1297 1451 1332 1478 et
1354 1457 1532 1479 numerosa
1546 1447 1683 1487 periodo

941 1495 1053 1529 utens,
1070 1501 1136 1531 quo
1158 1493 1252 1531 quasi
1268 1491 1401 1522 mollius
1419 1491 1595 1522 salientem
1610 1500 1685 1521 ora-

941 1536 1069 1566 tionem
1085 1536 1199 1566 efficit.

988 1580 1150 1617 Saltator,
1164 1579 1198 1609 in
1222 1579 1362 1609 convicii
1378 1577 1451 1609 loco
1467 1578 1591 1609 dicitur
1605 1577 1685 1609 Mu-

943 1633 1014 1654 ren.
1031 1624 1062 1654 6.
1086 1624 1162 1654 Sen.
1179 1633 1212 1663 p.
1226 1622 1266 1653 R.
1283 1623 1315 1653 6.
1339 1622 1404 1653 Off.
1421 1623 1444 1653 i.
1457 1624 1509 1653 42.
1525 1622 1567 1652 ad
1583 1632 1682 1662 quem

943 1667 1056 1698 locum
1071 1666 1220 1698 Graevius
1236 1665 1352 1696 multis
1375 1665 1524 1706 disputat
1546 1667 1581 1696 in
1597 1665 1685 1696 hanc

944 1711 1162 1748 sententiam,
1191 1709 1406 1740 saltationem
1445 1718 1513 1739 non
1545 1719 1683 1740 omnem

943 1755 1046 1785 fuisse
1071 1760 1219 1795 turpem,
1245 1753 1304 1783 sed
1329 1753 1559 1784 histrionicam
1587 1753 1686 1783 modo

946 1804 981 1829 et
995 1799 1175 1829 scenicam.
1212 1797 1330 1836 Itaque
1346 1799 1535 1827 saltatorem
1549 1806 1619 1827 esse
1634 1796 1687 1827 hi-

944 1843 1120 1880 strionem,
1136 1842 1194 1881 qui
1211 1841 1361 1872 earmina
1375 1840 1489 1878 saltet,
1503 1840 1590 1880 quod
1614 1844 1687 1872 erat

944 1886 1060 1917 Romae
1069 1886 1104 1916 in
1113 1885 1228 1926 primis
1234 1884 1595 1925 pantomimorum,qui
1602 1894 1685 1915 non-

946 1930 1009 1961 nisi
1026 1928 1178 1960 saltando
1198 1928 1328 1959 fabulas
1350 1927 1541 1966 exhibebat,
1557 1932 1596 1958 ut
1611 1928 1685 1966 jain

946 1974 1061 2004 docuit
1076 1973 1206 2003 erudite
1222 1972 1362 2002 Salmas.
1379 1971 1422 2002 ad
1437 1972 1570 2012 Vopisc.
1581 1972 1688 2003 Aure-

945 2017 1025 2048 lian.
1041 2021 1073 2052 7.
1093 2027 1125 2057 p.
1141 2019 1216 2047 433.
1235 2020 1270 2046 et
1286 2015 1397 2046 Carin.
1408 2025 1441 2056 p.
1456 2017 1530 2046 830.
1542 2025 1569 2046 S.
1581 2015 1689 2046 Salta-

945 2062 1071 2091 tionem
1088 2060 1234 2099 aliquam
1250 2064 1366 2089 autem
1381 2058 1483 2089 fuisse
1496 2058 1687 2097 honestam,

947 2115 987 2135 ex
999 2105 1114 2135 multis
1127 2104 1224 2134 rebus
1236 2103 1379 2142 intelligi
1392 2112 1500 2142 posse,
1511 2106 1687 2142 tamquam

947 2149 1033 2188 quod
1044 2149 1078 2178 in
1088 2148 1217 2188 pompis
1229 2147 1330 2177 sacris
1341 2146 1445 2177 suerit
1453 2150 1615 2186 usurpata
1626 2146 1687 2178 ἀρ.

946 2193 1066 2232 Neque
1075 2195 1191 2222 tamen
1200 2190 1283 2220 mihi
1292 2189 1422 2220 videtur
1428 2194 1503 2220 tota
1511 2188 1569 2220 illa
1577 2190 1691 2230 dispu-

945 2237 1073 2266 tatione
1086 2235 1258 2275 vulgarem
1267 2234 1471 2264 sententiam
1481 2234 1560 2264 satis
1573 2233 1692 2264 confu-

945 2287 1032 2317 tare,
1042 2289 1115 2318 quae
1127 2278 1249 2310 saltare
1260 2282 1359 2318 turpe
1369 2277 1472 2308 fuisse
1483 2277 1599 2308 Romae
1611 2287 1689 2308 cen-

946 2328 1009 2354 set.
1026 2322 1176 2360 Scilicet,
1191 2322 1247 2361 qui
1269 2321 1348 2352 huic
1364 2325 1446 2351 sunt
1466 2320 1604 2359 addicti,
1621 2330 1689 2352 non

948 2372 1088 2407 negant,
1103 2366 1283 2396 honestum
1300 2365 1415 2402 fuisse,
1431 2365 1464 2394 in
1485 2365 1585 2399 sacris
1601 2363 1690 2395 ludis

948 2416 983 2441 et
1011 2411 1142 2451 pompis
1173 2410 1214 2440 ad
1242 2409 1451 2450 praescriptos
1489 2408 1689 2438 caerimoniis

948 2455 1066 2484 modos
1083 2453 1224 2484 saltare:
1250 2452 1290 2482 de
1305 2451 1356 2482 his
1372 2451 1606 2482 saltationibus
1621 2461 1689 2482 non

948 2502 1000 2529 est
1030 2507 1157 2528 sermo:
1197 2496 1256 2527 sed
1293 2505 1336 2526 an
1365 2500 1460 2526 extra
1489 2495 1553 2525 hoc
1582 2504 1688 2535 genus

947 2551 1093 2578 sacrum,
1122 2550 1152 2570 v.
1183 2551 1210 2571 c.
1243 2540 1279 2570 in
1309 2539 1478 2576 conviviis,
1509 2538 1688 2570 honestum

946 2585 1049 2616 fuerit
1070 2583 1203 2614 saltare.
1234 2583 1321 2623 quod
1344 2582 1426 2612 mihi
1449 2591 1516 2611 non
1547 2583 1690 2614 videtur.

945 2628 1035 2660 Nam
1053 2628 1175 2658 diserte
1192 2627 1308 2658 Cicero
1323 2635 1373 2666 pr.
1391 2626 1523 2656 Muren.
1535 2626 1565 2656 6.
1589 2635 1690 2656 nemo

945 2673 1014 2703 fere
1029 2674 1133 2703 saltat
1142 2671 1284 2707 sobrius,
1297 2670 1359 2699 nisi
1374 2669 1431 2708 qui
1446 2669 1531 2699 forte
1546 2670 1689 2700 insanit:

948 2726 1055 2755 neque
1080 2716 1115 2746 in
1137 2714 1332 2750 solitudine,
1352 2722 1460 2752 neque
1483 2713 1517 2743 in
1542 2713 1691 2744 convivio

948 2763 1120 2790 moderato
1157 2763 1257 2797 atque
1294 2756 1455 2787 honesto:
1499 2756 1692 2797 tempestivi

949 2803 1104 2840 convivii,
1119 2801 1242 2832 amoeni
1261 2800 1339 2838 loci,
1356 2800 1540 2831 multarum
1557 2799 1693 2831 delicia-

948 2857 1024 2877 rum
1051 2855 1162 2877 comes
1187 2849 1240 2875 est
1261 2848 1412 2875 extrema
1431 2845 1573 2875 saltatio.
1617 2843 1694 2874 Uti-

952 2900 1030 2926 nam
1055 2890 1195 2923 dixisset
1216 2888 1379 2928 Graevius,
1396 2887 1457 2920 ubi
1478 2887 1571 2920 locus
1591 2886 1707 2926 fuerit¹
