1790 3219
166 47 253 96 496

164 146 227 178 hoc
265 142 419 176 convenit
456 143 491 174 in
523 141 660 174 verbum
694 139 885 178 ἰδιιιῶθησαν,

164 199 231 219 11011
250 187 285 217 in
308 185 528 220 ἐδημεύθησαν.
572 184 688 215 Tertio
715 185 742 215 si
758 185 886 216 variant

163 229 267 262 codd.
276 229 518 270 probabiliusne
528 232 589 263 est,
596 225 817 264 ἰδικαιῶθηηιν,
828 237 887 258 no-

161 278 237 304 tum
262 272 424 309 omnibus,
441 274 609 302 mutatum
627 279 696 302 esse
710 282 730 301 a
744 270 885 301 librariis

156 317 198 346 »111
221 313 411 352 anisacar,
429 323 472 345 an
494 318 611 344 contra
635 313 812 344 accidisse?
838 312 881 342 E-

156 357 288 398 jusdem
305 367 433 388 mecum
449 356 624 387 sententia:
635 355 700 386 vidi
714 365 783 386 esse
797 353 882 385 Maf-

162 400 252 431 feum
284 399 422 440 Antiqu.
454 398 540 429 Gan.
571 398 728 437 Aquitan.
765 407 798 437 p.
833 398 880 426 13.

164 441 279 472 Nostri
294 454 301 472 z
325 441 382 473 Er
393 440 632 482 istjustffictret
647 440 788 475 worden,
801 447 834 468 es
845 439 887 468 ist

161 485 233 516 ihm
249 485 318 515 sein
332 483 437 515 Recta
453 481 684 522 wider-talarem
729 483 885 513 Ceterum

156 527 220 567 -qui
241 526 304 557 hoc
325 526 398 557 loco
418 526 615 562 abutuntur,
635 530 671 554 ut
693 522 884 558 ostendant,

163 578 284 610 purum
300 578 368 600 esse
391 568 432 600 ab
457 568 626 598 Ebraismo
642 566 776 596 verbum
790 563 883 595 δικαι-

165 612 209 649 ῧι,
226 612 356 651 quando
368 611 402 641 in
416 610 459 641 N.
475 610 515 641 T.
533 613 583 639 est
598 609 772 644 absolvere,
785 607 885 637 nimis

161 653 280 695 cupide
296 662 428 684 causam
444 652 647 692 desperatam
661 649 854 681 defendunt.

207 696 231 727 εἰ
243 694 265 726 δ’
281 697 306 726 ἓν
319 696 373 736 αἷᾷ
385 695 501 736 ἵζησας,
515 695 544 724 Si
558 694 594 723 in
607 697 700 723 terra
710 693 833 728 vixisti,
846 691 887 722 ad

164 738 230 778 Ωιι.
252 738 304 769 Fr.
321 739 353 768 ii.
384 740 431 767 10.
455 747 495 767 ex
519 736 645 765 incerto
666 739 801 766 anctore
825 734 887 764 ini-

165 782 250 816 tium
266 779 453 816 sententiae,
470 779 565 817 cujus
581 778 646 808 vim
661 786 695 807 se
719 777 802 808 seire
829 786 885 807 ne-

165 828 223 863 gat
241 822 426 859 Mannum,
451 821 537 860 quod
557 824 665 851 totam
687 819 889 850 sententiam

165 875 232 896 non
247 864 417 904 adscripsit
435 864 562 895 Cicero.

204 906 323 942 εἴδωλα,
337 909 476 946 spectra,
494 906 666 943 imagines,
682 904 723 934 ad
742 904 818 935 Div.
836 914 886 935 xv.

168 949 217 981 16.
235 949 274 982 ad
289 951 361 980 Att.
378 949 413 978 ii.
429 951 459 979 3.
477 948 600 978 exuvies>
611 946 660 976 vel
678 948 886 984 membranae,

165 995 204 1022 ut
219 992 393 1023 Lueretius
407 990 567 1031 appellat,
585 998 668 1028 quae,
683 995 720 1019 ut
736 986 901 1029 placebat.

165 1034 323 1075 Epicuro,
345 1033 385 1064 de
414 1032 605 1072 corporibus
634 1031 785 1062 defluunt
807 1041 884 1062 con-

162 1077 259 1107 tinuo
282 1081 317 1107 et
338 1085 450 1106 sensus
471 1075 644 1104 hominum
660 1074 807 1115 pulsant,
823 1074 886 1104 vid.

162 1118 296 1150 Lucret.
312 1119 334 1148 1.
350 1118 393 1148 iv.
410 1128 440 1148 v.
458 1120 508 1148 34.
525 1126 593 1156 sqq.

206 1159 281 1195 εἰδώς
301 1174 342 1192 σαι
359 1160 453 1200 λέγω,
466 1160 567 1190 sciens
587 1159 644 1189 tibi
665 1159 747 1197 dico,
761 1157 801 1189 ad
815 1159 884 1190 Att.

164 1203 208 1235 ix.
227 1208 259 1237 7.

206 1246 249 1280 εἴη
265 1245 387 1285 Υμανψ-ὂς
406 1246 490 1287 φίλιε
509 1242 593 1279 οἶκος,
608 1242 677 1272 odio
689 1243 732 1272 sit
745 1243 816 1282 ipsa
830 1243 884 1274 do-

163 1298 237 1320 mus
258 1289 338 1319 alias
364 1299 451 1320 cara.
475 1287 516 1319 ad
537 1286 608 1316 Att.
631 1285 675 1315 iv.
701 1288 730 1315 8.
753 1295 885 1323 prover-

162 1331 253 1362 bium
273 1332 426 1362 Graecum
445 1336 512 1361 est:
537 1327 611 1362 οἶκος
626 1327 721 1367 φίλος,
737 1326 810 1362 οἶκος
826 1329 887 1371 ἄρ’.

162 1386 221 1409 ςος,
244 1374 335 1413 cujus
361 1373 522 1413 originem
545 1371 610 1401 vid.
634 1380 686 1410 ap.
710 1370 886 1402 Erasmum

162 1426 237 1458 pag.
255 1416 327 1446 563.
374 1416 424 1446 Eo
445 1424 524 1445 usus
546 1418 596 1444 est
618 1412 733 1443 Cicero
754 1412 796 1442 ad
809 1415 883 1445 Att.

162 1469 213 1490 xv.
240 1458 289 1488 16.
316 1457 371 1488 hic
396 1463 508 1488 autem
533 1462 664 1486 tantam
689 1456 885 1487 suavitatem

161 1510 230 1531 esse
231 1500 542 1539 jucunditatemque
553 1497 633 1528 dicit
641 1496 760 1527 aedium
767 1499 884 1529 Antia-

160 1544 321 1578 unarum,
335 1550 372 1573 ut
383 1552 441 1573 sua
451 1542 512 1572 sibi
523 1541 639 1571 domus
647 1549 730 1580 pene
744 1540 818 1571 odio
829 1542 883 1572 sit.

203 1585 359 1627 εἰλικρινὲς,
372 1586 549 1618 sincerum,
564 1583 745 1621 integrum,
760 1582 801 1613 ad
818 1584 883 1624 Ωιι.

160 1627 215 1660 Fr.
237 1628 271 1658 ii.
294 1631 324 1659 8.
349 1628 437 1666 quod
462 1627 564 1656 etiam
589 1625 630 1655 ad
653 1624 756 1654 solem
781 1626 883 1665 expli-

160 1675 273 1702 catum
297 1676 331 1700 et
355 1670 539 1709 inspectum
565 1676 684 1708 purum
710 1667 881 1706 reperitur.

160 1714 215 1745 Sic
230 1714 298 1756 vrgo}
313 1712 411 1751 αὐγὰς
435 1721 477 1741 sc.
502 1709 570 1743 ἧλῖε
593 1711 766 1740 ἀνασκοπεῖν
785 1723 814 1740 τι
832 1710 880 1740 di-

159 1757 259 1787 eitur.
303 1755 447 1794 Longin.
470 1754 504 1783 S.
522 1754 567 1783 iii.
591 1752 652 1793 Kq’e'v
670 1751 774 1785 ἕκαςσν
787 1754 882 1784 air-rab

160 1798 229 1842 ἐὶς
252 1797 351 1837 αὐγὰς
374 1792 554 1838 ἀνασκσπῇς,
578 1796 633 1826 ubi
653 1795 717 1825 vid.
742 1796 882 1827 Fabrum

159 1846 195 1872 et
208 1841 368 1872 Tollium.

203 1882 369 1926 εἱμαρμένη,
394 1881 522 1922 fatalis
549 1878 730 1915 necessitas,
747 1878 883 1920 fatum,

159 1926 241 1958 Nat.
256 1926 299 1957 D.
315 1927 338 1956 i.
354 1927 406 1956 ⁶20.
429 1924 506 1954 Div.
522 1923 543 1953 i.
558 1924 610 1953 55.

202 1969 227 1999 εἷ
240 1968 366 2008 parvm-ior
382 1969 406 1999 ἒν
421 1968 460 2009 τῇ
473 1963 592 2008 πατρίδι
605 1964 806 2007 ‘rogamur-ivn.
824 1966 882 1995 &c.

159 2020 206 2042 an
221 2011 422 2042 manendum
442 2011 478 2040 in
498 2009 615 2048 patria
638 2008 813 2047 tyrannide
831 2017 885 2047 op—

151 2062 289 2094 pressa.-
313 2063 353 2084 ea
374 2063 448 2084 vero
470 2050 647 2091 tyrannide
669 2059 817 2091 oppressu
841 2059 887 2080 an

158 2097 269 2137 quovis
286 2097 378 2127 modo
395 2094 581 2135 tyrannidis
593 2094 711 2123 eversio
724 2092 886 2123 molienda

157 2142 217 2176 est,
233 2139 362 2169 etiamsi
378 2139 493 2168 civitas
503 2140 640 2176 propter
653 2135 690 2165 id
703 2135 742 2166 de
755 2144 887 2166 sum-ma

158 2190 272 2211 rerum
287 2181 476 2221 periculum
490 2178 641 2210 subitura
655 2178 708 2208 sit.
753 2178 808 2208 An
830 2187 885 2208 ca-

156 2223 298 2254 vendum
320 2224 374 2260 sit,
390 2232 431 2253 ne
450 2223 506 2262 qai
528 2220 738 2260 tyrannidem
759 2222 886 2257 evertit,

157 2266 225 2305 ipse
236 2267 403 2296 evehatur.
449 2265 502 2296 An
515 2263 711 2293 tentandum
725 2263 780 2299 sit,
797 2271 885 2301 opem

145 2306 246 2349 serre
263 2309 386 2348 patriae
413 2306 589 2345 tyrannide
609 2313 763 2345 oppressae
784 2305 888 2335 verbis

157 2353 191 2381 ct
206 2350 255 2380 rei
272 2350 523 2390 opportunitate,
535 2347 656 2387 potius,
671 2356 770 2387 quam
794 2347 884 2378 bello.

164 2391 288 2423 Uerum
302 2393 380 2423 civis
397 2391 468 2422 boni
485 2392 540 2427 sit,
556 2389 750 2420 secedentem
765 2390 887 2429 aliquo,

157 2435 317 2477 quiescere
335 2443 484 2474 oppressa
503 2443 525 2463 a
544 2436 686 2471 tyranno
696 2432 826 2471 patria,
843 2442 888 2463 an

156 2477 376 2517 quodcumque
396 2476 600 2507 subeundum
627 2475 801 2505 discrimen
823 2483 888 2513 pro

156 2518 317 2549 libertate.
365 2519 420 2549 An
449 2519 567 2549 bellum
595 2515 804 2557 inferendum
834 2526 885 2546 re-

153 2561 259 2605 gioni,
275 2570 375 2600 eaque
386 2561 430 2591 sit
450 2558 633 2595 obsidenda,
648 2560 676 2589 si
698 2568 720 2589 a
741 2563 884 2598 tyranno

155 2603 370 2643 opprimatur.
413 2603 468 2634 An
483 2603 585 2632 etiam
599 2601 640 2638 is,
656 2602 712 2641 qui
729 2610 792 2631 non
800 2610 880 2641 pro-

155 2646 217 2683 oet,
231 2648 270 2675 ut
290 2644 367 2675 bello
389 2645 540 2684 tyrannis
566 2647 746 2680 evertatur,
769 2648 882 2674 tamen

152 2696 270 2718 nomen
297 2695 396 2718 suum
415 2686 565 2728 profiteri
593 2694 669 2716 cum
684 2684 881 2726 smtissimis

151 2730 234 2761 viris
259 2729 384 2760 debeat.
426 2729 480 2759 An
502 2738 577 2761 cum.
607 2728 683 2758 bene
703 2728 829 2759 meritis
847 2732 882 2758 et

152 2771 269 2804 antid-r
281 2779 351 2802 ana
363 2771 531 2802 subeunda
544 2771 609 2801 sint
618 2770 813 2809 periculam
827 2779 879 2800 re-

153 2815 222 2853 bus,
229 2823 299 2855 quer
301 2814 470 2855 pertinent
475 2813 521 2844 ad
523 2812 774 2853 rempublicam,
779 2813 881 2845 etiam

623 42 793 85 mmrx'
822 52 1257 83 GRAECO-LATINUS.

926 141 955 170 si
970 140 1022 170 illi
1035 139 1144 171 minus
1155 143 1240 170 recte
1256 139 1295 170 de
1306 148 1440 172 eunzma
1452 148 1568 171 rerum
1580 148 1655 172 con-

926 183 1063 213 suluisse
1091 182 1278 213 videantur.
1329 181 1452 212 Utrum
1479 181 1519 213 de
1536 183 1656 227 patria

929 225 1005 255 bene
1020 225 1169 261 meritus,
1180 225 1217 255 ob
1229 232 1364 263 eamque
1377 233 1514 255 causam
1521 225 1655 263 gmis-

926 267 1013 297 sima
1025 276 1156 307 qaaeque
1165 276 1295 306 passus,
1304 270 1334 296 et
1342 266 1468 297 invidia
1477 274 1654 306 oppressus,

926 310 1016 339 ultro
1039 318 1104 350 pro
1126 309 1244 349 patria
1270 309 1444 339 discrimen
1468 309 1577 339 subire
1599 308 1655 340 de-

926 351 1019 382 beat:
1051 355 1114 381 aut
1128 350 1390 390 permittendum
1410 352 1452 389 ei,
1475 354 1514 382 ut
1533 351 1586 382 sui
1606 351 1656 392 ip-

923 394 992 422 sius
1006 393 1173 425 interdum
1188 397 1219 423 ct
1237 393 1487 424 carissimorum
1497 401 1656 434 persona-

926 444 1005 466 rum
1020 435 1181 465 rationem
1195 436 1324 471 habeat,
1340 435 1479 467 dimissis
1500 435 1656 466 adversm

921 480 1068 516 potentes
1089 479 1376 509 concertationibus
1391 488 1455 518 pro
1476 477 1653 517 republica.

928 518 969 549 ad
983 519 1054 549 Att.
1078 518 1121 548 ix.
1143 521 1174 549 4.
1191 526 1269 550 sunt
1291 519 1384 555 θέσεις
1403 519 1481 560 (vid.
1506 519 1540 550 in
1554 519 1591 551 h.
1604 520 1652 560 ν.)

927 562 962 591 in
984 561 1101 600 quibus
1118 562 1300 593 tractandis
1319 564 1425 594 otium
1441 561 1656 593 consumebat

929 603 1056 640 Cicero,
1073 607 1112 632 ut
1131 603 1278 634 animum
1300 614 1477 646 parumper
1499 604 1540 636 ab
1563 603 1658 645 aegri·

928 645 1044 676 tudine
1060 644 1248 677 abduceret.

973 687 1061 730 εἴρων,
1078 687 1264 724 simulator,
1277 689 1513 720 dissimulator.-
1537 690 1586 720 ita
1607 688 1657 721 di·

930 735 1003 761 ctus
1015 732 1178 767 Socrates,
1190 731 1277 769 quod
1288 731 1587 771 redarguendorum
1597 731 1656 763 So-

931 773 1116 813 phistarum
1147 782 1245 804 causa
1269 773 1460 812 simulabat,
1482 782 1517 804 se
1542 774 1656 815 omnia

933 815 1071 851 nescire,
1095 813 1197 844 etiam
1226 826 1303 847 cum
1332 819 1420 846 recte
1447 816 1558 848 sciret.
1601 815 1655 848 De

930 858 1030 887 verbo
1049 855 1170 899 εἰρωνεία
1185 858 1249 889 ν1(1.
1265 859 1295 890 T
1298 857 1487 898 heophrast.
1502 856 1602 890 Char.
1624 868 1654 890 c.

932 901 952 929 i.
968 906 1002 930 et
1021 899 1064 930 ibi
1079 900 1092 930 ὅ
1109 899 1186 930 πάνυ
1201 901 1427 932 Casaubonus.
1463 899 1522 932 Or.
1543 900 1580 931 11.
1598 899 1653 935 67.

931 942 1029 974 Brut.
1045 945 1096 976 87.
1120 942 1185 973 Off.
1202 943 1222 972 1.
1239 946 1288 975 30.

973 984 1108 1027 εἰρωνεία,
1145 986 1376 1024 dissimulatio,
1406 986 1585 1024 cavillatio,
1613 983 1655 1018 ad

929 1028 1003 1058 Att.
1019 1028 1082 1057 xvi.
1102 1029 1149 1057 11.
1164 1027 1264 1058 Aead.
1280 1029 1312 1058 ii.
1327 1031 1358 1060 5.

972 1069 1176 1112 εἴρωνεῦεσθαι,
1183 1070 1402 1109 dissimulare,
1412 1071 1658 1103 dissimulanter

932 1113 1030 1152 loqui,
1046 1113 1086 1143 ad
1102 1112 1180 1143 Div.
1198 1113 1240 1143 iv,
1257 1115 1290 1144 4.

973 1154 1009 1189 εἷς
1032 1155 1092 1194 ἐμοὶ
1113 1154 1214 1197 μύριοι,
1235 1164 1322 1186 unus
1343 1156 1425 1186 ‚nihi
1449 1156 1557 1188 decem
1578 1156 1654 1188 mil-

928 1198 987 1235 lia,
999 1205 1084 1229 unus
1098 1199 1179 1228 mihi
1194 1199 1300 1228 instar
1309 1199 1488 1231 multorum
1499 1198 1656 1235 millium,

926 1239 967 1270 ad
984 1241 1055 1271 Att.
1071 1241 1136 1271 xvi.
1158 1243 1205 1271 11.

970 1281 1006 1316 εἷς
1023 1283 1112 1317 aimo}
1127 1282 1235 1325 ἅξιςος,
1250 1282 1422 1323 ὢμύνασθαι
1436 1283 1501 1327 περὶ
1523 1280 1653 1328 πόνςηξ,

928 1334 1033 1356 anum
1048 1327 1234 1365 augurium
1249 1327 1418 1366 optimum,
1428 1336 1583 1367 pugnare
1589 1336 1654 1368 pro

922 1369 1055 1407 patria,
1080 1369 1120 1399 ad
1146 1368 1219 1399 Att.
1246 1369 1281 1399 ii.
1305 1372 1336 1401 3.
1361 1380 1402 1401 ex
1429 1369 1532 1401 Hom.
1555 1368 1652 1402 Iliad.

931 1415 970 1440 M.
989 1420 1019 1440 v.
1038 1413 1112 1441 243.

971 1453 1078 1486 ἐκέολὴ
1103 1452 1193 1494 λὸγε,
1220 1453 1389 1494 digressio,
1409 1464 1428 1485 e
1454 1451 1603 1494 Thucyd.
1629 1452 1652 1484 1.

928 1499 979 1530 97.
996 1496 1037 1526 ad
1052 1496 1125 1527 Att.
1142 1496 1196 1527 vii.
1215 1499 1242 1527 1.

969 1540 1136 1579 ἐκμαγεῖον,
1163 1538 1204 1569 ad
1227 1538 1299 1571 Att.
1325 1550 1357 1571 x.
1381 1542 1410 1570 l.
1433 1539 1520 1570 hanc
1539 1547 1652 1571 vocem

927 1581 962 1611 in
988 1583 1182 1613 Ciceronem
1204 1580 1342 1612 intrusit
1367 1582 1484 1614 Bosius
1511 1591 1529 1611 e
1553 1581 1653 1612 vesti-

926 1623 987 1663 giis
1015 1624 1144 1656 Codicis
1173 1624 1244 1655 MS.
1290 1624 1353 1655 Sed
1379 1633 1484 1663 neque
1509 1623 1544 1654 in
1568 1623 1652 1654 Gro-

927 1666 1080 1702 neviana,
1095 1676 1198 1705 neque
1214 1666 1249 1696 in
1265 1666 1440 1697 Graeviana
1449 1668 1577 1696 servata
1589 1671 1650 1697 est.

925 1708 964 1739 de
980 1718 1057 1739 voce
1072 1709 1240 1749 ὶκμαγεῖον,
1253 1718 1284 1740 ν.
1300 1709 1394 1739 Voss.
1414 1707 1455 1739 ad
1475 1706 1600 1740 Catuli.
1619 1718 1652 1750 p.

925 1755 978 1786 97.

967 1793 1151 1836 ἔκτενὲςερον,
1163 1794 1327 1835 prolixius
1341 1797 1372 1824 et
1395 1793 1525 1832 largius
1546 1792 1582 1824 in
1603 1792 1652 1834 of-

913 1836 1008 1878 ficiis
1030 1836 1276 1877 promittendis,
1304 1841 1335 1867 et
1364 1836 1581 1867 benevolentia
1608 1837 1652 1867 si-

924 1879 1130 1920 gnificanda,
1144 1879 1184 1910 ad
1195 1880 1265 1910 Att.
1278 1879 1346 1909 xiii.
1361 1882 1393 1912 9.
1408 1884 1587 1918 utrumque
1601 1882 1653 1910 est

926 1920 966 1951 de
982 1931 1147 1958 sermone,
1162 1922 1218 1961 qui
1235 1921 1356 1952 amoris
1371 1920 1534 1961 officiique
1553 1919 1652 1961 plane

927 1963 1091 2003 insignem
1125 1968 1225 2004 atque
1260 1963 1456 1994 inusitatam
1488 1962 1655 2004 significa·

928 2006 1054 2036 tionem
1077 2006 1189 2037 habet.
1233 2006 1322 2037 Nam
1342 2005 1454 2039 ἒκτενὺς
1472 2009 1508 2036 et
1525 2004 1652 2038 {usa-ima

928 2047 1057 2089 insigne
1069 2052 1104 2079 et
1117 2048 1307 2083 incredibile
1319 2048 1481 2088 quoddam
1492 2047 1653 2085 studium,

929 2091 1143 2131 ardoremque
1158 2091 1192 2122 in
1209 2102 1242 2122 re
1258 2091 1368 2131 aliqua
1380 2089 1581 2131 significant.
1607 2091 1654 2123 Et

928 2133 1015 2164 hanc
1028 2133 1094 2164 vim
1110 2133 1235 2165 habent
1250 2134 1285 2165 in
1303 2133 1456 2164 omnibus
1470 2132 1564 2170 locis,
1580 2134 1653 2173 qui-

928 2175 989 2206 bus
1004 2176 1087 2206 sacri
1100 2177 1275 2217 scriptores
1289 2177 1338 2207 usi
1353 2179 1442 2206 sunt.
1477 2174 1561 2207 Luc.
1576 2174 1655 2217 xxii.

928 2220 982 2249 44.
993 2217 1066 2249 Act.
1079 2218 1133 2248 xii.
1149 2221 1177 2250 5.
1187 2220 1272 2250 xxvi.
1284 2222 1315 2253 7.
1329 2221 1343 2249 l
1359 2218 1446 2250 Petr.
1461 2217 1483 2248 i.
1497 2219 1551 2249 22.
1563 2219 1606 2250 iv.
1621 2221 1657 2250 8.

972 2260 1107 2297 ἰκτὲνεια,
1118 2262 1252 2301 prolixa
1266 2265 1298 2292 et
1313 2262 1414 2299 larga
1423 2259 1527 2292 stadii
1546 2265 1579 2292 et
1599 2270 1655 2292 vo„

930 2304 1069 2334 luntatis
1084 2304 1276 2342 declaratio,
1291 2303 1333 2334 ad
1346 2304 1421 2335 Att.
1432 2314 1465 2334 x.
1483 2305 1533 2336 17.

971 2346 1174 2389 ἰκτςέςτοιμος,
1189 2350 1317 2378 remota
1331 2356 1354 2376 a
1366 2345 1434 2383 via,
1453 2345 1495 2378 ad
1507 2346 1581 2377 Att.
1595 2343 1654 2376 xii.

933 2390 982 2420 12.
1001 2394 1257 2420 monumentum
1274 2389 1352 2419 flliae
1365 2387 1487 2420 Tullia».
1500 2391 1653 2420 extruere

929 2430 1069 2463 volebat.
1088 2431 1164 2462 huic
1180 2431 1343 2463 dau-asebna
1357 2440 1425 2462 non
1443 2430 1523 2463 satis
1537 2434 1653 2471 aptam

930 2474 1070 2513 putabat
1088 2473 1244 2511 insulam,
1265 2483 1366 2514 quam
1386 2473 1422 2505 in
1437 2472 1565 2513 Arpino
1588 2471 1651 2503 flu-

928 2517 998 2547 vius
1017 2516 1175 2547 Fibrenus
1196 2515 1359 2548 efficiebat
1385 2515 1439 2555 (de
1451 2515 1534 2555 Leg.
1550 2514 1585 2544 ii.
1604 2513 1649 2554 l.)

929 2558 1015 2596 quod
1037 2560 1097 2589 iste
1120 2557 1212 2589 loeus
1234 2559 1332 2589 nimis
1353 2563 1439 2590 esset
1460 2567 1481 2590 a
1494 2557 1547 2588 via
1564 2555 1654 2596 regia

928 2607 1086 2639 remotim,
1115 2600 1261 2641 adeoque
1293 2609 1362 2632 non
1389 2603 1476 2632 esset
1504 2601 1538 2630 111
1572 2607 1652 2630 oon-

925 2647 1053 2683 speetu,
1069 2642 1290 2683 celebrarique
1304 2647 1426 2684 posset.
1462 2641 1551 2674 Nam
1566 2641 1654 2673 hanc

924 2685 1029 2726 ipsam
1051 2687 1095 2716 ob
1117 2695 1251 2716 causam
1273 2686 1315 2716 ad
1334 2685 1403 2719 vias
1424 2684 1653 2718 celeberrimas

924 2735 1144 2759 monumenta
1157 2727 1309 2759 solebant
1328 2730 1480 2758 extruere
1495 2726 1652 2764 Romani,

923 2773 963 2800 ut
984 2780 1023 2801 eo
1046 2770 1174 2801 facilius
1196 2770 1357 2807 memoria
1376 2768 1551 2806 homiuum
1578 2778 1654 2810 pro-

924 2817 1100 2854 pagaretur
1117 2811 1159 2844 ad
1179 2816 1342 2854 posteros,
1364 2818 1400 2844 et
1421 2821 1442 2845 a
1461 2820 1560 2854 quam
1579 2810 1652 2860 piu.
