1800 3131
127 61 183 105 88

132 165 206 198 xiii.
234 166 284 198 19.
315 171 407 202 seqq.
430 160 538 202 qualis
561 164 685 193 orator.
709 161 798 192 Caec.
814 163 868 193 33.

136 209 211 242 Att.
227 207 285 238 xii.
301 208 354 237 ²20.

154 291 157 293 ,
188 251 222 283 C.
243 250 348 288 Cotta,
364 249 421 280 Or.
447 248 494 279 iii.
515 251 546 279 3.
573 247 653 278 trib.
668 248 788 289 plebis,
805 258 871 288 quo

139 305 230 328 anno
259 295 299 326 L.
331 294 470 325 Crassus
499 296 655 322 mortuus
693 297 763 323 est:
803 301 871 323 non

137 340 250 372 multo
264 341 340 379 post
356 348 374 368 e
389 337 526 367 civitate
542 336 682 375 ejectus.

187 383 229 415 L.
252 382 354 420 Cotta,
372 381 569 412 P-roeeorius.
590 379 688 410 Brut.
708 378 762 409 36.
793 387 874 418 qua-

138 427 182 460 lis
198 431 321 458 orator.

187 471 230 502 L.
259 469 363 507 Cotta,
386 467 483 498 Brut.
506 468 559 497 21.
596 470 775 496 accusatur
798 475 817 494 a
839 464 876 494 P.

141 513 299 546 Africano
323 511 456 543 minori.
473 510 628 540 defensus
645 519 665 538 a
679 509 719 548 Ω.
737 507 878 539 Metello

143 557 378 594 Macedonico,
389 554 583 585 absolvitur.
600 556 768 582 veterator
783 551 878 581 habi-

142 608 200 633 tus
217 606 282 639 est,
294 601 329 631 h.
345 610 375 630 e.
400 599 542 629 callidus
557 597 593 626 in
609 596 716 626 causis
730 595 877 634 agendis.

144 646 351 685 Eoeemplum
370 641 560 673 calliditatis
577 641 613 669 in
631 640 804 670 tribunatu
819 640 879 669 ha»

144 691 195 722 het
212 689 324 720 Valer.
340 686 390 718 M.
407 686 448 716 vi.
470 688 500 716 5.
523 693 619 724 quem
641 683 688 713 ad
708 693 740 714 a.
764 691 877 713 uxclx.

143 733 247 774 refert
273 731 428 770 Pighius.
450 727 493 770 cf.
517 728 607 759 Mur.
623 729 676 759 28.
709 727 807 758 Font.
828 729 878 758 13.

145 778 182 809 in
198 777 240 817 Ω.
257 773 370 806 Caecil.
386 775 440 804 21.

191 821 234 851 L.
256 819 358 855 Cotta,
371 817 429 847 Or.
445 815 480 846 ii.
497 817 551 849 47.
574 814 632 845 Or.
644 814 692 845 iii.
708 817 763 848 47.
789 813 879 845 Tru».

140 865 192 905 pl.
217 874 249 894 a.
278 862 318 893 U.
342 869 454 892 ocmx.
489 869 575 890 cum.
601 859 641 890 T.
665 858 767 890 Didio
790 862 821 888 et
845 857 878 888 C.

148 908 319 943 Norbano,
345 915 411 944 quo
440 903 651 943 rogationem
683 902 718 932 in
751 901 881 941 Caepio-

148 961 227 981 nem
250 950 396 985 ferente,
412 955 580 978 eumuna
602 955 681 975 cum
704 945 806 976 Didio
830 945 881 974 in-

145 994 320 1025 tercedere
335 991 450 1028 vellet,
464 991 493 1020 vi
509 1000 526 1019 e
542 989 671 1029 templo
686 988 802 1029 pulsus
816 993 878 1018 est.

147 1039 244 1069 Orat.
260 1037 307 1067 iii.
326 1039 375 1066 11.
406 1035 446 1075 Q.
468 1033 579 1064 Catuli
604 1032 739 1070 sodalis,
757 1032 881 1072 gaude-

147 1082 207 1112 bat
245 1080 411 1120 gravitate
449 1078 575 1117 linguae
606 1081 641 1107 et
678 1086 761 1107 sono
792 1076 882 1106 vocis

148 1125 286 1165 agresti.

194 1169 237 1200 L.
258 1168 361 1204 Cotta,
377 1164 562 1206 Msrater.
599 1165 703 1196 Autm·
719 1165 799 1203 legis
812 1164 883 1194 Au-

147 1210 444 1253 relioejudicz'arioe.
476 1208 576 1239 Catil.
593 1209 640 1238 iii.
657 1211 688 1239 8.
713 1207 831 1248 Agrar.
849 1207 884 1238 ii.

154 1260 203 1290 17.
234 1256 273 1286 L.
295 1254 460 1294 Torquati
479 1252 608 1291 collega
630 1252 665 1282 in
691 1251 883 1289 consulatu,

148 1311 181 1331 a.
211 1300 252 1331 U.
274 1305 479 1330 Dchxxvm.
509 1296 549 1327 de
573 1296 651 1326 Div.
671 1296 693 1325 i.
712 1297 762 1326 12.
792 1304 832 1325 eo
849 1300 885 1325 et

147 1344 321 1384 Torquato
352 1340 552 1372 Consulibus
580 1339 718 1379 Jupiter
748 1339 884 1379 Capito-

149 1388 235 1419 lium
263 1386 364 1428 petiit
388 1390 423 1415 et
450 1385 544 1423 ignes
571 1383 699 1423 injecit.
736 1382 780 1412 ad
804 1382 882 1413 Div.

149 1433 210 1463 xii.
234 1433 265 1462 2.
305 1429 537 1469 desperatione
563 1427 599 1457 in
622 1428 786 1457 Senatum
814 1436 882 1456 non

149 1476 254 1506 venit.
271 1475 371 1504 Dom.
388 1473 442 1504 26.
471 1473 608 1511 negavit
629 1469 739 1510 legem
763 1470 803 1500 de
829 1470 884 1500 Ci-

150 1519 281 1550 ceronis
296 1517 408 1548 reditu
423 1515 598 1546 ferendam
616 1522 701 1551 esse,
717 1514 807 1553 quod
828 1513 883 1544 lex

152 1563 271 1594 Clodia
287 1562 365 1600 jure
384 1560 453 1591 lata
469 1569 536 1589 non
553 1562 651 1589 esset.
683 1558 759 1589 Div.
777 1558 810 1588 ii.
829 1560 882 1589 21.

151 1607 224 1638 Att.
241 1606 298 1636 xii.
313 1608 367 1637 23.

195 1650 246 1681 M.
279 1650 383 1686 Cotta,
407 1646 503 1677 Verr.
530 1656 560 1676 v.
589 1648 640 1677 13.
682 1645 721 1676 L.
748 1644 885 1676 Luculli

151 1689 330 1733 eollega'in
347 1691 539 1727 consulatu,
555 1700 587 1721 a.
609 1689 649 1721 U.
665 1697 833 1719 DCLXXIX.

197 1737 247 1768 M.
270 1737 372 1773 emta,
387 1735 459 1765 Att.
476 1745 507 1764 x.
526 1734 577 1764 16.
599 1734 657 1764 xii.
673 1734 725 1764 22.
758 1733 885 1763 Praetor

152 1781 342 1812 Sardiniam
370 1783 467 1809 tenet
491 1777 654 1808 Marcello
676 1780 712 1807 et
736 1775 885 1807 Lentulo

155 1826 247 1857 Coss.
264 1834 304 1854 ex
320 1824 409 1854 SCto
425 1823 460 1852 in
476 1821 563 1852 bello
578 1820 679 1851 civili.

203 1869 322 1906 Cottas,
350 1867 415 1897 Pis.
444 1869 497 1897 34.
536 1875 594 1896 rex
624 1864 817 1903 Bessorum,
843 1864 884 1895 L.

154 1912 311 1944 Pisonem
337 1910 545 1941 Macedoniae
568 1908 803 1949 proconsulem
829 1918 886 1948 pe-

153 1958 257 1987 cunia
279 1955 477 1994 corrumpit,
493 1958 533 1984 ut
555 1952 683 1992 legatos
706 1951 887 1983 Bessorum

155 2000 350 2032 interficiat.

200 2044 243 2075 L.
262 2043 382 2074 Varius
400 2041 524 2080 Cotyla,
541 2039 626 2070 Phil.
644 2050 674 2070 v.
691 2041 723 2071 2.
753 2038 796 2070 ad
818 2038 887 2069 An-

153 2088 289 2118 tonium
315 2086 488 2117 Mutinam
513 2084 723 2114 obsidentem
748 2093 784 2114 se
807 2092 888 2113 con—

153 2132 232 2163 fert.
249 2130 334 2161 Phil.
349 2130 418 2160 viii.
436 2131 487 2160 10.

205 2175 356 2212 Crantor,
389 2173 447 2203 Or.
485 2172 532 2202 iii.
573 2174 623 2202 18.
664 2170 767 2201 Aead.
804 2170 827 2203 i.
857 2173 889 2205 9.

157 2219 376 2250 Academicus
394 2227 411 2247 e
430 2221 544 2246 vetere
566 2215 760 2252 Academia,
777 2213 825 2244 nil
847 2214 889 2244 ab

156 2262 338 2294 Aristotele
355 2261 521 2291 dissentit.
538 2259 640 2290 Acad.
657 2259 699 2288 iv.
716 2261 769 2289 44.
784 2257 887 2288 Tusc.

157 2308 180 2337 i.
197 2309 250 2338 48.
281 2303 370 2347 Ejus
385 2303 578 2335 Consolatio
594 2308 640 2334 est
655 2303 734 2333 liber
755 2299 825 2342 ejus
847 2302 887 2332 de

157 2350 267 2388 luctu,
285 2351 338 2390 qui
354 2349 523 2379 laudatur.
540 2347 582 2377 cf.
599 2347 670 2377 Att.
687 2346 743 2376 xii.
760 2348 813 2377 21.

209 2394 378 2433 Crass.¹'peS‚
403 2392 444 2422 ad
468 2392 543 2422 Div.
567 2392 588 2422 i.
621 2394 653 2424 7.
690 2390 762 2420 Att.
787 2390 830 2419 ἰν.
856 2392 887 2420 5.

157 2438 331 2468 Ciceronis
347 2436 452 2466 filiam
468 2435 573 2465 ducit.
596 2434 639 2465 cf.
653 2434 719 2474 Qu.
735 2433 787 2464 Fr.
804 2433 838 2463 ii.
857 2436 888 2464 5.

157 2482 190 2512 6.
226 2481 268 2512 ad
289 2482 365 2512 Div.
389 2480 458 2510 xiii.
481 2483 513 2513 9.
543 2478 711 2519 Bithyniae
734 2481 891 2517 quaestor.

157 2525 231 2557 Att.
254 2526 297 2555 ix.
324 2528 373 2554 ll.
413 2523 632 2553 Caesarianus.
660 2521 829 2562 Cnassipes
844 2526 891 2552 est

156 2579 328 2608 cog-women
339 2568 445 2607 gentis
459 2566 575 2596 Furiae.
600 2567 648 2597 M.
663 2565 780 2595 Furius
794 2565 890 2595 Cras-

156 2613 245 2653 sipes
269 2613 400 2643 Praetor
421 2615 465 2641 est
492 2620 544 2650 ap.
572 2610 646 2640 Liv.
674 2617 813 2639 xxxvul.
836 2611 891 2640 42.

156 2655 213 2697 &a
243 2656 326 2696 quod
340 2657 438 2686 etium
454 2655 540 2684 docet
555 2654 688 2684 Manat.
715 2653 762 2683 acl
775 2652 855 2684 Div.
868 2653 890 2683 i.

156 2704 189 2734 7.
220 2701 274 2730 ἰιῦὶ
289 2704 400 2738 negat,
415 2709 448 2729 se
463 2707 650 2738 [ffaenomen
673 2695 771 2738 hujus
798 2696 892 2727 Cras-

154 2744 269 2784 sipedis
284 2745 424 2784 reperire
432 2743 582 2782 potuisse.
621 2741 788 2781 Desponsa
803 2742 832 2771 ei
846 2745 891 2772 est

157 2787 272 2820 Tullia
301 2792 378 2818 ante
399 2785 628 2827 p2·QJ‘'ectionenz
658 2786 694 2815 in
732 2784 891 2823 Ciliciam,

154 2833 212 2863 sed
225 2832 357 2862 dimissa
376 2840 460 2862 mox.
511 2830 615 2860 Cicero
636 2833 747 2859 tamen
768 2838 844 2859 mam
859 2839 893 2859 eo

151 2880 262 2917 postea
277 2876 454 2908 amicitiam
470 2874 597 2906 coluisse
607 2873 745 2905 videtur.
756 2882 786 2904 v.
800 2871 893 2907 Tun-

656 69 805 100 mmsx
835 68 1116 98 HISTORICUS.

911 161 1001 192 stalli
1017 157 1223 200 Epistolaad
1231 155 1421 189 lmddleeon.
1431 165 1468 197 p.
1483 158 1556 193 107.
1570 157 1649 189 188.

964 204 1152 240 Crassicius,
1168 201 1254 232 Phil.
1270 201 1342 232 xiii.
1358 202 1390 231 2.

960 247 1003 279 L.
1021 247 1167 278 Licinius
1187 246 1331 283 Crassus,
1348 244 1387 275 ad
1406 243 1488 274 Her.
1503 245 1547 276 iv.
1563 246 1594 276 2.
1611 247 1646 276 3.

916 290 974 321 Or.
993 291 1015 322 i.
1030 294 1062 325 7.
1077 290 1160 321 Rab.
1177 293 1209 324 7.
1225 290 1359 320 Orator.
1373 288 1445 318 Inv.
1458 287 1493 318 ii.
1509 291 1563 322 37.
1578 288 1646 323 Pis.

917 335 970 365 26.
1008 334 1172 374 triumphi
1195 343 1214 363 e
1237 333 1347 363 Gallia
1369 331 1469 362 nimis
1492 331 1646 371 cupidus.

917 378 974 409 Or.
999 378 1046 408 iii.
1073 379 1123 408 12.
1152 387 1265 407 socrus
1286 377 1359 416 ejus
1381 374 1497 407 Laelia.
1530 375 1588 406 Or.
1611 374 1649 406 ii.

919 424 932 451 l
942 444 949 451 .
983 421 1168 461 putabatur
1190 431 1258 451 non
1273 424 1397 461 praeter
1412 418 1549 459 puerilis
1565 422 1649 449 aeta-

916 465 962 495 tis
986 465 1124 495 modum
1149 465 1280 495 doctus.
1308 463 1364 495 Br.
1388 466 1440 495 88.
1459 473 1508 502 sq.
1539 461 1648 501 qualis

918 512 1042 538 orator.
1072 508 1167 539 Verr.
1190 508 1237 538 iii.
1263 511 1290 538 1.
1322 517 1399 538 eum
1425 506 1584 547 poenituit
1607 506 1648 537 C.

921 551 1109 581 Carbonem
1129 552 1164 582 in
1182 552 1351 591 judicium
1374 560 1518 581 vocasse.
1550 550 1648 581 Font-

920 598 952 629 7.
985 596 1056 635 ejus
1070 595 1305 625 testimonium
1323 595 1358 625 in
1380 595 1429 625 M.
1446 593 1649 624 Marcellum

921 637 970 669 nil
983 638 1084 669 valet.
1105 639 1206 669 Dom.
1234 642 1282 672 19.
1311 638 1351 668 de
1375 637 1526 678 pluribus
1550 637 1650 667 rebus

920 682 1023 713 simul
1036 683 1123 713 ferre
1140 691 1240 712 ausus
1256 686 1307 712 est
1329 686 1449 712 contra
1463 681 1572 721 legem
1588 680 1650 712 Di-

921 726 1010 756 diam
1026 731 1061 757 et
1078 725 1261 757 Caeciliam.
1291 724 1333 755 ad
1349 725 1425 755 Div.
1442 725 1486 754 ix.
1507 726 1560 756 21.
1594 734 1651 755 ac-

920 775 1016 801 cusat
1033 771 1070 801 C.
1095 770 1283 801 Carbonem
1306 778 1398 806 eum,
1414 768 1472 807 qui
1494 767 1652 799 Africano

919 815 988 844 vim
1014 813 1168 844 attulisse
1196 813 1409 844 existimatus
1436 815 1499 842 est.
1537 812 1602 842 Off.
1626 811 1651 842 i.

921 860 974 888 30.
1014 858 1048 888 in
1080 867 1119 888 eo
1147 857 1275 888 multus
1302 856 1393 897 lepos
1419 859 1504 886 erat.
1542 855 1566 885 i.
1597 857 1652 889 37.

919 901 1054 931 uberior
1068 901 1139 940 ejus
1154 901 1261 932 oratio
1278 910 1340 930 nee
1356 900 1468 930 minus
1483 899 1604 929 faceta.
1616 898 1654 930 ii.

923 948 974 976 13.
994 947 1043 975 14.
1076 946 1257 975 maximam
1279 944 1342 974 sibi
1357 944 1488 984 peperit
1509 942 1652 983 gloriam

921 999 961 1019 ex
991 988 1050 1018 illa
1079 989 1291 1018 accusatione
1329 988 1502 1018 Carbonis.
1532 986 1566 1017 ii.
1601 989 1652 1017 18.

920 1032 1107 1062 orationem
1125 1033 1270 1072 scripsit,
1285 1032 1321 1062 in
1338 1041 1405 1070 qua
1426 1035 1478 1061 est
1500 1030 1541 1060 de
1565 1029 1654 1060 redi·

923 1076 1054 1106 mendis
1070 1076 1209 1116 captivis
1225 1080 1261 1105 et
1275 1074 1316 1105 de
1339 1074 1586 1115 locupletandis
1601 1078 1654 1104 te·

924 1120 1111 1150 nuioribus.
1134 1119 1179 1150 iii.
1199 1122 1248 1150 11.
1271 1117 1382 1158 legem
1397 1118 1492 1156 tulit,
1507 1128 1549 1148 ne
1565 1121 1656 1148 esset

924 1173 984 1203 pro
1008 1164 1092 1200 eive,
1113 1163 1169 1203 qui
1193 1163 1272 1193 civis
1297 1171 1364 1192 non
1387 1162 1442 1193 sit.
1472 1162 1530 1193 Or.
1554 1162 1576 1192 i.
1601 1164 1655 1193 55.

917 1208 976 1247 jus
1000 1207 1097 1237 civile
1121 1207 1295 1237 didicerat.
1318 1206 1353 1236 ii.
1370 1208 1422 1237 55.
1445 1206 1493 1237 M.
1508 1204 1656 1236 Brutum

926 1251 1112 1281 ulciscitur.
1129 1251 1181 1282 56.
1207 1251 1315 1280 oratio
1331 1254 1450 1280 contra
1465 1249 1656 1289 Cethegum

924 1296 959 1325 in
984 1295 1135 1325 Censura
1157 1295 1248 1325 dieta
1270 1293 1437 1324 laudatur.
1464 1293 1513 1323 iii.
1531 1296 1560 1324 1.
1583 1293 1656 1332 ejus

926 1348 1026 1369 mors.
1043 1339 1122 1369 ibid.
1143 1338 1318 1369 contentio
1341 1339 1413 1377 ejus
1436 1347 1513 1367 eum
1538 1336 1659 1367 Domi-

923 1383 973 1413 tio
996 1383 1031 1413 in
1065 1383 1231 1413 Censura:
1272 1382 1354 1412 item
1384 1391 1463 1411 cum
1492 1379 1659 1421 Philippo.

925 1427 1022 1458 Offie.
1052 1427 1086 1457 ii.
1121 1427 1170 1457 16.
1209 1425 1548 1464 magnificentissima
1577 1424 1658 1455 aedi-

922 1470 1021 1501 litate
1068 1480 1146 1501 cum
1184 1469 1225 1510 Ω.
1264 1469 1379 1500 Mucio
1416 1468 1556 1499 functus
1594 1472 1658 1499 est.

924 1513 1029 1545 Hunc
1042 1514 1190 1545 fllaciam
1206 1515 1242 1544 in
1255 1514 1399 1543 omnibus
1410 1514 1564 1543 limam-um
1574 1522 1658 1552 gra·

924 1558 1016 1589 dibus
1030 1560 1183 1597 collegam
1201 1558 1314 1588 habuit
1329 1561 1453 1597 proeter
1473 1566 1659 1595 censuram,

923 1607 1053 1633 auctore
1074 1602 1221 1633 Cicerone
1236 1603 1270 1631 in
1285 1599 1405 1632 Bruto.

970 1645 1013 1677 L.
1035 1645 1179 1683 Crassus,
1195 1645 1250 1676 Br.
1268 1648 1320 1676 58.
1351 1645 1386 1674 P.
1402 1643 1536 1675 Nasicae
1552 1646 1587 1673 et
1601 1643 1659 1674 Li-

926 1689 1038 1728 ciniae,
1070 1690 1107 1720 C.
1138 1688 1233 1720 Laelii
1272 1689 1397 1728 neptis,
1428 1687 1533 1725 filius,
1564 1697 1584 1718 a
1619 1686 1662 1718 L.

928 1733 1059 1771 Crasso,
1082 1743 1141 1763 avo
1171 1738 1338 1770 materno,
1364 1734 1572 1762 testamento
1602 1730 1661 1762 ad-

927 1782 1076 1818 optatus.
1091 1776 1134 1817 cf.
1154 1777 1244 1807 Ptin.
1262 1776 1368 1806 xxxiv.
1385 1779 1417 1807 3.

973 1821 1015 1851 L.
1037 1821 1193 1861 Papirius
1221 1820 1364 1858 Crassus,
1381 1819 1424 1850 ad
1445 1819 1523 1851 Div.
1545 1818 1590 1849 ix.
1605 1819 1660 1850 21.

927 1864 1003 1895 vide
1019 1865 1055 1895 in
1073 1865 1239 1905 Papirius.

970 1908 1021 1939 M
1044 1909 1187 1946 Crassus,
1205 1908 1262 1939 Or.
1287 1908 1309 1938 i.
1332 1908 1386 1939 36.
1416 1910 1543 1947 praetor
1556 1916 1588 1937 a.
1619 1905 1662 1937 U.

929 1961 1094 1983 nchvni.
1124 1953 1196 1983 Fin.
1227 1962 1257 1983 v.
1290 1954 1343 1983 30.
1384 1949 1552 1991 ἀγέλαις-ος,
1583 1950 1664 1989 quia

930 1996 1035 2027 semel
1064 1999 1101 2028 in
1131 1997 1202 2027 vita
1230 1996 1317 2033 risit,
1349 1999 1487 2025 auctore
1516 1993 1661 2025 Lucilio.

930 2040 1024 2072 Ptin.
1047 2040 1096 2073 H.
1120 2041 1169 2073 N.
1192 2040 1247 2070 vii.
1273 2043 1324 2074 19.
1353 2048 1525 2079 nunquam
1545 2039 1662 2076 risisse,

928 2086 988 2115 ait.

974 2128 1024 2158 M.
1073 2127 1216 2165 Crassus,
1249 2127 1294 2158 P.
1321 2125 1380 2167 fil.
1420 2126 1471 2156 M.
1502 2123 1665 2165 α’γελάςοι

930 2181 1033 2212 nepos.
1066 2171 1244 2203 Triumvir.
1277 2170 1320 2200 ad
1341 2170 1418 2200 Div.
1445 2170 1467 2200 i.
1499 2172 1526 2199 1.
1564 2168 1663 2199 Brut.

932 2216 986 2246 64.
1012 2216 1065 2247 65.
1091 2225 1160 2255 seq.
1183 2214 1290 2255 qualis
1311 2218 1435 2244 orator.
1457 2212 1552 2244 Verr.
1575 2222 1608 2243 v.
1631 2214 1663 2244 2.

931 2265 1050 2289 contra
1063 2259 1223 2299 fugitivos
1240 2259 1276 2288 in
1293 2257 1392 2288 Italia
1408 2257 1574 2287 mittitur:
1600 2255 1665 2286 im-

930 2303 1050 2344 pediit,
1075 2313 1117 2333 ne
1148 2303 1283 2342 fugitivi
1305 2301 1497 2332 Messanam
1519 2299 1665 2330 transire

931 2352 1080 2387 possent.
1118 2346 1213 2377 Ball).
1250 2349 1281 2380 7.
1319 2344 1463 2375 Balbum
1501 2343 1663 2374 defendit.

932 2391 1066 2421 Muren.
1081 2393 1134 2423 23.
1147 2391 1186 2421 L.
1204 2390 1383 2420 Murenam
1402 2387 1564 2418 defendit.
1581 2386 1665 2418 Har.

933 2444 1019 2475 resp.
1043 2435 1074 2466 6.
1106 2434 1267 2474 pontifex.
1291 2433 1376 2463 Phil.
1401 2433 1436 2463 ii.
1459 2435 1490 2464 3.
1522 2441 1601 2462 eum
1624 2440 1665 2461 eo

933 2478 1051 2509 multae
1083 2478 1252 2509 Ciceronis
1290 2476 1526 2507 contentiones
1558 2474 1666 2506 fuere.

933 2522 1005 2553 Att.
1020 2523 1042 2553 i.
1062 2525 1112 2553 14.
1143 2521 1259 2552 laudat
1281 2521 1317 2551 in
1340 2521 1468 2550 Senatu
1493 2519 1665 2550 Ciceronis

934 2566 1161 2597 consulatum.
1195 2569 1245 2600 17.
1284 2563 1430 2605 impellit
1467 2562 1665 2603 publicanos

933 2609 1087 2648 Asianos,
1102 2614 1142 2640 ut
1156 2609 1358 2641 locationem
1379 2606 1494 2638 induci
1516 2605 1668 2647 postula-

934 2661 1019 2685 rent.
1037 2654 1079 2684 iv.
1100 2657 1148 2685 13.
1180 2653 1275 2684 nulla
1297 2652 1462 2692 dignitate
1485 2649 1667 2691 paludatus

935 2698 1006 2728 abit
1027 2698 1063 2728 in
1087 2697 1227 2738 Syriam.
1248 2696 1350 2727 Tusc.
1365 2705 1396 2726 v.
1411 2698 1464 2726 40.
1494 2693 1668 2724 surdaster

933 2741 1012 2772 fuit.
1043 2741 1119 2772 Div.
1136 2742 1157 2772 i.
1177 2741 1226 2772 16.
1259 2740 1340 2780 quid
1355 2741 1386 2770 ei
1402 2737 1563 2769 acciderit
1578 2736 1668 2768 dira-

934 2795 1011 2815 rum
1023 2785 1285 2816 obnunciatione
1298 2783 1465 2824 neglecta.
1479 2782 1513 2812 ii.
1527 2786 1558 2816 9.
1569 2788 1666 2811 trans

936 2829 1144 2870 Euphratem
1160 2838 1239 2859 cum
1253 2827 1441 2868 ignominia
1456 2830 1492 2856 et
1503 2824 1666 2856 dedecore

935 2874 1034 2917 perit.
1049 2873 1130 2906 ibid.
1146 2875 1200 2906 40.
1231 2881 1346 2912 omen,
1362 2870 1452 2912 quod
1474 2869 1505 2901 ei
1519 2867 1668 2901 Brundi-
