1804 3178
639 97 795 128 INDEX
831 100 1142 131 msromcus.

194 182 268 214 Sex.
283 181 455 219 AEthus,
471 190 528 223 pro
542 183 627 213 (ἓως.
645 185 673 214 1.
693 188 863 216 accusator

149 225 301 256 Cecinoe.

191 262 434 303 AEems'‚'1·usc.
447 266 491 296 iii.
511 267 556 296 12.
574 266 697 298 Medeae
712 272 816 308 pater,
828 273 862 299 et

148 308 231 338 Solis
247 309 342 339 iilius.

190 350 353 389 ‘Eg-ictus
371 355 405 381 et
420 349 611 388 AEgialeus,
628 351 670 382 N.
689 352 730 383 D.
749 353 793 383 iii.
812 355 861 387 19.

148 392 234 433 apud
251 393 423 423 Pacuvium
438 399 486 422 est
501 393 668 432 Absyrtus.

190 433 380 474 [Epa-thus,
401 433 444 464 N.
459 433 499 465 D.
520 434 565 464 iii.
582 437 633 465 38.
650 435 838 468 libidinosus
852 449 859 467 :

147 477 401 515 Agammnonis
414 476 608 516 interlector.

189 517 358 558 AEgypta,
372 517 412 548 ad
427 519 496 548 Att.
512 519 577 548 viii.
597 522 642 550 15.
660 519 784 551 Divers.
799 521 860 551 xvi.

153 562 198 591 15.
211 569 321 591 servus
336 565 369 591 et
384 560 498 590 deinde
511 559 646 592 libertus
659 563 834 592 Ciceronis.

187 601 290 638 AEtii,
303 612 362 643 pro
384 601 515 634 Cluent.
538 604 588 633 26.
599 602 740 643 jizmilia
764 605 858 635 Rom.

141 645 280 685 plebeia,
292 643 387 683 cujus
397 647 588 682 cog-nomina
597 656 652 686 ap.
667 648 859 682 Ciceronem,

145 687 262 723 Catus,
286 687 407 722 Paetus,
431 687 576 722 Tubero,
603 688 732 718 Lamia:
763 698 861 728 neque

140 730 244 768 plura
268 729 304 758 in
326 729 435 759 numis
461 733 521 759 aut
545 730 621 759 aliis
646 731 858 760 monimentis.

150 770 337 810 Opinionem
359 770 487 809 Pighii,
511 771 636 801 Norisii
653 776 684 802 et
704 773 859 809 aliorum,

146 821 262 843 nomen
283 814 340 843 hoc
360 813 577 844 der-irminam
592 815 633 843 ab
657 813 750 844 allio:
774 815 861 844 uncle

139 856 290 895 primum
312 854 403 891 Aliii,
425 855 537 885 deinde
561 856 650 891 Ailii,
673 860 703 885 et
728 857 859 886 tandem

144 897 318 937 AEliisacti
340 898 417 933 sint,
432 897 506 927 bene
528 896 649 936 refellit
670 898 797 928 Duker.
816 899 862 929 ad

145 938 222 970 Liv.
244 939 340 969 xxxii.
361 942 390 972 7.
409 938 612 978 Desitmilia
634 940 806 971 [Elim-um
826 951 856 972 v.

145 979 272 1012 lecim.
287 980 353 1020 Ep.
368 981 414 1010 ad
425 980 539 1020 Hffm.
554 986 584 1011 et
600 981 686 1021 Rup.
702 992 748 1021 ep.
761 986 812 1014 43.
828 988 858 1014 et

145 1021 283 1062 Rupert.
298 1023 345 1053 ad
357 1022 514 1063 Pompon.
530 1023 670 1054 Euchir.
683 1025 728 1054 iii.
741 1028 770 1054 4.

185 1064 314 1100 Ainus,
327 1075 386 1105 pro
407 1065 495 1096 Sext.
518 1068 568 1096 43.
584 1065 699 1105 Ligur.
719 1067 858 1107 (Pisonis

143 1106 259 1146 nocer.)
276 1118 304 1137 v.
322 1107 443 1146 Ligur.

186 1149 229 1180 L.
248 1149 378 1186 AElius,
393 1149 433 1180 ad
450 1149 527 1180 Her.
543 1150 586 1180 iv.
603 1151 651 1180 12.
666 1150 695 1179 ei
714 1149 858 1181 Lucilius

142 1189 242 1222 libros
256 1192 445 1232 Satyramm
467 1192 643 1232 inscripsit,
663 1201 774 1222 versus
788 1194 818 1222 Ιι.
837 1194 858 1223 l.

138 1234 289 1273 prolatus
297 1238 342 1264 est
356 1244 372 1263 e
383 1235 462 1264 libro
472 1236 591 1274 primo,
602 1244 702 1273 neque
713 1232 857 1273 affertur

141 1284 165 1306 a
186 1275 313 1307 Doum.
331 1276 420 1306 Brut.
443 1278 494 1307 46.
511 1277 697 1316 Coepionein
714 1275 857 1307 defendit

136 1324 259 1349 contra
271 1318 312 1349 T.
329 1318 517 1355 Betucium,
532 1321 590 1349 διε.
605 1318 769 1348 orationes
781 1319 858 1348 scri-

143 1361 210 1399 psit
230 1364 375 1396 tantum,
398 1370 465 1390 non
479 1361 558 1400 egit.
583 1360 676 1390 Brut.
693 1360 743 1389 56.
761 1370 857 1399 eques

141 1401 238 1432 Rom.
249 1402 396 1433 eruditus
413 1402 534 1433 Graecis
554 1402 656 1432 literis
669 1407 703 1432 et
719 1401 856 1440 Latinis,

142 1444 284 1481 Stoicus,
294 1445 499 1484 antiquitatis
513 1449 546 1474 et
560 1446 754 1483 scriptorum
771 1450 858 1475 vete-

140 1495 215 1517 rum
237 1486 367 1517 {iterate
388 1486 524 1526 peritus,
540 1486 587 1516 M.
609 1486 763 1516 Varronis
778 1496 858 1526 prae-

141 1532 267 1569 ceptor,
295 1528 396 1558 etiam
422 1539 442 1559 a
470 1529 626 1559 Cicerone
653 1527 858 1560 adolescente

139 1570 341 1610 perstudiose
363 1570 503 1601 auditus.
545 1570 667 1601 Orator
692 1579 759 1601 non
782 1571 857 1608 fuit,

140 1612 195 1643 sed
231 1613 358 1653 scripsit
392 1618 525 1643 tantum
569 1613 734 1643 orationes
775 1613 857 1643 aliis.

138 1654 239 1685 Acad.
262 1655 326 1686 i.'2.
351 1654 390 1685 de
403 1655 599 1694 antiquitate
615 1654 763 1685 Romana
781 1657 858 1685 scri-

139 1697 216 1736 psit.
232 1697 271 1728 de
286 1697 364 1737 Leg.
386 1697 419 1726 ii.
433 1699 484 1728 23.
499 1697 627 1737 scripsit
641 1698 674 1726 in
693 1697 747 1727 xii.
763 1698 858 1728 tabu-

140 1738 200 1769 las.
241 1739 433 1778 agnomine
451 1740 556 1770 dictus
570 1739 704 1779 duplici,
720 1739 804 1770 Stilo
827 1745 858 1771 et

141 1781 363 1812 Praeconinus.
386 1781 425 1811 de
437 1791 471 1812 eo
486 1791 516 1812 υ.
535 1781 665 1812 Sueten.
680 1780 719 1810 de
738 1781 858 1812 Gram-

141 1828 223 1854 mat.
243 1833 270 1854 c.
286 1826 316 1854 3.
331 1834 361 1854 v.
378 1824 417 1854 dc
429 1833 463 1853 eo
481 1823 628 1854 Carrion.
650 1822 740 1853 Lect.
752 1828 820 1854 ant.
834 1825 856 1855 i.

142 1867 175 1896 8.
188 1870 220 1896 et
231 1865 545 1897 collectaHurduino
560 1867 593 1895 in
610 1865 681 1896 [nd.
693 1866 859 1896 Aulorum

141 1907 189 1938 ad
201 1907 294 1938 Ptin.
308 1907 355 1938 H.
371 1907 419 1938 N.

184 1949 227 1982 L.
247 1949 377 1987 AEHus,
398 1949 462 1980 Pis.
488 1951 540 1982 27.
565 1950 623 1980 διο.
649 1950 707 1980 &c.
735 1949 859 1981 Lamia

141 1992 350 2032 cognomine,
363 2001 457 2032 quem
471 1991 544 2022 Piso
559 1996 593 2022 et
607 1991 764 2022 Gabinius
779 2002 858 2022 con-

140 2034 226 2066 sules
242 2034 322 2065 urbe
333 2034 420 2064 exire
429 2034 612 2072 jusserunt,
626 2035 764 2073 ius-ignis
775 2035 858 2065 ami-

140 2087 200 2108 cus
223 2081 254 2107 et
280 2075 427 2116 defensor
454 2075 624 2113 Ciceronis,
647 2086 740 2116 eques
763 2076 856 2107 Rom.

140 2119 197 2160 qui
210 2127 286 2150 cum
300 2118 413 2149 ceteris
427 2118 583 2158 equitibus
595 2118 716 2148 clivum
734 2118 859 2158 Capito-

142 2162 248 2192 linum
275 2160 451 2196 obsederat,
480 2169 555 2190 cum
579 2160 618 2190 de
657 2159 860 2197 taitinariis

142 2204 335 2234 deliberaret
358 2201 510 2233 Senatus.
535 2201 715 2241 sepissime
733 2204 860 2233 nomine

141 2245 271 2277 Lamioe
289 2244 431 2275 Ciceroni
444 2248 726 2274 commemoratur.

184 2287 235 2319 M
248 2286 380 2324 AElius,
396 2287 468 2317 Att.
481 2296 531 2316 xv.
547 2286 598 2316 26.

185 2330 230 2362 P.
254 2328 386 2366 AEHus,
413 2328 546 2361 Cluent.
575 2331 627 2361 59.
658 2331 859 2358 testamento

142 2371 336 2404 Cluentium
354 2370 506 2401 heredem
532 2370 621 2401 facit.
645 2370 793 2400 Larinas
813 2371 860 2400 vi-

142 2414 240 2445 detur
253 2412 374 2453 fuisse.
418 2413 532 2444 Atium
567 2413 608 2442 ab
638 2414 694 2442 hoc
723 2421 787 2442 esse
811 2411 857 2442 P.

141 2455 292 2492 AElium,
309 2455 401 2486 Sesti
415 2453 676 2493 AEliisrutrem,
692 2464 731 2484 ez·
743 2458 860 2494 tempo-

142 2499 189 2529 ris
202 2499 328 2529 ratione
341 2498 556 2536 intelligitur.

184 2541 229 2582 Q.
250 2539 381 2576 AElius,
408 2539 464 2570 Br.
488 2541 539 2570 28.
563 2538 684 2573 pietus,
707 2538 761 2577 qui
785 2548 861 2568 cum

143 2582 194 2614 Μ.
207 2583 320 2613 Penno
330 2581 443 2612 consul
453 2581 527 2611 fuit.
542 2580 595 2610 (A.
609 2580 651 2610 U.
662 2582 857 2620 mxxxvii.)

187 2624 224 2656 S.
246 2623 364 2656 AElt‘us
393 2623 507 2658 Catus,
531 2622 624 2652 Brut.
653 2624 703 2652 20.
731 2622 859 2653 nivers.

142 2667 198 2698 vii.
220 2668 272 2698 22.
294 2665 411 2701 setus,
423 2671 458 2696 et
478 2665 646 2703 eloquens,
663 2663 702 2694 de
724 2663 817 2694 Orat.
840 2664 860 2694 i.

142 2711 194 2746 45„
219 2713 353 2749 propter
375 2708 461 2746 juris
482 2707 585 2737 civilis
614 2705 783 2736 scientiam
806 2716 864 2746 ap-

139 2750 296 2792 pellatur.
319 2750 358 2781 de
370 2750 466 2780 Orat.
488 2749 511 2779 i.
537 2748 588 2779 56.
611 2748 862 2778 commentarios

141 2793 270 2833 scripsit
284 2791 323 2823 de
337 2795 414 2832 jure
428 2791 528 2822 civili.
543 2790 601 2821 Or.
625 2789 670 2819 iii.
687 2792 740 2819 33.
757 2791 863 2820 omni-

142 2835 203 2865 bus
227 2835 350 2865 civibus
373 2833 500 2864 consilii
532 2833 582 2862 sui
609 2832 737 2872 copiam
775 2832 863 2862 fecit.

139 2877 226 2919 Tap.
253 2879 284 2908 3.
307 2875 469 2917 quomodo
492 2875 629 2916 locuples
649 2873 802 2915 explicet.
825 2873 864 2905 de

1564 101 1620 144 59

904 185 984 225 Leg.
1011 186 1044 216 ii.
1075 189 1133 217 23.
1155 188 1209 218 xii.
1231 188 1359 219 tabulas
1387 190 1620 232 interpretatu·

903 232 965 264 est,
981 237 1091 258 vocem
1106 228 1224 259 bessus
1245 239 1310 261 nou
1332 231 1506 269 intellexit,
1521 240 1554 264 et
1568 246 1621 267 ve-

903 270 1050 299 stimenti
1065 279 1168 308 genus
1182 273 1361 311 suspioetus
1374 277 1436 302 est.

904 352 929 383 P
945 310 1104 382 Αιίιηίίιά,
1140 313 1216 344 Div.
1250 314 1283 344 ii.
1311 316 1364 347 37.
1394 314 1462 346 filia
1495 316 1617 349 AEmilii

930 363 972 383 au
989 354 1023 383 li.

945 394 1155 426 AEmilianus
1167 396 1287 435 Scipio,
1299 397 1382 428 Phil.
1394 399 1461 428 xiii.
1478 401 1509 429 2.
1524 399 1619 430 Lucii

902 436 1040 467 AEmilii
1075 437 1192 468 Paulli
1218 438 1316 478 filius
1354 450 1375 469 ιι
1401 439 1447 470 Ρ.
1469 440 1620 481 Africani

903 478 1104 520 Majorisfil.
1120 479 1303 519 adoptatus.
1320 482 1384 511 vid.
1406 481 1525 520 Scipio.

944 521 1109 552 :Emilius
1120 521 1213 552 Alba.
1229 522 1263 552 in
1272 522 1365 554 Verr.
1377 523 1422 554 iii.
1434 524 1485 555 62.
1495 534 1619 563 scurra,

905 562 1013 593 Verris
1026 562 1204 595 familiaris.

947 605 988 635 L.
1014 604 1189 643 dimittas,
1204 605 1289 636 Phil.
1315 607 1383 638 xiii.
1419 610 1451 638 4.
1487 607 1551 638 vid.
1578 607 1620 639 L.

904 646 1061 677 Paullus.

945 688 992 719 M.
1009 688 1173 721 AEmitius
1194 690 1348 727 ananus,
1374 691 1448 721 Div.
1472 691 1540 722 xiii.
1566 694 1618 723 21.

904 731 1100 769 negotiator.

944 772 994 803 M.
1010 772 1172 803 AEmitius
1182 773 1320 814 Lepidus
1333 774 1480 812 Porcina,
1494 774 1550 805 ΒΓ.
1563 776 1617 806 25.

903 820 1015 845 orator
1027 816 1142 851 bonus,
1157 817 1320 846 orationes
1339 816 1478 855 reliquit.

943 855 992 886 M.
1008 857 1172 888 AEmilius
1191 857 1374 898 (Lepidus),
1388 859 1451 890 vid.
1465 859 1620 899 Lepidus.

942 898 992 929 M.
1019 900 1184 931 aiminus
1217 904 1226 940 ζ
1231 901 1398 940 Scaurus),
1425 901 1489 932 vid.
1516 900 1621 932 Scau-

901 949 969 970 rus.

942 982 1118 1014 AEsclaines
1131 983 1290 1020 mlestus,
1306 984 1400 1014 Brut.
1423 988 1475 1018 95.
1500 985 1620 1015 Asiati-

901 1033 956 1054 cus
972 1032 1094 1062 orator,
1110 1026 1241 1065 aequalis
1254 1027 1430 1063 Ciceronis,
1445 1036 1509 1066 quo
1521 1037 1617 1066 gene-

902 1075 934 1096 re
948 1069 1105 1098 orationis
1127 1078 1202 1098 usus
1223 1069 1278 1098 sit.
1301 1073 1501 1098 memoratur
1517 1070 1618 1099 etiam

902 1107 1057 1139 Straboni
1080 1110 1102 1140 l.
1125 1111 1188 1140 xiv.
1215 1114 1246 1140 et
1274 1109 1401 1140 Senecae
1418 1111 1526 1141 Omtr.
1546 1111 1568 1141 i.
1585 1114 1617 1141 8.

900 1159 976 1189 quos
988 1151 1145 1193 locosjam
1159 1152 1240 1182 vidit
1252 1151 1388 1192 Meuag.
1401 1153 1447 1183 ad
1457 1153 1572 1183 Laert.
1583 1153 1618 1183 ii.

941 1234 1119 1265 AEschines
1141 1235 1336 1270 Socraticus,
1360 1234 1398 1266 de
1422 1235 1494 1266 lnv.
1517 1236 1539 1266 i.
1563 1238 1616 1266 31.

901 1275 1098 1307 inductionis
1115 1277 1300 1308 Rhetoricae
1317 1278 1503 1318 exemplum
1519 1277 1560 1308 ab
1577 1287 1617 1308 eo

901 1318 1054 1358 petitum.

932 1359 1120 1397 AEsclzines,
1133 1360 1191 1391 Or.
1204 1361 1239 1391 ii.
1252 1362 1305 1391 23.
1318 1364 1440 1391 orator.
1453 1360 1492 1391 de
1504 1360 1562 1391 Or.
1573 1361 1619 1391 iii.

901 1401 951 1433 56.
974 1402 1113 1432 Athenis
1135 1403 1220 1432 cedit
1235 1402 1400 1439 Rhodum,
1416 1402 1528 1433 laudat
1550 1402 1617 1433 De-

901 1443 1114 1474 mosthenem.
1125 1443 1196 1484 ejus
1203 1445 1305 1474 oratio
1314 1448 1427 1475 contra
1441 1443 1620 1484 Ctesiphon-

900 1494 964 1515 tem
971 1495 1051 1516 save
1056 1497 1123 1516 com
1128 1490 1328 1516 memoratur
1333 1486 1423 1526 apud
1428 1485 1617 1517 Ciceronem.

941 1527 1130 1564 AEscMnes,
1145 1527 1202 1558 Or.
1215 1529 1237 1558 i.
1255 1531 1265 1558 1
1278 1532 1304 1558 1.
1317 1528 1528 1559 Academicus
1541 1538 1618 1560 cum

901 1568 1067 1600 Carneade
1094 1569 1298 1601 Clitomacho
1326 1570 1533 1600 Academiam
1560 1570 1617 1600 ob-

899 1611 1014 1642 tinuit.
1063 1613 1304 1652 Neapolz'tanus
1325 1610 1415 1651 filit,
1445 1611 1621 1643 Alelantlzii

900 1653 1019 1684 Rhodii
1030 1654 1216 1693 disciputus,
1230 1653 1348 1684 Laert.
1361 1654 1394 1684 ii.
1407 1654 1459 1684 64.

941 1695 1111 1731 AEschrio‚
1127 1696 1159 1725 in
1173 1695 1265 1726 Verr.
1276 1695 1311 1725 ii.
1328 1698 1376 1726 14.
1388 1696 1619 1735 Syracusanus.

939 1737 1134 1777 AEschylus,
1161 1736 1261 1768 Acad.
1285 1737 1307 1767 i.
1331 1739 1362 1767 3.
1384 1737 1484 1768 Tusc.
1509 1738 1542 1768 ii.
1568 1741 1618 1773 10,

899 1780 1035 1819 aliisque
1045 1780 1196 1820 pluribus
1211 1779 1296 1810 locis.
1334 1779 1437 1810 Poeta
1450 1783 1483 1810 et
1499 1779 1618 1824 Pytha-

900 1831 1039 1860 gericus.

943 1862 1126 1903 AEschylus
1139 1863 1286 1900 Cnidius,
1302 1863 1396 1894 Brut.
1413 1866 1464 1897 91.
1479 1863 1618 1901 Rhetor,

900 1915 1039 1944 quocum
1053 1906 1116 1936 fuit
1131 1905 1165 1935 in
1177 1906 1253 1936 Asia
1265 1906 1379 1936 Cicero
1398 1905 1596 1936 adolescens.

923 1946 1365 1987 AEschylusTyndaritanus,
1372 1947 1504 1978 inVerr.
1516 1947 1558 1978 iv.
1566 1949 1620 1979 22.

938 1988 1168 2029 AEsculapius,
1196 1989 1241 2020 N.

901 2031 1092 2072 AEsculapii.

941 2073 1156 2108 AEoerninus,
1177 2071 1257 2112 opt.
1274 2082 1350 2112 gen.
1370 2071 1433 2102 dic.
1449 2071 1480 2102 6.
1497 2071 1620 2112 gladia·

899 2116 981 2146 toris
996 2125 1115 2146 nomen
1131 2114 1172 2145 ab
1185 2114 1334 2144 AEsernia
1347 2114 1437 2144 urbe.

942 2156 1157 2194 AEmntnus,
1183 2156 1276 2187 Brut.
1297 2159 1349 2187 35.
1371 2165 1544 2194 cog-nomen
1565 2155 1618 2187 M.

906 2199 1037 2230 Claudii
1051 2198 1291 2238 Marcelli,filiz'
1306 2197 1416 2228 Marci
1432 2197 1598 2228 Marcelli.

942 2241 1100 2281 AEwpm,
1113 2242 1169 2270 Or.
1190 2241 1211 2270 i.
1225 2240 1279 2270 61.
1301 2240 1390 2270 Sext.
1410 2242 1463 2270 58.
1478 2239 1543 2280 Ωιι.
1565 2238 1618 2270 Fr.

902 2283 924 2314 i.
942 2286 993 2314 24.
1036 2283 1136 2314 Tusc.
1162 2282 1195 2312 ii.
1223 2282 1269 2312 16.
1289 2281 1405 2312 histrio
1427 2281 1558 2318 nobilis,
1579 2281 1620 2311 ad

902 2326 1029 2356 Diveis.
1046 2326 1098 2355 vii.
1118 2328 1145 2355 l.
1163 2323 1291 2360 histrio,
1307 2323 1392 2354 male
1405 2324 1475 2363 agit
1488 2323 1522 2353 in
1535 2322 1619 2353 ludis

902 2368 1047 2407 Pompeii
1062 2367 1107 2398 11.
1118 2366 1271 2396 consulis.
1295 2365 1408 2396 Divin.
1422 2365 1443 2396 i.
1458 2367 1510 2398 37.
1525 2364 1620 2396 fami-

902 2409 990 2440 liaris
1002 2409 1179 2445 Ciceronis,
1191 2407 1356 2438 laudatur.
1371 2407 1436 2438 Off.
1450 2407 1472 2438 i.
1487 2409 1539 2438 31.
1552 2416 1619 2437 non

902 2451 996 2482 facile
1009 2451 1077 2490 agit
1090 2451 1235 2489 Ajacem.
1510 2476 1513 2477 ⁷

943 2492 1101 2532 AEsolms·‚
1124 2491 1265 2530 erogoedi
1275 2491 1387 2531 filius,
1410 2490 1451 2521 ad
1474 2491 1547 2522 Att.
1574 2491 1619 2522 xi.

908 2538 955 2566 13.
983 2538 1031 2565 15.
1059 2534 1163 2564 socius
1188 2532 1371 2564 Dolabellae
1393 2533 1427 2562 in
1452 2532 1625 2563 adulteriis-

903 2587 978 2607 cum
1005 2576 1173 2617 pellicibus
1187 2587 1194 2604 t
1223 2575 1388 2605 excruciat
1415 2574 1619 2613 Ciceronem,

903 2621 972 2650 vita
985 2628 1028 2648 sc.
1046 2617 1207 2658 flagitiosa
1217 2621 1251 2647 et
1263 2616 1444 2657 deperdita.

945 2660 1137 2696 adadenus,
1152 2659 1258 2690 Flacc.
1273 2660 1325 2690 22.
1338 2657 1538 2690 Trallianus.

946 2701 1078 2738 AEtion,
1093 2702 1188 2732 Brut.
1211 2704 1262 2732 18.
1282 2701 1400 2741 pictor.
1443 2700 1559 2740 liujus
1568 2703 1623 2740 pi-

905 2746 1002 2776 ctoris
1019 2744 1186 2783 aliquoties
1197 2744 1314 2773 mentio
1327 2747 1372 2773 est
1392 2742 1482 2782 apud
1502 2742 1623 2773 Lucia-

905 2797 986 2819 num
1006 2787 1041 2816 in
1063 2786 1278 2824 Imaginibus,
1300 2783 1394 2825 cujus
1417 2786 1495 2814 locos
1508 2785 1623 2815 attulit

905 2829 1031 2861 szr'us
1046 2829 1081 2858 in
1100 2827 1205 2858 Cataz.
1224 2827 1347 2858 Pictor.
1359 2826 1415 2865 &a
1461 2825 1527 2856 Sed
1539 2828 1624 2856 hunc

909 2873 1012 2903 locum
1030 2869 1189 2902 Ciceronis
1208 2879 1271 2899 non
1288 2869 1380 2899 vidit.
1395 2868 1490 2899 Alius
1511 2867 1626 2899 AEtion

1273 1989 1317 2020 D.
1345 1990 1392 2020 iii.
1421 1991 1475 2021 22.
1509 1989 1619 2030 plures
