1790 3219
603 87 748 118 umux
779 87 1076 119 Lanxiraws.

75 181 130 209 ω
155 176 251 208 divisi
266 176 288 215 :)
313 181 352 208 ut
382 186 477 218 regen
505 176 658 214 Galatiae,
684 175 810 207 Judaeae

80 222 142 252 &c-
158 222 230 252 Λα.
247 223 281 252 ii.
298 226 329 256 9.
355 222 415 251 dic.

125 264 334 301 Tarm-chia,
360 270 414 295 est
441 269 531 294 terra
559 263 613 293 cui
643 261 814 292 tetrarcha

85 307 240 348 imperat.
266 310 340 339 Div.
358 309 379 338 i.
396 311 444 338 15.
461 308 639 338 Deiotarus
651 316 670 335 a
686 307 815 335 Cir-sare

86 354 275 382 terrare-laic
301 360 403 390 regno
428 350 591 380 multatus
607 355 669 379 est.
703 350 816 380 Deiot.

91 398 141 426 15.
168 396 201 425 in
217 395 367 426 Deiotari
384 394 577 424 tetras-elain.

127 437 448 475 Tesere,aedificare.
468 437 537 466 Att.
551 437 592 466 iv.
610 437 659 466 16.
683 436 818 466 Paullus

84 482 254 512 basilicam
273 484 376 511 tetta!
393 480 509 510 ii-dcm
527 481 673 519 antiquis
691 480 818 509 colum-

82 526 145 556 n'u.
174 524 216 555 ad
244 525 286 564 Ω.
320 523 370 554 Fr.
402 524 448 554 iii.
478 527 508 554 5.
537 533 616 554 sane
648 524 820 554 texebatur

79 577 163 609 opus
179 567 380 598 luculenter.

128 610 273 641 Testilis.
302 611 404 641 Tusc.
433 611 467 640 ii.
493 614 523 640 Β.
555 612 659 651 pestis
686 612 820 646 textuit,

83 658 137 685 est
151 655 251 684 vestis
267 663 443 684 venenata.
474 655 566 684 Verr.
584 656 626 684 iv.
648 657 673 684 l.
689 655 822 694 pictura

73 699 217 733 tea-tilis,
234 702 285 728 est
299 699 398 727 vestis
422 698 572 737 stragula
594 708 656 727 acu
675 699 776 738 picta,
793 706 819 728 s.

81 742 137 772 eui
154 742 317 781 imagines
332 742 580 772 diversicolores
596 742 746 772 intexue-

127 784 326 821 Theatrum,
338 786 528 824 frequentia
543 790 770 825 spectatorum
787 790 822 814 et

84 828 292 859 auditorum.
325 828 383 859 Or.
416 829 463 858 iii.
495 832 546 859 50.
584 833 659 858 tota
691 829 821 858 theatra

82 872 280 902 reclamant.
310 872 386 903 Div.
411 873 432 902 i.
448 873 500 903 98.
531 871 658 901 SCtum
682 881 752 902 esse
774 871 823 901 fa-

83 919 191 952 ctum,
208 916 370 946 referente
386 916 515 956 optimo
531 920 565 944 et
579 915 761 946 clarissimo
777 916 823 945 vi-

83 969 121 990 ro
145 959 303 995 Consule,
320 958 419 998 idque
441 958 713 997 frequentissimo
733 960 824 989 thea-

83 1007 146 1040 tro,
164 1001 350 1032 incredibili
374 1001 518 1032 elamore
539 1008 573 1032 et
596 1003 717 1042 plausu
733 1013 823 1033 com-

82 1046 273 1087 probatum.
307 1055 427 1085 nempe
458 1047 628 1076 theatrum
659 1046 692 1076 h.
716 1046 741 1076 l.
772 1052 824 1076 est

84 1089 202 1119 concio
224 1089 352 1129 populi,
368 1099 441 1128 quae
466 1090 573 1127 legem
598 1089 638 1119 de
655 1090 771 1120 eadem
789 1099 823 1119 re

81 1131 184 1163 latam
198 1134 310 1170 scivit,
323 1133 470 1171 adeoque
485 1133 610 1163 sctum
629 1134 824 1173 comproba-

83 1176 144 1206 vit.
171 1176 311 1207 Tuscul.
340 1177 374 1206 ii.
399 1177 453 1207 ⁶26.
493 1177 625 1207 nullum
654 1178 824 1207 theatrum

82 1220 203 1250 virtuti
218 1220 427 1250 conscientia
441 1222 563 1257 majus.
585 1220 605 1239 ¹*
616 1221 759 1258 occasio,
777 1220 825 1250 lo-

83 1273 143 1294 cus
167 1264 216 1294 ita
238 1264 490 1294 demonstrandi
514 1265 654 1303 ingenii,
677 1264 824 1302 virtutis,

83 1312 125 1337 ut
134 1317 156 1337 a
166 1307 319 1347 plurimis
331 1308 486 1346 cognosci
499 1308 614 1347 possit,
627 1313 662 1338 et
673 1309 824 1345 omnino,

85 1350 245 1390 quiequid
267 1351 316 1380 ita
338 1351 390 1387 fit,
407 1357 446 1381 ut
463 1352 497 1381 in
521 1351 626 1382 oculis
648 1352 825 1382 hominum

85 1395 160 1431 fiat,
176 1395 209 1424 id
226 1396 260 1424 in
275 1395 410 1424 theatro
427 1395 497 1424 fieri
515 1395 649 1425 dicitur.
673 1395 769 1426 Brut.
794 1397 826 1426 2.

86 1440 254 1469 theatrum
284 1438 423 1477 ingenii.
450 1438 522 1468 Att.
551 1440 620 1469 xiii.
649 1441 702 1469 20.
736 1440 827 1469 thea-

84 1486 181 1512 trum
190 1490 270 1512 sane
282 1481 407 1512 bellum
423 1481 583 1512 habuisti.
606 1482 721 1513 Rabir.
739 1482 827 1512 Post.

90 1528 141 1556 15.
173 1525 354 1562 majoribus
378 1526 514 1555 theatris
530 1526 707 1565 propositae
723 1526 828 1556 virtu-

85 1572 150 1600 tes.
174 1568 215 1599 ad
228 1568 302 1599 Div.
318 1568 387 1599 xiii.
400 1569 454 1599 64.
479 1570 647 1599 theatrum
664 1579 826 1608 magnum

84 1612 189 1644 habet
214 1612 280 1642 ista
310 1613 490 1652 provincia.
521 1613 563 1643 ad
591 1613 667 1644 Div.
693 1614 749 1643 xii.
775 1615 827 1648 99.

83 1655 297 1687 familiaritas
336 1665 458 1695 magno
495 1657 624 1687 theatro
665 1661 828 1696 spectata.

85 1696 180 1730 verr.
194 1709 223 1729 v.
240 1702 289 1730 14.
314 1705 352 1729 ut
367 1709 420 1729 me
432 1705 705 1739 quaesturamque
719 1710 828 1731 meam

87 1744 183 1783 quasi
205 1743 242 1773 in
259 1743 370 1782 aliquo
392 1744 480 1774 orbis
503 1747 601 1774 terrae
618 1745 743 1774 tloeatro
760 1754 830 1774 ver-

81 1787 152 1818 nari
169 1786 409 1817 existimarem.
540 1789 547 1793 '

135 1830 277 1867 Thensa,
289 1838 341 1861 est
352 1830 557 1868 vehiculum,
569 1841 636 1870 quo
651 1830 832 1862 simulacra

89 1874 241 1906 Deorum
265 1875 299 1904 in
323 1884 446 1915 pompa
472 1874 621 1905 Circensi
648 1876 831 1913 vehuntur,

89 1917 181 1949 unde
208 1918 329 1948 thensoe
354 1918 444 1958 apud
467 1919 666 1949 Suetonium
693 1923 728 1948 et
750 1918 831 1949 alios

88 1961 236 2001 insignia
247 1961 442 1992 divinitatis.
460 1962 553 1992 verr.
566 1963 587 1992 i.
600 1965 652 1997 59.
675 1962 729 1992 via
741 1964 832 1993 then-

90 2015 210 2036 sarum
232 2009 267 2035 et
291 2014 432 2045 pompae.
463 2005 506 2035 cf.
530 2005 572 2036 ib.
597 2006 644 2036 iii.
668 2009 699 2037 3.
731 2016 761 2036 v.
779 2008 832 2040 7⁶3.

91 2049 174 2080 Har.
197 2048 236 2080 R.
260 2052 308 2079 lo.
325 2058 355 2078 v.
372 2049 494 2079 Seheff.
505 2048 546 2079 de
562 2049 610 2080 Re
621 2049 704 2079 Veh.
721 2049 756 2080 ii.
777 2052 831 2080 24.

136 2092 325 2131 Tloeotogus.
351 2092 430 2123 Nat.
448 2093 490 2123 D.
505 2093 551 2122 iii.
564 2095 616 2123 21.
642 2093 665 2123 ii
678 2094 734 2132 qui
746 2095 832 2124 theo-

84 2137 163 2175 logi
189 2137 421 2166 nominantur.
447 2145 568 2176 nempe
592 2137 726 2175 theologi
751 2137 832 2168 dicti

86 2185 175 2210 ¹nunt
190 2189 212 2209 a
225 2179 349 2210 Graecis
374 2179 454 2210 olim
479 2180 617 2220 mythici
641 2186 676 2210 et
692 2180 832 2220 physici,

71 2217 75 2222 ’
90 2224 149 2262 qui
165 2223 206 2253 de
223 2222 428 2263 genealog-iis
452 2223 600 2254 Deorum
617 2224 833 2263 scripserant,

89 2267 284 2307 primusque
308 2266 371 2296 hoe
395 2267 530 2297 nomine
547 2266 734 2307 appellatus
751 2267 834 2297 Phe·

88 2310 226 2350 recydes
249 2311 376 2350 Syrius,
393 2311 419 2341 is
443 2311 498 2350 qui
524 2310 698 2351 phthiriasi
722 2312 833 2352 periit.

91 2352 180 2385 Nam
198 2360 234 2384 et
251 2353 378 2394 physici
393 2354 432 2384 de
449 2355 523 2385 Diis
539 2355 694 2393 agebant.

138 2397 261 2428 rhesis.
292 2398 350 2428 Or.
385 2401 433 2429 14.
472 2398 552 2438 quid
582 2399 649 2428 sit?
686 2397 729 2429 cf.
760 2396 834 2429 Iud.

94 2440 202 2472 (ἐι-ωε.

138 2484 342 2515 Threcidica.
375 2484 458 2515 Phil.
487 2484 542 2515 vii.
566 2485 598 2516 6.
630 2488 711 2516 sunt
741 2494 836 2516 arma

90 2528 334 2568 gladiatoribus
344 2528 530 2559 Thracibus
542 2529 681 2564 usitata,
691 2529 747 2568 qui
757 2529 835 2559 inde

91 2571 238 2603 Threces
250 2572 516 2612 appellabantur.
531 2572 709 2603 threcidica
719 2582 837 2612 parma

92 2614 200 2654 qualis
237 2616 354 2653 fuerit,
392 2615 505 2655 colligi
543 2618 655 2656 potest
690 2625 709 2645 e
748 2615 835 2646 Plin.

94 2658 209 2688 xxxiii.
225 2662 257 2693 9.

142 2701 263 2733 Τὴν-επ.
294 2702 445 2733 Provinc.
468 2702 567 2733 Cons.
582 2705 614 2733 4.
647 2711 751 2742 genus
767 2701 837 2742 gla-

94 2744 245 2782 diatoris,
264 2745 393 2776 dictum
418 2746 458 2776 ab
483 2747 584 2777 armis
607 2746 778 2782 thracia-is,
797 2746 836 2776 de

93 2788 216 2828 quibus
238 2789 352 2819 statim
376 2789 517 2821 dictum.
534 2800 565 2820 v.
581 2790 621 2820 de
636 2790 700 2820 hoc
717 2799 838 2829 genere

93 2830 186 2871 Lips.
202 2832 371 2863 saturnal.
388 2833 423 2864 ii.
439 2837 471 2868 9.

141 2873 281 2909 Tibicen.
309 2875 445 2910 Muren.
475 2878 525 2910 12.
556 2876 638 2918 quid
663 2875 743 2910 huic
765 2882 840 2910 tam

1515 80 1600 128 457

856 176 1040 214 loquaciter
1050 177 1195 216 litigioso
1206 177 1420 219 responderet
1432 177 1501 216 illc,
1509 179 1600 211 unde

859 221 1049 258 petebatur,
1076 231 1140 250 non
1170 222 1319 253 habebat.
1344 223 1480 253 Transit
1509 225 1598 255 idem

857 261 964 292 actu<
990 265 1126 292 tibicinis
1150 264 1242 294 latini
1269 266 1379 303 modo,
1404 268 1463 296 ἃς.
1482 276 1601 298 sensus

858 312 927 335 est:
951 306 1058 336 actus
1082 316 1251 346 componi-‚t
1274 320 1339 339 non
1358 310 1456 340 modo
1473 310 1599 341 formu-

860 349 939 385 lam,
964 359 1029 389 qua
1054 351 1175 389 petitor
1201 359 1328 387 utatur,
1349 354 1405 383 scd
1428 354 1530 383 etiam
1554 355 1600 392 ei,

860 403 879 422 a
895 403 960 432 quo
984 394 1122 433 petitur.
1147 394 1247 423 simili
1273 405 1369 425 sensu
1394 397 1509 426 eti-lein
1534 398 1600 428 for-

861 436 954 466 mula
978 446 1056 467 usus
1079 443 1140 466 est.
1165 439 1308 476 Quintil.
1330 438 1440 469 lustit.
1464 441 1521 470 Or.
1546 441 1601 472 vii.

866 483 891 510 l.
918 480 958 510 de
976 490 1014 510 eo
1029 481 1085 519 qui
1104 482 1255 520 petitoris
1272 490 1305 511 et
1323 481 1503 514 defensoris
1521 493 1600 515 cau-

861 533 931 553 sam
956 525 1039 563 agit,
1057 528 1114 554 aut
1137 524 1256 554 saltem
1276 534 1332 564 pro
1349 529 1489 564 utraque
1506 533 1601 566 parte

862 568 1073 607 probationes
1087 568 1227 598 invenit.
1259 567 1355 599 Unde
1368 574 1482 599 autem
1500 570 1607 601 ducta

862 612 904 640 sit
921 611 991 641 haec
1015 610 1172 647 formula,
1190 621 1256 641 non
1273 613 1429 642 convenit
1447 613 1535 642 inter
1551 614 1602 643 in-

862 660 1036 694 terpretes.
1061 655 1284 690 Camerarius.
1308 655 1450 695 Sylvius,
1472 654 1605 686 Turne·

864 698 937 735 bus,
955 698 1077 737 aliique
1099 699 1237 738 capiunt
1261 699 1301 728 de
1325 699 1474 736 tibicine,
1492 700 1547 739 qui
1567 700 1603 730 in

862 740 1033 771 sacrificiis
1042 742 1244 782 praecinebat
1262 745 1383 782 (neque
1395 743 1485 772 enim
1494 742 1604 774 ullum

863 785 1063 815 sacrificium
1091 786 1162 815 sine
1189 786 1339 816 tibicine.
1368 795 1400 816 v.
1424 786 1524 817 Dom.
1548 790 1603 821 47.

865 827 934 857 Liv.
959 828 1003 858 ix.
1022 829 1088 865 30.)
1116 839 1260 868 eumque
1283 833 1406 869 putant
1427 839 1447 860 a
1461 830 1604 861 sinistri·

862 871 953 902 tibiis
981 871 1022 901 ad
1049 871 1180 903 dextras
1211 874 1394 904 transiisse.
1425 873 1490 904 Sed
1514 877 1606 905 reeb

865 916 998 945 monuit
1013 916 1175 953 Graevius,
1192 915 1231 945 de
1248 916 1309 946 hoc
1325 926 1418 947 more
1436 927 1605 957 nusquam

865 958 992 998 aliquid
1008 959 1085 998 legi.
1111 959 1220 989 Immo
1231 969 1308 989 vero
1322 970 1361 990 ex
1373 962 1605 993 monumentis

864 1003 994 1042 priscis,
1018 1003 1054 1032 in
1077 1003 1196 1042 quibus
1220 1004 1382 1034 sacrificia
1403 1003 1608 1035 exhibentur

865 1055 942 1076 cum
965 1047 1116 1084 tibicine,
1133 1047 1295 1085 cernitur,
1314 1048 1349 1077 in
1373 1047 1544 1078 sacrificiis
1563 1049 1608 1079 ti-

865 1089 1009 1119 bicinem
1040 1100 1143 1120 unam
1170 1094 1304 1120 tantum
1331 1091 1450 1121 tibiam
1478 1092 1608 1123 inflare.

863 1133 1041 1164 Transitus
1071 1133 1218 1163 tibicinis
1247 1144 1267 1163 a
1291 1134 1416 1164 dextris
1444 1135 1536 1165 tibiis
1564 1135 1609 1166 ad

864 1177 1016 1207 sinistras
1038 1187 1136 1217 porro
1155 1177 1207 1215 fit,
1227 1181 1265 1207 ut
1279 1187 1298 1207 a
1313 1187 1394 1208 sono
1408 1179 1549 1218 graviori
1564 1179 1609 1210 ad

866 1221 1050 1250 acutiorem
1079 1226 1199 1251 cantus
1224 1221 1442 1252 traducatur:
1473 1221 1609 1254 dextra-

865 1273 941 1294 rum
966 1264 1056 1294 enim
1079 1265 1240 1295 tibiarum
1258 1265 1379 1304 gravis,
1394 1265 1610 1298 sinistrarum

867 1314 986 1338 acutus
1010 1312 1062 1338 est
1084 1317 1209 1347 sonus;
1238 1315 1278 1339 ut
1297 1309 1446 1339 ostendit
1467 1309 1609 1340 Salmas.

867 1351 909 1380 ad
932 1351 1063 1392 Vopise.
1087 1351 1199 1382 Carin.
1224 1362 1252 1383 c.
1274 1355 1322 1387 19.
1353 1362 1386 1393 p.
1409 1353 1484 1384 826.
1516 1357 1551 1383 et
1567 1353 1612 1384 ad

868 1394 971 1425 Solin.
994 1405 1027 1435 p.
1045 1398 1096 1426 84.
1121 1405 1191 1435 sqq.
1216 1396 1273 1426 ubi
1289 1403 1445 1427 accurate
1462 1397 1502 1426 de
1517 1397 1612 1428 tibiis

868 1438 992 1468 dextris
1015 1442 1050 1469 et
1076 1439 1231 1477 sinistris,
1256 1440 1390 1480 paribus
1416 1446 1451 1470 et
1473 1440 1613 1481 impari-

868 1482 929 1512 bus
953 1483 1032 1521 egit.
1057 1482 1107 1512 Ea
1129 1483 1319 1513 mutatione
1341 1483 1414 1514 soni
1434 1484 1470 1514 in
1486 1484 1614 1514 sacrifi-

869 1526 928 1556 ciis
945 1534 1013 1555 non
1029 1530 1080 1556 est
1096 1535 1193 1566 opus,
1210 1527 1266 1556 ubi
1279 1527 1460 1558 maximam
1479 1532 1612 1568 partem

869 1576 1048 1609 propterea
1071 1569 1250 1600 adhibetur
1271 1571 1410 1608 tibicen,
1430 1575 1471 1601 ut
1493 1572 1529 1601 in
1552 1581 1614 1602 au-

869 1622 940 1643 rem
965 1613 1185 1644 sacrificantis
1208 1618 1322 1651 canat,
1338 1623 1380 1644 ne
1402 1614 1483 1653 quid
1497 1614 1614 1646 audire

869 1657 988 1696 possit,
1001 1656 1090 1696 quod
1101 1666 1195 1687 sacra
1205 1658 1329 1688 turbet.
1345 1657 1410 1688 vid.
1425 1657 1614 1698 spondalia.

870 1700 976 1731 Tibiae
999 1710 1096 1740 porro
1119 1701 1153 1730 in
1169 1701 1271 1731 sacris
1287 1701 1448 1732 dicuntur
1463 1711 1615 1741 praeeen-

872 1744 980 1782 toriae,
1003 1744 1193 1775 incentivae.
1222 1745 1326 1775 Solin.
1361 1748 1410 1776 ll.
1445 1745 1504 1776 Eae
1533 1750 1617 1777 sunt

873 1787 1012 1826 dextrae,
1030 1793 1069 1818 ut
1092 1787 1134 1818 ad
1156 1798 1233 1818 euin
1250 1787 1361 1819 locum
1379 1789 1528 1820 ostendit
1542 1788 1616 1820 Sal·

873 1832 1011 1869 masius,
1028 1836 1063 1862 et
1085 1831 1127 1862 ad
1149 1831 1330 1872 Vopiscum
1350 1832 1372 1862 l.
1389 1842 1419 1862 c.
1434 1842 1466 1873 p.
1483 1835 1558 1868 827.
1583 1843 1615 1865 a.

871 1874 986 1906 Nullae
1010 1875 1115 1914 igitur
1141 1875 1177 1906 in
1205 1876 1306 1906 saeris
1336 1876 1480 1906 sinistrae
1506 1877 1615 1916 tibioe,

874 1918 987 1949 nullus
1011 1929 1031 1948 a
1053 1919 1178 1949 dextris
1201 1919 1242 1949 ad
1267 1920 1417 1950 sinistras
1439 1921 1616 1951 transitus.

873 1961 1042 1993 Fen-atius
1060 1963 1094 1993 in
1112 1963 1219 2003 Epist.
1236 1963 1270 1992 in
1286 1964 1344 1994 Or.
1369 1963 1474 1994 Cicer.
1490 1974 1523 2004 p.
1538 1965 1616 1996 439..

874 2009 986 2046 putat,
1003 2005 1105 2037 alludi
1129 2006 1170 2037 ad
1193 2007 1356 2038 sacrificia
1377 2007 1412 2037 in
1428 2012 1545 2038 monte
1559 2007 1618 2038 Al-

876 2050 975 2087 bano,
991 2050 1062 2087 ubi,
1078 2050 1236 2080 credibile
1258 2051 1315 2088 sit,
1330 2060 1438 2081 unum
1453 2050 1617 2082 eundem-

875 2102 940 2132 que
948 2093 1122 2124 tibicinem
1132 2094 1170 2124 in
1183 2094 1338 2124 omnibus
1347 2094 1518 2125 sacrificiis
1530 2104 1617 2135 prae-

875 2137 1032 2174 cinuisse,
1044 2142 1080 2167 et
1092 2138 1132 2168 ab
1145 2147 1212 2168 uno
1229 2137 1269 2167 ad
1286 2137 1430 2168 alterum
1445 2139 1618 2169 transisse.

875 2180 940 2211 Sed
952 2191 992 2211 ea
1002 2190 1096 2211 mera
1110 2185 1146 2211 et
1161 2181 1330 2211 levissima
1345 2180 1541 2220 conjectura
1554 2185 1620 2217 est.

876 2223 950 2255 Nisi
962 2225 1066 2263 igitur
1077 2235 1154 2255 cum
1169 2224 1326 2255 Manutio
1339 2224 1480 2255 velimus
1491 2225 1618 2263 dicere,

875 2267 1036 2306 ignorari,
1052 2268 1140 2298 unde
1164 2268 1236 2298 haec
1260 2268 1392 2299 dicendi
1412 2269 1498 2299 ratio
1514 2269 1620 2300 ducta

876 2312 931 2349 sit,
948 2311 1119 2352 probanda
1141 2313 1205 2342 erit
1221 2321 1299 2342 cum
1318 2311 1389 2342 Cel.
1413 2312 1561 2343 Gesnero
1576 2313 1620 2344 ad

876 2354 1022 2394 Quintil.
1034 2354 1054 2385 l.
1070 2365 1099 2385 c.
1117 2355 1201 2393 (Cel.
1212 2356 1426 2386 Burmannus
1435 2356 1618 2388 enimibid.

877 2399 989 2438 posuit
1013 2406 1164 2436 tantum,
1180 2399 1258 2438 quid
1275 2399 1316 2428 de
1331 2409 1371 2429 ea
1395 2400 1534 2437 sentiat,
1550 2409 1619 2431 non

877 2442 974 2480 dixit)
1004 2442 1098 2472 valde
1118 2442 1313 2472 verosimiiis
1333 2442 1454 2474 Graevii
1474 2443 1527 2474 τοῦ
1542 2443 1621 2474 rein

877 2486 1060 2522 sententia,
1083 2486 1140 2525 qui
1170 2485 1306 2516 ductam
1332 2486 1420 2517 hanc
1453 2488 1621 2518 rationem

877 2538 895 2558 e
911 2538 1013 2559 scena
1027 2530 1123 2568 dicit,
1139 2530 1173 2560 in
1190 2540 1256 2569 qua
1270 2529 1396 2560 tibicen
1415 2529 1621 2562 histrionum

878 2573 1047 2603 actionem
1098 2573 1346 2611 moderabatur,
1383 2573 1547 2614 adeoque,
1579 2579 1623 2606 ut

877 2615 983 2646 JCtus
999 2617 1039 2646 ab
1055 2617 1199 2657 petitore
1215 2616 1255 2647 ad
1272 2627 1364 2655 eum,
1381 2617 1470 2648 unde
1487 2619 1623 2658 peteba-

877 2664 947 2697 tur,
964 2660 1011 2690 sie
1026 2660 1067 2690 ab
1092 2669 1159 2690 uno
1183 2660 1345 2691 histrione
1369 2662 1410 2692 ad
1424 2662 1568 2693 alterum
1584 2671 1621 2693 se

880 2704 1110 2741 convertebat,
1141 2707 1175 2734 et
1202 2713 1477 2746 titiumquemque
1515 2710 1621 2736 cantu

879 2746 971 2776 tibiae
995 2747 1146 2786 juvabat.
1177 2747 1242 2778 vid.
1268 2748 1341 2780 Liv.
1367 2749 1424 2780 vii.
1449 2751 1481 2781 2.
1514 2753 1551 2781 et
1575 2749 1621 2780 ibi

880 2789 1026 2821 Gronov.
1044 2790 1183 2821 Salmas.
1199 2790 1234 2821 ll.
1249 2801 1299 2823 cc.

926 2832 1054 2871 Pinnio,
1069 2833 1160 2864 solvo
1175 2835 1365 2874 pecuniam.
1394 2835 1467 2870 Att.
1481 2836 1552 2869 xiv.
1567 2836 1622 2870 st.

880 2878 910 2912 ni
925 2877 1008 2919 quid
1022 2877 1200 2912 Dolabella
1213 2880 1348 2912 tinniat.
