1800 3131
177 105 257 148 136

181 202 238 244 qui
255 201 378 242 Ephesi
392 202 487 240 vixit,
504 202 544 232 ab
560 200 747 233 Hannibale
770 202 905 233 auditur

181 250 216 276 ct
239 245 376 276 ridetur.
392 256 420 275 c.
440 248 488 279 19.
506 245 719 276 Phormiones
739 246 905 283 dicuntur,

178 290 236 329 qui
250 290 289 320 de
305 300 338 320 re
348 290 555 330 111⁴(ecipiunt,
570 292 601 319 et
623 289 792 327 disserunt,
808 299 905 329 quum

181 342 244 362 mm
258 333 456 372 intelligunt.

227 376 397 414 Plan-onis,
424 376 504 409 Nat.
531 376 574 407 D.
602 376 648 409 iii.
674 378 727 407 22.
757 375 906 406 Valentis

182 429 278 457 uxor,
295 419 453 450 Mercurii
470 420 640 459 cujusdam
660 424 778 449 mater.

226 462 350 494 Pictor.
375 464 432 494 Or.
449 465 482 494 ii.
503 466 550 494 12.
575 474 604 493 ν.
622 463 740 495 Fabius
757 463 880 493 Pictor.

226 506 376 538 Pierides
397 512 428 537 et
456 508 590 543 Pieria',
608 506 688 538 Nat.
715 506 758 537 D.
785 506 831 536 iii.
855 507 907 537 21.

182 550 289 582 Musae
306 561 346 580 ex
361 551 507 590 Antiopa
522 557 556 580 et
573 550 678 579 Piero.

227 594 371 631 Pierius,
388 604 414 623 s.
440 594 571 629 Purus,
592 593 671 623 ibid.
696 598 791 632 pater
807 591 908 621 Pieri-

182 637 264 668 dum
282 648 400 667 noveni
417 647 456 667 ex
474 637 629 676 Antiopa.

225 680 353 718 Pietas,
371 681 446 711 Div.
463 681 484 709 i.
501 683 554 710 43.
578 679 648 718 ejus
665 677 751 708 aedes
767 677 894 708 Romae.

226 724 332 760 Pilia,
351 724 421 753 Att.
437 724 480 753 iv.
495 727 527 753 4.
545 724 605 752 ἃς.
638 732 720 751 uxor
735 721 851 751 Attici.

226 766 276 797 M.
293 768 415 803 Pilius,
431 766 503 797 Att.
519 766 590 796 xiii.
607 769 660 796 31.
691 765 733 794 ad
748 765 824 795 Div.
839 765 909 795 viii.

184 814 214 843 8.
247 809 450 841 necessarius
465 809 583 846 Attici,
599 809 648 839 M.
671 808 846 838 Servilium
869 809 909 838 de

183 853 375 895 repetundis
392 863 486 883 reum
501 853 594 883 facit.

226 899 269 938 Q.
303 897 423 935 Pilius,
446 897 518 928 Att.
549 897 591 926 iv.
625 899 674 929 17.
706 895 909 926 necessarius

183 941 300 974 Attici.

228 985 336 1021 Palus,
350 983 391 1014 ad
405 983 550 1014 Brutum
567 991 619 1022 ep.
636 985 666 1014 7.
685 982 781 1012 affert
796 981 910 1012 literas

181 1029 282 1060 Bruti
299 1029 334 1058 in
349 1032 517 1057 senatum.

227 1072 362 1103 Pin-arii
384 1070 511 1108 Nattae,
528 1069 605 1100 Div.
632 1069 667 1099 ii.
691 1071 743 1104 21.
771 1068 908 1100 nobiles.

181 1126 213 1146 v.
232 1115 273 1145 L.
294 1116 415 1146 Natta.

228 1159 268 1190 T.
293 1158 468 1195 Pinarius,
493 1156 535 1186 ad
557 1156 633 1187 Div.
661 1156 717 1186 xii.
749 1158 802 1187 24.
837 1156 909 1187 Att.

184 1203 228 1233 vi.
248 1207 276 1234 l.
306 1203 375 1232 viii.
394 1204 444 1232 15.
474 1201 600 1231 amicus
619 1199 800 1231 Ciceronis,

225 1247 276 1278 M.
294 1245 469 1282 Pinarius,
484 1254 514 1273 v.
531 1243 652 1274 Rusca.

226 1289 414 1327 Pindarus,
437 1291 548 1329 poeta,
571 1288 628 1318 Or.
656 1290 682 1317 1.
707 1286 777 1317 Fin.
799 1287 834 1317 ii.
857 1289 910 1318 34.

185 1333 246 1364 διο.
344 1358 347 1359 .

226 1376 412 1413 Pindarus,
439 1374 481 1405 ad
505 1374 575 1405 Att.
602 1373 667 1404 xvi.
696 1377 724 1404 1.
756 1372 912 1404 decuma-

185 1430 259 1452 nus.

228 1464 266 1495 Τ.
286 1464 444 1499 Pinnius,
461 1461 503 1491 ad
518 1461 594 1492 Div.
612 1461 681 1491 xiii.
697 1462 749 1492 61.
781 1460 913 1491 Cicero-

181 1517 262 1538 nem
278 1506 435 1537 heredem
451 1505 637 1536 seeundum
653 1509 687 1535 et
698 1509 848 1535 tutorem
858 1505 912 1535 in-

183 1551 307 1582 stituit.

227 1595 352 1635 Pappa,
374 1593 469 1624 Verr.
492 1593 539 1623 iii.
564 1595 616 1623 33.
649 1591 853 1622 AEschrionis
876 1602 913 1622 u-

182 1648 254 1670 xor.

229 1682 440 1717 Pisistratus,
464 1683 638 1718 tyrannus,
666 1679 760 1709 Orat.
789 1679 835 1709 iii.
859 1682 912 1710 33.

182 1725 283 1756 homo
309 1724 426 1753 doetus
451 1730 485 1752 et
508 1723 677 1762 eloquens,
695 1723 820 1762 primus
845 1722 913 1752 Ho-

183 1769 267 1799 meri
284 1768 382 1798 libros
399 1767 445 1796 sic
463 1767 637 1807 disposuit,
652 1772 693 1796 ut
709 1775 798 1796 nunc
814 1765 913 1796 habe-

182 1822 270 1842 mus.
313 1811 590 1841 Commemoratur
624 1811 725 1840 eliam
755 1809 850 1839 Brut.
883 1814 913 1844 7.

181 1855 315 1885 Senect.
343 1856 395 1885 ΞΟ.
418 1854 490 1884 Att.
516 1854 585 1884 viii.
614 1854 664 1884 16.
689 1854 770 1884 Nat.
796 1853 839 1883 D.
866 1854 912 1883 iii.

227 1941 321 1979 Piso,
334 1941 405 1972 Att.
421 1941 478 1971 xii.
493 1943 524 1972 Q.
555 1940 775 1980 argentarius.

230 1985 268 2016 C.
294 1985 493 2025 Calpurnius
522 1984 613 2022 Piso,
641 1984 764 2014 Caecin.
799 1985 848 2016 12.
880 1994 914 2014 a-

185 2033 259 2060 ctor
273 2029 401 2059 AEbutii
418 2033 535 2058 contra
552 2028 732 2058 Caecinam.
756 2027 826 2058 Att.
844 2028 866 2058 i.
887 2031 913 2058 l.

184 2073 340 2103 Procons.
364 2071 492 2102 Galliae.
515 2071 595 2102 ibid.
611 2072 633 2102 i.
653 2075 703 2102 13.
723 2074 771 2102 14.
799 2072 914 2112 pacifi-

186 2121 280 2146 cator
295 2115 521 2155 Ailobrogum.
535 2115 642 2145 Flacc.
654 2118 706 2148 39.
724 2125 744 2145 a
755 2115 913 2145 Cicerone

186 2159 388 2190 defenditur.
411 2159 508 2190 Brut.
534 2160 586 2190 68.
609 2159 768 2195 statarius
792 2163 826 2189 et
847 2168 914 2189 ser-

186 2203 296 2234 monis
322 2203 439 2243 plcnus
461 2207 583 2233 orator.
612 2202 725 2233 Consul
738 2201 818 2242 fuit
839 2212 914 2232 cum

186 2245 233 2277 M
236 2247 243 2259 ¹
275 2246 446 2277 Glabrione
469 2256 502 2276 a.
524 2254 704 2277 Dctxxxw.
731 2246 847 2277 Nescio
869 2256 914 2276 an

186 2290 239 2320 Ιιὶι·
269 2295 313 2320 est
343 2291 466 2320 arbiter
491 2290 526 2320 in
552 2299 652 2320 causa
675 2289 717 2330 Ω.
742 2289 853 2320 Roscii
879 2294 914 2320 et

186 2333 320 2369 Fannii,
335 2334 376 2373 Q.
391 2334 486 2363 Rosc.
503 2337 534 2364 3.

237 2377 270 2407 C.
287 2377 378 2414 Piso,
396 2377 430 2406 in
448 2378 555 2407 Pison.
576 2380 603 2407 l.
619 2376 662 2407 ad
676 2377 770 2416 Quir.
787 2387 818 2416 p.
831 2376 913 2407 Red.

187 2423 219 2451 3.
232 2421 266 2450 iu
276 2420 387 2450 Senat.
404 2424 452 2451 15.
466 2421 757 2460 generCiceronis,
770 2421 867 2450 Ponti
881 2425 915 2451 et

185 2463 352 2504 Bithyniae
376 2469 577 2503 quaesturam
600 2474 660 2504 pro
681 2464 786 2494 soceri
807 2464 915 2495 salute

186 2507 338 2546 negligit.
353 2507 448 2538 Brut.
465 2511 516 2542 78.
534 2508 831 2547 ingeniosissimus,
843 2518 916 2538 ora-

186 2555 240 2580 tor
254 2551 378 2581 bonus:
405 2551 476 2581 aliae
493 2553 563 2591 ejus
581 2551 705 2581 laudes.

237 2594 293 2625 Cn.
322 2594 413 2631 Piso,
438 2594 519 2624 Snll.
547 2597 599 2625 ⁴24.
633 2596 766 2626 Muren.
793 2598 845 2627 38.
880 2596 915 2626 in

187 2638 271 2677 Tog.
303 2638 407 2668 Cand.
439 2638 591 2668 Catilinae
622 2639 743 2676 socius,
771 2649 915 2678 quocum

187 2681 314 2711 eaedem
330 2682 544 2721 optimatium
559 2681 668 2712 facere
682 2682 797 2713 voluit.

235 2725 277 2755 L.
294 2725 383 2762 Piso,
400 2727 456 2764 qui
471 2726 604 2765 primus
622 2726 720 2765 Frugi
739 2727 844 2757 dictus
857 2731 912 2756 est.

187 2767 285 2798 Brut.
295 2770 348 2801 27.
362 2768 455 2799 Verr.
472 2769 517 2798 iii.
533 2771 583 2799 84.
599 2769 661 2799 Off.
675 2770 707 2800 ii.
719 2772 770 2800 ⁶21.
787 2771 914 2810 primus

189 2811 299 2850 legem
312 2811 351 2841 de
364 2812 557 2852 repetundis
573 2813 666 2850 tulit,
681 2813 861 2844 Censorino
879 2819 915 2844 et

188 2855 330 2885 Manilio
347 2855 559 2892 Consulibus,
575 2866 606 2885 a.
623 2865 714 2886 θεῖν.
731 2857 914 2888 multarum

187 2897 302 2938 legum
317 2904 433 2933 auctor
449 2904 483 2931 et
504 2899 679 2931 dissuasor.
702 2899 797 2932 Font.
822 2904 872 2933 13.
894 2910 916 2932 a

696 111 843 140 INDEX
872 111 1151 142 msromcns.

949 203 987 233 C.
1003 203 1152 233 Graccho
1169 202 1276 233 multa
1291 200 1404 242 turpia
1424 200 1458 231 in
1480 211 1557 234 cum
1573 201 1676 237 dicta.

946 246 1043 277 Brut.
1059 249 1112 281 527.
1136 248 1193 277 Or.
1210 247 1243 276 ii.
1264 248 1312 276 12.
1336 244 1481 275 Annales
1495 246 1628 286 scripsit
1638 250 1675 276 et

947 290 1122 320 orationes.
1140 290 1180 320 ad
1196 291 1272 321 Div.
1290 290 1332 319 ix.
1346 291 1398 320 εἶ’-2.
1421 298 1461 318 ex
1477 289 1547 327 ejus
1562 289 1675 319 Anna-

946 332 1033 362 libus
1052 334 1225 363 laudatur:
1246 334 1324 373 peni
1347 332 1464 362 deditas
1485 341 1559 363 ease.
1594 332 1674 363 Con-

946 375 1080 414 sulsuit
1095 387 1179 407 anno
1194 386 1294 407 Dcxx.

993 419 1034 449 L.
1052 419 1142 457 Piso,
1160 420 1195 451 L.
1221 421 1266 449 sil.
1282 420 1373 450 Verr.
1399 420 1440 449 iv.
1466 420 1518 449 ⁶25.
1550 418 1676 448 Praetor

948 462 983 491 in
999 462 1162 501 Hispania
1175 463 1496 499 continentissimus,
1513 462 1557 492 ibi
1573 462 1678 492 inter-

949 505 1071 535 ficitur.

995 549 1036 578 L.
1061 548 1151 585 Piso,
1178 548 1270 580 Verr.
1296 549 1337 579 iv.
1365 551 1416 580 25.
1447 550 1486 580 L.
1512 549 1545 579 F.
1569 548 1607 579 L.
1631 546 1676 577 N.

950 596 1073 630 praetor
1086 591 1162 622 fuit.
1177 597 1208 622 el
1222 593 1351 632 quidem
1363 593 1456 623 verr.
1474 594 1494 623 i.
1511 593 1563 623 46.
1597 600 1676 622 cum

949 634 1062 665 Verre.
1083 635 1117 665 in
1135 635 1308 667 Caeci1.⁶.⁷o.
1334 636 1368 665 P.
1378 636 1556 667 Gabinium
1573 635 1613 665 de
1626 644 1678 665 re-

951 678 1106 718 petundis
1123 687 1256 708 accusat
1272 679 1406 709 nomine
1421 679 1566 710 Achaiae.

996 722 1037 752 L.
1069 722 1159 759 Piso,
1186 722 1391 759 (Iaesoninus,
1414 723 1514 753 Doni.
1541 727 1572 758 9.
1602 721 1676 760 lege

953 764 1071 795 Clodia
1086 765 1318 796 Macedoniam
1334 767 1466 805 accipit.
1484 767 1525 796 ad
1540 767 1616 798 Div.
1633 765 1676 796 iv.

951 811 982 839 4.
1007 808 1044 839 C.
1061 809 1198 839 Caesaris
1211 819 1315 846 socer,
1328 810 1533 839 mentionem
1544 809 1625 839 facit
1641 809 1678 839 in

952 853 1077 882 Senatu
1093 852 1132 882 de
1149 853 1195 882 M.
1212 851 1381 883 Marcello.
1396 852 1479 882 Phil.
1491 853 1512 883 i.
1529 855 1559 883 4.
1580 852 1678 882 liber-

952 896 1071 925 rimam
1088 897 1270 926 orationeni
1289 897 1322 925 in
1344 901 1465 926 senatu
1481 900 1599 926 contra
1610 895 1679 925 An-

951 939 1084 969 tonium
1109 939 1221 976 habet,
1238 940 1296 969 sed
1318 950 1396 969 eum
1420 940 1517 980 pauci
1533 948 1678 978 sequun-

951 988 1018 1012 tur.
1035 982 1076 1012 ad
1091 983 1164 1012 Div.
1182 984 1236 1013 xii.
1254 985 1305 1018 ⁴22.
1330 993 1397 1012 non
1414 983 1514 1013 audet
1530 983 1564 1013 in
1577 984 1679 1012 Sena-

951 1030 1027 1054 tum
1051 1026 1161 1055 vcnire
1182 1027 1302 1056 timore
1332 1027 1478 1057 Antonii.
1507 1026 1590 1056 Phil.
1609 1025 1679 1056 viii.

952 1071 1005 1098 ⁴10.
1022 1079 1052 1102 x.
1063 1072 1093 1100 5.
1117 1069 1159 1099 ad
1173 1070 1248 1100 Div.
1261 1070 1356 1100 xii.4.
1372 1070 1501 1108 legatus
1517 1070 1559 1100 ad
1574 1070 1680 1100 Anto-

953 1112 1046 1143 nium
1063 1113 1104 1142 ad
1120 1112 1304 1150 Mutinam,
1321 1114 1481 1152 flagitiose
1497 1114 1587 1144 fecit.
1611 1113 1679 1144 Ηὶσ

953 1160 999 1185 est
1021 1156 1152 1186 Gabinii
1173 1158 1207 1186 in
1224 1159 1392 1187 consulatu
1413 1159 1548 1196 collega,
1565 1158 1603 1187 de
1618 1166 1679 1197 quo

953 1200 1034 1230 disce
1056 1210 1096 1230 ex
1123 1199 1179 1229 Or.
1198 1202 1231 1230 in
1257 1201 1331 1230 Son.
1349 1211 1386 1239 p.
1411 1201 1491 1231 Red.
1515 1205 1546 1235 7.
1564 1205 1595 1231 et
1614 1204 1681 1231 tota

954 1243 1145 1274 Pisoniana.
1161 1254 1191 1272 v.
1208 1248 1242 1273 et
1260 1244 1464 1274 Caesoninus.

995 1287 1044 1317 M.
1062 1286 1151 1325 Piso,
1168 1287 1239 1317 Fin.
1256 1298 1284 1317 v.
1305 1291 1332 1318 l.
1349 1286 1432 1329 ejus,
1447 1289 1502 1328 qui
1517 1288 1677 1328 sequitur,

953 1340 1044 1361 avus.

997 1375 1044 1405 M.
1062 1375 1185 1415 Pupius
1203 1375 1292 1412 Piso,
1310 1375 1566 1416 Calpurnianus,
1578 1374 1680 1404 Dom.

957 1421 1006 1449 13.
1029 1419 1207 1458 adoptatur
1221 1430 1240 1449 a
1255 1420 1302 1450 M.
1327 1419 1443 1460 Pupio.
1465 1418 1559 1449 Verr.
1582 1417 1604 1447 i.
1631 1419 1682 1449 14.

952 1461 1108 1501 Quaestor
1136 1463 1174 1493 L.
1208 1463 1370 1502 Scipionis
1403 1462 1554 1498 Asiatici,
1579 1471 1681 1501 pecu·
1715 1482 1720 1485 ψ

954 1506 1044 1535 niam
1074 1505 1240 1546 publicam
1274 1516 1340 1536 non
1370 1506 1521 1545 attingit,
1545 1504 1633 1544 quod
1663 1514 1683 1534 a

955 1549 1118 1589 Scipionis
1141 1550 1291 1589 partibus
1315 1549 1542 1580 dissentiebat.
1565 1548 1679 1578 Plane.

954 1594 1007 1623 21.
1024 1594 1057 1622 in
1080 1593 1239 1623 aedilitate
1261 1593 1404 1633 petenda
1419 1592 1587 1633 repulsam
1603 1591 1680 1621 fert.

955 1635 1061 1666 Flaec.
1079 1640 1109 1668 3.
1134 1636 1305 1676 Hispaniae
1322 1641 1455 1677 praetor.
1486 1636 1557 1666 Att.
1581 1636 1602 1666 i.
1630 1637 1680 1665 13.

955 1680 1080 1710 amicus
1106 1680 1213 1710 Clodii
1235 1690 1370 1720 operam
1394 1680 1463 1717 dat,
1480 1683 1519 1710 ut
1540 1678 1682 1718 Rogatio

955 1722 995 1752 de
1016 1724 1116 1753 saeris
1138 1724 1281 1760 violatis,
1298 1724 1502 1763 antiquetur.
1524 1723 1603 1753 ibid.
1630 1723 1681 1753 14.

956 1766 1125 1797 Ciceronis
1148 1777 1248 1809 opera
1269 1768 1394 1807 Syriam
1418 1767 1622 1806 provinciam
1646 1776 1681 1796 a-

955 1811 1076 1848 mittit,
1093 1821 1192 1850 quam
1209 1821 1266 1851 spe
1276 1812 1348 1849 jam
1364 1815 1577 1851 praeceperat.
1594 1810 1680 1841 Phil.

956 1854 1002 1884 iii.
1023 1858 1071 1885 10.
1096 1856 1298 1894 provinciam
1323 1855 1384 1885 sibi
1403 1854 1444 1884 ab
1459 1854 1605 1884 Antonio
1629 1858 1680 1883 at-

954 1898 1117 1928 tributam
1134 1904 1274 1928 recusat.
1290 1899 1347 1928 Or.
1364 1899 1386 1929 i.
1403 1900 1456 1928 22.
1479 1897 1680 1936 eloquentiae

955 1942 1146 1980 studiosus3
1169 1952 1284 1972 secum
1305 1942 1407 1972 habet
1426 1942 1575 1971 Staseam
1592 1941 1683 1971 Peri-

954 1986 1150 2024 pateticum.
1174 1985 1269 2016 Brut.
1291 1986 1342 2016 64.
1364 1986 1416 2018 67.
1435 1984 1540 2023 qualis
1556 1988 1680 2015 orator.

956 2028 1026 2058 Fin.
1043 2030 1084 2058 iv.
1101 2030 1152 2059 ⁶26.
1175 2030 1301 2059 Stoicos
1318 2029 1424 2059 facete
1441 2028 1539 2059 ridet.
1555 2028 1633 2058 ibid.
1649 2037 1680 2059 v.

958 2076 985 2102 1.
1017 2072 1096 2102 Nat.
1118 2073 1161 2103 D.
1185 2073 1207 2103 i.
1232 2076 1262 2107 Τ.
1290 2072 1540 2112 Peripateticus.
1563 2072 1682 2111 Itaque

952 2116 1121 2146 inducitur
1133 2121 1266 2156 utroque
1277 2117 1338 2146 loco
1349 2116 1514 2155 explicans
1521 2114 1681 2145 rationem

955 2159 1212 2200 Peripateticum
1227 2159 1265 2190 de
1275 2169 1400 2190 summo
1415 2160 1487 2189 bono
1497 2163 1528 2189 et
1540 2159 1681 2189 [Vatura

954 2203 1110 2234 Deorum.
1131 2204 1184 2234 De
1199 2204 1304 2234 eodem
1319 2203 1464 2242 intellige
1478 2203 1582 2233 locum
1594 2201 1681 2234 Phil.

954 2247 987 2277 ii.
1005 2249 1056 2278 25.
1088 2246 1232 2287 Cosfuz't
1247 2257 1278 2277 α.
1295 2254 1425 2276 coxon.

998 2291 1210 2326 ΡὶιΙιαναίιιε,
1221 2291 1291 2321 Fat.
1301 2295 1332 2324 9.
1347 2289 1481 2320 Archon
1497 2288 1682 2320 Athenien·

954 2335 1011 2372 sis,
1028 2335 1088 2365 sub
1106 2345 1170 2374 quo
1187 2334 1347 2374 Epicurus
1364 2338 1516 2363 mortuus
1531 2337 1594 2362 est.

999 2378 1164 2417 Pittacus,
1181 2378 1331 2418 Sapiens,
1346 2377 1404 2408 Or.
1419 2377 1467 2407 iii.
1487 2379 1536 2408 15.
1551 2377 1633 2416 Leg.
1645 2376 1680 2408 ii.

1002 2466 1196 2502 Pituanius,
1211 2464 1282 2495 Att.
1298 2465 1339 2494 iv.
1359 2467 1407 2495 15.
1431 2463 1530 2494 homo
1546 2473 1681 2503 pereru-

957 2509 1059 2545 ditus,
1076 2514 1111 2538 et
1133 2508 1254 2539 Graeeis
1276 2507 1381 2538 literis
1397 2507 1542 2544 deditus,
1558 2506 1681 2537 famili—

957 2554 1020 2583 aris
1035 2553 1150 2586 Attici.

1000 2597 1042 2628 L.
1059 2596 1246 2632 Ploetorius‚
1264 2595 1396 2625 Cluent.
1413 2595 1465 2625 60.
1481 2593 1631 2624 Senator.

1000 2641 1049 2670 M.
1068 2639 1255 2676 Ploetorizis,
1272 2639 1319 2669 M.
1336 2639 1373 2669 F.
1395 2638 1572 2674 Cestianus,
1585 2637 1680 2668 Font.

958 2687 987 2715 5.
1012 2683 1059 2714 M.
1090 2683 1264 2713 Fonteium
1291 2686 1437 2712 accusat.
1467 2680 1600 2711 Cluent.
1626 2683 1680 2712 45.

956 2727 1073 2757 AEdilis
1096 2726 1218 2756 curulis
1243 2736 1318 2756 cum
1340 2726 1376 2755 C.
1402 2724 1575 2754 Flaminio.
1598 2724 1680 2755 ibid.

958 2773 1009 2801 53.
1034 2775 1154 2811 praetor
1169 2779 1246 2799 cum
1263 2769 1433 2799 Cicerone.
1456 2767 1510 2798 De
1521 2769 1577 2798 hoe
1586 2766 1682 2807 fiii-te

957 2814 1148 2856 capiendum
1167 2813 1403 2843 Plaetorianum
1419 2811 1612 2842 incendium
1632 2811 1680 2852 (h.

957 2868 982 2888 e.
1007 2856 1184 2894 damnatio)
1204 2856 1246 2886 ad
1267 2856 1338 2886 Att.
1360 2866 1390 2886 ν.
1415 2858 1467 2887 20.
1497 2865 1562 2894 quo
1577 2854 1680 2884 etiam

957 2902 1052 2933 Seius
1075 2901 1247 2932 ambustus
1269 2904 1333 2940 est,
1343 2903 1527 2942 propterea,
1543 2898 1626 2940 quod
1642 2897 1682 2929 de
