1800 3131
152 140 235 195 §ro

154 250 225 285 nul.
249 254 291 285 ad
314 255 460 287 Frontin.
481 257 624 298 Stratag.
646 260 687 290 iv.
704 261 734 291 6.
750 264 781 292 3.
812 261 886 292 Μο-

154 298 230 328 dius
254 299 295 329 ad
316 299 442 330 Justin.
466 302 500 332 ii.
523 305 554 336 7.
585 307 620 333 et
643 303 712 334 Viri
737 304 824 335 docti
845 305 886 335 ad

153 341 272 372 Silium
288 343 355 373 xiii.
373 347 441 375 155.
458 349 491 375 et
504 346 546 376 ad
558 346 696 378 Sueton.
713 347 818 387 Calig.
832 351 885 380 ⁶24.

203 386 372 425 Capitalis,
385 392 436 418 est
452 389 539 428 quod
555 390 597 420 ad
613 397 712 430 caput
725 392 884 431 pertinet,

154 428 189 459 in
218 439 283 469 quo
309 436 412 472 caput
436 433 567 472 agitur3
592 435 680 473 quod
706 435 803 474 quale
829 437 885 473 sit,

154 473 220 503 vid.
237 474 272 503 in
287 480 400 514 caput.
430 476 483 506 Sic
495 477 588 507 Verr.
605 478 636 507 ii.
653 482 705 512 39.
737 479 783 508 rei
798 480 885 518 capi-

153 518 230 547 talis
244 527 330 548 reus.
348 519 391 548 ib.
409 521 461 551 28.
477 529 570 550 reum
588 522 780 560 capitalium
796 532 885 560 quae-

155 560 291 591 stiones.
308 561 420 592 Rabir.
438 563 532 593 Perd.
548 568 579 597 9.
603 564 779 596 admittere
796 564 885 595 frau-

150 603 227 634 dem
253 606 435 644 capitalem.
466 606 574 637 *hinc
602 617 652 637 res
675 607 882 647 periculosae,

147 649 314 688 capitales,
341 649 508 680 dicuntur.
539 651 609 680 Fin.
636 651 678 680 iv.
708 653 754 681 12.
779 651 881 682 hostis

146 693 298 730 capitalis
315 693 373 722 &c.
397 693 509 723 *item
530 694 734 733 perniciosae.
757 694 821 724 Off.
844 695 879 726 ii.

149 736 202 765 21.
219 737 367 775 capitalis
382 737 498 766 oratio.
515 737 533 755 ²*
546 737 696 767 scelerati
713 738 813 767 etiam
831 739 878 768 di-

151 782 275 808 cuntur
289 781 453 819 capitales.
481 781 576 810 Offlc.
594 781 640 810 iii.
657 782 709 811 521.
730 783 880 820 capitalis

150 820 316 859 Eteocles,
330 823 380 852 vel
396 823 507 862 potius
520 824 695 864 Euripides
714 824 773 854 &a
797 824 878 856 *ca-

142 866 264 905 pitales
280 866 420 896 dicimus
438 867 539 897 etiam
556 868 754 907 ingeniosos.
772 868 812 908 Q.
826 870 877 900 Fr.

144 909 180 938 ii.
199 912 245 940 13.
262 909 421 939 Philistus
434 910 569 949 dicitur,
583 911 713 941 Siculus
725 914 878 951 capitalis

143 951 212 989 ille,
237 953 363 990 creber,
386 959 518 992 acutus,
535 955 640 984 brevis
665 955 724 984 &Q
749 955 789 985 de
813 966 879 996 qua

143 996 174 1025 vi
192 995 291 1035 hujus
308 997 397 1026 verbi
414 1008 443 1027 v.
461 998 584 1028 Muret.
596 998 673 1028 var.
690 998 783 1028 Lect.
797 999 831 1029 ii.
845 1004 877 1030 5.

192 1039 304 1079 Capsa.
343 1041 593 1080 receptaculum
632 1041 805 1072 literarum
844 1047 878 1073 et

141 1083 375 1123 scriptionum.
401 1085 435 1114 in
460 1085 572 1115 Caecil.
600 1085 648 1115 16.
673 1086 700 1115 si
724 1089 757 1115 te
774 1087 878 1117 semel

142 1125 184 1155 ad
200 1136 289 1156 meas
306 1137 419 1167 capsas
435 1128 610 1159 admisero.

189 1170 343 1210 (aptatio.
369 1172 486 1202 Partit.
510 1175 562 1205 23.
587 1172 778 1212 disputandi
799 1183 878 1213 pru-

138 1211 286 1244 dentiam
310 1217 526 1254 concertatio,
542 1217 742 1256 captatioque
762 1218 878 1247 verbo-

137 1265 212 1287 rum
237 1258 399 1288 imitatur.

185 1301 306 1341 Captio,
331 1302 512 1342 sophisma,
539 1312 644 1341 genus
669 1303 875 1344 disputandi,

137 1354 202 1383 quo
219 1345 361 1375 alterum
378 1346 575 1385 decipimus,
592 1346 694 1376 fraus.
729 1347 797 1378 Fat.
826 1352 875 1379 13.

136 1397 253 1418 omnes
270 1389 339 1428 ejus
358 1391 487 1428 generis
502 1392 660 1428 captiones
676 1391 791 1421 eodem
804 1402 875 1421 mo-

136 1430 178 1460 do
195 1432 404 1462 refelluntur.
429 1432 500 1462 Pin.
519 1433 552 1463 ii.
569 1434 599 1463 6.
623 1436 782 1474 captiones
794 1435 874 1465 Dia-

134 1472 273 1505 lecticae.
297 1476 398 1507 Acad.
420 1477 460 1506 iv.
490 1479 537 1506 14.
561 1477 602 1507 ab
626 1478 664 1507 iis
689 1488 762 1516 quae
786 1478 875 1509 clara

134 1525 227 1555 sunt,
245 1521 337 1558 quasi
354 1520 529 1560 praestigiis
546 1521 744 1559 quibusdam
768 1526 803 1552 et
817 1532 873 1552 ca-

126 1563 289 1601 ptionibus
330 1563 460 1602 depelli.
499 1563 577 1594 ibid.
621 1567 670 1594 15.
713 1568 873 1605 captiones

132 1604 310 1637 discutere.
341 1607 416 1637 Div.
443 1607 478 1637 ii.
507 1610 556 1641 17.
589 1607 727 1638 induitis
753 1619 809 1638 vos
836 1610 872 1639 in

131 1651 302 1688 capuanae,
334 1660 415 1689 quas
447 1660 620 1689 nunquam
655 1652 872 1691 explicabitis.

131 1692 233 1723 ¹'‘Att.
257 1704 288 1723 x.
316 1697 364 1724 15.
388 1694 491 1724 Servii
514 1694 651 1724 consilio
669 1695 752 1725 nihil
774 1706 873 1736 expe·

130 1735 231 1766 ditur.
248 1746 363 1767 omnes
379 1738 537 1777 captiones
549 1738 583 1767 in
596 1739 688 1768 omni
704 1740 872 1769 sententia

130 1785 325 1817 occurrunt,
356 1781 389 1810 h.
417 1792 445 1811 e.
471 1781 573 1811 Servii
598 1782 772 1812 eonsilium
803 1792 869 1813 non

130 1823 213 1853 mihi
231 1824 407 1854 satisfacit.
431 1824 540 1863 Atque
557 1826 671 1855 omnia
688 1826 769 1857 adeo
792 1836 871 1856 con-

127 1866 202 1897 silia
226 1868 260 1896 in
285 1868 346 1897 hac
374 1878 474 1897 causa
500 1868 691 1906 hujusmodi
714 1873 807 1907 sunt,
831 1874 871 1900 ut

129 1919 200 1940 rem
220 1920 286 1940 non
303 1911 495 1951 expediant,
512 1912 637 1942 nullius
654 1913 784 1943 consilii
802 1914 870 1943 exi-

128 1957 204 1983 tum
231 1955 433 1993 invenimus,
457 1960 497 1984 ut
521 1966 573 1995 ep.
598 1959 706 1986 antec.
731 1956 868 1988 dixerat.

128 1996 217 2027 Nam
249 2008 483 2038 quamcunque
520 2000 737 2037 sententiam,
766 2001 869 2039 quod-

128 2050 261 2079 cunque
287 2041 464 2072 consilium
493 2043 615 2082 capias,
640 2053 771 2083 semper
798 2053 868 2074 ma-

127 2094 195 2123 gna
211 2085 374 2115 dubitatio
397 2085 612 2124 relinquitur,
628 2096 760 2127 semper
783 2088 869 2118 mul-

127 2131 170 2158 tae
188 2129 332 2158 rationes
350 2134 544 2167 occurrunt,
558 2130 677 2168 quibus
690 2130 867 2161 consilium

127 2171 295 2201 delectum
318 2173 507 2212 impugnari
524 2178 647 2212 potest,
664 2183 796 2214 semper
811 2185 867 2214 pe-

127 2215 224 2245 riculi
241 2216 366 2254 aliquid
382 2217 507 2246 subest.
531 2216 613 2247 Haee
630 2222 682 2246 est
697 2216 786 2248 illius
803 2217 866 2248 loci

126 2260 320 2297 sententia3
345 2269 447 2298 quam
476 2269 537 2289 nec
564 2260 736 2290 Manutius
765 2262 866 2301 cepit,

130 2311 191 2331 nec
208 2303 263 2341 qui
282 2302 372 2333 hunc
388 2303 498 2333 locum
516 2304 550 2332 in
568 2303 690 2334 Lexieo
706 2304 799 2335 Fabr.
816 2305 866 2334 in-

124 2349 329 2384 terpretatus
359 2350 432 2385 est3
473 2357 614 2385 quorum
651 2351 791 2387 uterque
826 2348 866 2378 de

127 2388 239 2418 Servio
256 2390 376 2429 accipit
391 2402 400 2428 ς
418 2391 510 2429 quasi
526 2391 569 2427 ei,
580 2394 754 2430 tamquam
766 2391 865 2430 JCto,

125 2441 242 2462 omnes
255 2435 414 2473 captiones
425 2435 459 2463 in
474 2438 621 2464 mentem
635 2436 781 2465 veniant.
804 2436 865 2465 Ce-

125 2481 239 2505 terum
256 2477 461 2506 mentionem
478 2477 554 2507 dCti
575 2477 727 2508 Ciceroni
747 2481 865 2518 captio-

125 2528 207 2550 num
223 2520 358 2549 verbum
376 2521 410 2550 in
428 2521 623 2551 memoriam
639 2522 803 2562 redegisse
816 2522 865 2553 fa-

127 2561 189 2591 cile
214 2564 369 2593 concedo.
394 2574 470 2593 uam
494 2564 571 2594 deti
595 2571 714 2595 cavent
733 2565 863 2596 clienti—

126 2605 201 2642 bus,
220 2616 260 2635 ne
286 2607 327 2636 ab
350 2607 543 2637 adversariis
570 2609 756 2647 capiantur.
777 2619 806 2640 v.
828 2610 862 2640 in

131 2647 227 2688 (Ϊαρὶο
244 2654 277 2678 et
299 2652 525 2690 Captitmeula.
548 2652 566 2670 *Ε
579 2655 617 2680 ut
631 2651 721 2682 fraus
738 2657 788 2682 est
804 2663 862 2693 pgo

126 2691 262 2730 damno,
279 2694 325 2722 sic
341 2695 460 2733 captio:
482 2696 509 2724 si
526 2704 603 2724 vera
617 2695 729 2733 lectio,
743 2696 781 2725 de
798 2707 862 2736 quo

125 2735 281 2766 dubitant
288 2738 436 2775 quidam,
447 2739 501 2776 qui
513 2738 644 2768 malunt
657 2740 779 2769 cautio.
791 2740 861 2770 Ait.

124 2789 154 2808 V.
182 2782 213 2809 4.
241 2781 303 2809 etsi
328 2790 420 2819 paene
447 2782 604 2819 praeterii,
621 2782 771 2813 chartam
799 2784 859 2813 tibi

123 2821 250 2860 deesse,
277 2833 352 2853 mea
377 2826 480 2863 captio
502 2832 573 2860 estg
600 2825 764 2864 siquidem
790 2828 860 2865 ejus

123 2866 237 2905 inopia
253 2867 362 2896 minus
379 2867 486 2896 multa
505 2867 547 2897 ad
567 2878 619 2898 me
639 2869 765 2899 scribis.
802 2870 860 2900 Fa-

123 2908 185 2940 cile
213 2914 351 2949 apparet
376 2920 511 2940 sensum
538 2910 628 2940 hune
656 2922 748 2942 esse:
777 2913 859 2944 mihi

118 2949 243 2991 &audh
253 2953 374 2985 damno
383 2959 446 2991 est,
460 2954 548 2994 quod
558 2955 620 2985 tibi
631 2955 746 2987 charta
755 2956 859 2995 deest,

675 164 821 200 iNnssx
853 157 1149 202 Lavinium-rs.

931 262 1064 301 quando
1080 272 1120 292 ea
1133 271 1183 292 res
1200 272 1239 292 eo
1254 261 1354 299 valet,
1369 264 1408 291 ut
1420 260 1534 292 breves
1549 257 1663 292 literas

930 306 1103 345 accipiam.
1132 305 1244 345 Captos
1259 305 1335 342 dici,
1354 305 1409 343 qui
1429 305 1590 336 damnum
1607 310 1662 335 ac·-

929 349 1250 388 cipiunt‚jacturam
1274 349 1416 385 faciunt,
1438 354 1566 379 certum
1590 353 1660 379 est:

929 401 1036 430 neque
1056 393 1162 423 solum
1179 392 1294 422 fraude
1311 391 1449 422 aliorum
1472 391 1660 430 hominum,

929 435 986 465 sed
1023 445 1221 475 quacunque
1258 437 1398 466 ratione.
1443 436 1497 465 Sic
1533 440 1661 472 mente,

931 480 1100 516 membris,
1130 480 1234 510 oeulis
1273 481 1359 520 capti
1394 479 1566 516 dicuntur,
1603 479 1660 518 qui

928 531 1043 552 earum
1067 532 1177 553 rerum
1195 524 1364 561 jacturam
1388 523 1505 552 fecere.
1540 522 1584 552 Et
1610 526 1665 552 est

928 567 1032 603 captio
1054 566 1100 596 sie
1122 576 1174 606 ap.
1198 566 1353 596 Plautum
1376 571 1411 596 et
1432 566 1525 602 alios,
1543 570 1582 596 ut
1600 565 1660 595 du-

927 608 1006 637 dum
1032 608 1270 649 Lexicographi
1297 610 1493 640 docuerunt.
1528 609 1582 639 Sic
1606 619 1663 639 ca«

918 653 1042 691 ptiosus
1056 662 1115 692 pro
1131 652 1321 683 damnosus.
1354 653 1418 683 Sed
1434 664 1462 683 v.
1479 657 1549 683 not.

973 695 1146 735 captiosus,
1163 697 1205 726 ad
1220 696 1451 736 decipiendum
1472 705 1665 726 accommo-v

922 737 1033 777 datus,
1058 744 1204 780 paratuS.
1236 739 1337 770 Acad.
1366 741 1407 770 iv.
1442 743 1490 771 15.
1518 741 1658 780 captiosa

918 782 1147 822 interrogatio.
1182 783 1251 813 Fin.
1268 783 1289 813 i.
1306 787 1338 816 7.
1369 793 1434 822 qua
1447 784 1500 812 via
1515 784 1656 822 captiosa

922 824 1153 866 (sophismata)
1173 826 1345 856 solvantur
1361 827 1419 856 ἃς.
1444 826 1541 856 Rosc.
1561 826 1657 856 Com.

923 873 971 900 10.
985 871 1021 899 0!
1039 872 1213 910 captiosam
1224 870 1440 900 societatem!
1463 869 1655 909 *periculo-

918 922 986 951 sus,
1001 914 1191 944 damnosus.
1209 913 1332 943 Caecin.
1349 916 1396 943 14.
1419 917 1469 943 cst
1481 914 1656 953 captiosum

918 958 1085 994 omnibus,
1108 967 1178 986 rem
1198 957 1302 987 ullam
1326 956 1486 987 constitui
1512 957 1656 994 ejusmo-

919 999 963 1030 di.
981 1000 1076 1031 Brut.
1086 1003 1136 1032 52.
1151 1011 1250 1040 quam
1263 1001 1441 1041 captiosam
1451 1004 1502 1030 est
1512 999 1651 1040 populo!

918 1046 924 1052 ‘
967 1043 1191 1083 Captiuneula.
1219 1043 1418 1084 periculum,
1450 1044 1521 1073 Att.
1545 1053 1596 1074 xv,
1623 1046 1654 1077 7.

919 1086 1048 1117 Servius
1065 1088 1257 1128 pacificator
1280 1087 1410 1117 videtur
1429 1087 1547 1117 obiisse
1565 1086 1655 1127 lega-

917 1131 1059 1167 tionem,
1070 1136 1104 1161 et
1120 1140 1236 1161 omnes
1252 1133 1479 1170 captiunculas
1494 1131 1655 1171 pertime-

917 1183 1019 1205 scere.
1043 1174 1215 1205 Timidum
1231 1174 1331 1204 fuisse
1348 1175 1499 1204 Servium
1517 1175 1550 1204 in
1565 1173 1653 1204 bello

918 1217 1020 1255 civili,
1033 1222 1125 1258 patet
1142 1228 1159 1248 e
1178 1229 1208 1248 x.
1229 1221 1277 1248 14.
1297 1221 1347 1248 15.
1374 1218 1515 1248 Videtur
1537 1222 1651 1247 autem

917 1262 1054 1291 verbum
1065 1266 1213 1292 sumtum
1229 1272 1246 1290 e
1259 1262 1342 1301 jure.
1354 1261 1431 1291 JCti
1446 1271 1522 1290 cum
1533 1269 1654 1291 cavent

917 1304 1108 1343 clientibus,
1133 1305 1224 1335 omni
1251 1306 1418 1344 capeioniS,
1445 1304 1651 1344 periculique

916 1349 1030 1387 generi
1059 1358 1231 1379 occurrere
1255 1348 1404 1378 student.
1450 1348 1539 1377 Hinc
1566 1349 1652 1388 peri-

916 1391 1003 1428 cula,
1027 1402 1100 1431 quae
1125 1392 1269 1423 timebat
1280 1399 1328 1422 ·et
1355 1401 1470 1421 cavere
1496 1391 1653 1431 cupiebat

915 1436 1061 1473 Servius,
1087 1437 1302 1476 captiuncula>
1330 1435 1503 1474 eleganter
1533 1434 1652 1465 dieun-

913 1483 981 1509 tur.
998 1489 1028 1509 v.
1050 1479 1170 1520 (ktptz'o.

963 1522 1071 1563 Capto,
1103 1523 1223 1553 allicio.
1254 1522 1326 1552 Inv.
1356 1522 1391 1552 ii.
1423 1523 1475 1553 52.
1510 1531 1561 1552 res
1593 1531 1652 1553 nos

913 1565 1142 1596 emolumento
1163 1570 1284 1605 captat.
1309 1569 1328 1587 ¹*
1342 1576 1467 1605 quaerO,
1490 1575 1652 1605 aucupor,

913 1616 1063 1649 expecto.
1088 1609 1158 1640 InV.
1177 1611 1197 1639 i.
1215 1613 1268 1641 31.
1291 1609 1444 1639 inductio
1459 1614 1511 1639 est
1529 1609 1650 1646 oratio,

914 1662 987 1692 quae
1012 1654 1107 1683 rebus
1132 1663 1198 1683 non
1223 1653 1331 1683 dubiis
1355 1657 1467 1692 captat
1490 1653 1653 1683 assensio-

914 1705 991 1726 nem
1016 1698 1101 1735 ejus,
1118 1698 1173 1736 qui
1196 1697 1256 1727 διο.
1279 1697 1320 1726 ad
1335 1697 1411 1727 Div.
1428 1707 1459 1726 x.
1474 1697 1528 1726 23.
1551 1696 1653 1736 Lepi-

913 1739 973 1769 dus
990 1740 1164 1781 desperato
1181 1740 1327 1770 adventu
1351 1750 1439 1776 meo,
1457 1749 1555 1778 quem
1581 1749 1651 1770 non

912 1783 1125 1814 mediocriter
1140 1785 1303 1824 captabat.
1327 1783 1522 1823 *decipere
1545 1782 1648 1813 Acad.

912 1826 953 1856 iv.
977 1828 1029 1861 ⁶29.
1054 1827 1133 1866 quid
1155 1828 1246 1857 enim
1270 1827 1312 1857 ad
1335 1826 1444 1864 illum,
1459 1826 1515 1865 qui
1536 1831 1572 1856 te
1595 1837 1650 1856 ca-

904 1874 1003 1910 ptare
1019 1871 1103 1908 vult,
1121 1875 1235 1901 utrum
1250 1875 1421 1901 tacentem
1445 1870 1589 1907 irretiat,
1606 1879 1649 1900 an

911 1914 1103 1952 loquentem
1116 1915 1128 1944 ?

959 1958 1073 1996 Caput,
1091 1958 1261 1988 decretum
1280 1956 1478 1998 philosophi.
1491 1955 1594 1986 Acad.
1606 1956 1649 1987 iv.

909 2002 962 2031 32.
1003 2000 1055 2031 Ita
1078 2002 1172 2031 nobis
1194 2001 1386 2032 tacentibus
1416 2011 1455 2030 ex
1479 2009 1548 2030 uno
1570 2000 1650 2040 Epi-

909 2044 980 2074 curi
1004 2046 1119 2084 capite,
1143 2044 1248 2075 altero
1275 2050 1398 2082 vestro,
1419 2043 1587 2084 perceptio
1614 2049 1650 2074 et

909 2089 1163 2127 comprehensio
1186 2088 1331 2119 tollitur.
1361 2091 1537 2118 *summm
1566 2087 1648 2117 Ver-

908 2131 971 2161 rin.
998 2132 1045 2162 iii.
1072 2135 1124 2163 35.
1159 2132 1198 2161 de
1225 2134 1328 2172 capite
1352 2131 1478 2170 aliquid
1504 2130 1648 2161 demere.

908 2174 988 2204 ibid.
1006 2176 1026 2204 i.
1044 2178 1074 2206 4.
1107 2176 1234 2214 aliquot
1258 2175 1448 2206 nominibus
1472 2174 1512 2204 de
1531 2175 1660 2214 capite,—

909 2223 1073 2256 quantum
1101 2219 1314 2249 commodum
1341 2218 1456 2256 fuerit,
1481 2217 1647 2248 frumenti

909 2261 1063 2293 detraxit.
1088 2266 1107 2284 ἢ
1121 2263 1208 2302 quod
1232 2268 1283 2292 est
1307 2262 1342 2292 111
1359 2271 1489 2301 quaque
1505 2271 1540 2291 re
1557 2261 1649 2300 prin-

909 2305 1032 2344 cipium
1051 2310 1084 2336 et
1098 2316 1281 2343 summum,
1297 2305 1522 2345 plurimumve
1545 2303 1647 2335 valet.

907 2348 1005 2380 Tusc.
1023 2359 1051 2380 v.
1067 2353 1118 2380 34.
1142 2360 1176 2379 se
1193 2350 1270 2389 jure
1291 2349 1348 2379 illo
1363 2349 1472 2388 nigro,
1487 2347 1577 2387 quod
1591 2357 1647 2378 ca-

901 2397 966 2430 put
990 2403 1091 2423 coenae
1115 2400 1199 2430 erat,
1215 2392 1433 2423 delectatum.
1463 2392 1521 2422 Or.
1545 2392 1566 2421 i.
1590 2394 1644 2422 33.

907 2441 1005 2475 caput
1041 2436 1452 2476 est,—-qua1nplurimum
1489 2434 1646 2466 scribere.

907 2479 985 2510 ibid.
1011 2480 1044 2510 ii.
1069 2483 1120 2511 82.
1154 2480 1196 2510 ad
1219 2479 1396 2509 consilium
1419 2478 1568 2508 dandum
1590 2487 1645 2508 ca-

899 2529 966 2562 put
989 2527 1048 2553 est.
1077 2524 1224 2554 *auctor
1247 2523 1305 2553 rei.
1333 2521 1440 2552 Flacc.
1467 2524 1516 2552 18.
1539 2525 1639 2561 caput

904 2570 955 2596 est
991 2567 1183 2597 Graeeorum
1221 2565 1497 2596 concitandorum
1534 2565 1644 2595 Hera-

905 2609 1005 2640 clides
1043 2610 1098 2640 ille
1134 2610 1318 2641 Temnites.
1364 2609 1477 2638 Plane.
1516 2610 1570 2639 23.
1614 2608 1643 2638 si

905 2654 985 2693 quid
1007 2655 1077 2684 sine
1101 2655 1203 2694 capite
1226 2652 1388 2689 manabit,
1405 2657 1440 2682 et
1463 2652 1557 2690 eujus
1581 2661 1641 2681 au-

904 2702 976 2726 ctor
992 2707 1059 2727 non
1075 2704 1195 2727 exstet.
1218 2699 1238 2718 ⁴*
1251 2695 1315 2726 Sed
1330 2695 1483 2735 inprimis
1500 2694 1571 2725 haee
1595 2695 1639 2724 si-

903 2741 1074 2778 gnificatio
1091 2745 1125 2771 et
1141 2741 1238 2771 obvia
1253 2746 1288 2770 et
1311 2738 1459 2769 notanda
1482 2743 1547 2775 est,
1562 2747 1640 2768 cum

902 2788 1001 2823 caput
1016 2784 1141 2814 dicitur
1156 2793 1215 2824 pro
1233 2783 1377 2813 hominis
1389 2786 1493 2819 statu,
1505 2781 1641 2812 liberta-

901 2827 945 2857 tis
976 2832 1010 2857 et
1041 2828 1185 2857 civitatis
1209 2827 1300 2865 jure,
1317 2829 1416 2865 atque
1445 2825 1527 2855 adeo
1557 2825 1638 2855 vita.

900 2871 1016 2911 Topic.
1033 2874 1064 2900 4.
1088 2871 1121 2900 Si
1136 2880 1176 2900 ea
1193 2870 1313 2900 mulier
1326 2872 1570 2900 testamentum
1588 2867 1638 2897 fe·

901 2915 959 2952 cit,
977 2924 1049 2953 quae
1073 2924 1107 2944 se
1130 2915 1235 2954 capite
1258 2922 1443 2952 numquam
1464 2911 1637 2947 diminuit,

899 2957 932 2988 h.
958 2967 986 2989 e.
1011 2967 1192 2999 numnquam
1214 2957 1316 2988 alicui
1338 2956 1467 2997 nupsit,
1489 2954 1636 2995 adeoque
