1800 3131
183 88 265 128 142

227 187 404 229 Procilius,
418 189 490 222 Att.
514 191 555 222 iv.
582 194 633 224 15.
657 193 706 225 16.
737 204 813 226 reus
830 205 908 226 con-

183 230 375 264 demnatur.
419 234 509 266 Idem
526 243 728 269 memoratur
743 239 786 269 ad
799 239 840 279 Ω.
858 239 910 270 Fr.

183 275 217 305 ii.
242 278 272 306 8.
308 287 337 317 q.
362 279 384 308 l.
408 283 507 318 negat
529 280 705 312 Manutius
732 281 911 313 Prociliam

172 318 353 360 firmiliani
375 332 448 352 csse.
478 323 532 353 secl
560 326 698 356 rectiora
721 326 846 357 edoctus
870 327 912 357 ab

189 362 317 401 Ursino,
332 367 472 396 muttuit
486 367 562 397 dein
575 370 778 399 sententiam.
793 381 823 400 v
846 370 911 401 Ur-

181 408 243 437 Sin.
265 408 310 437 ad
321 409 391 439 Att.
407 411 428 439 l.
441 420 468 439 c.
493 410 571 441 Fuit
585 418 722 451 qum-too·
733 423 764 443 a.
778 421 910 444 Dexen-

183 451 337 482 tribunus
345 454 430 492 pleb.
447 463 477 483 a.
494 462 646 504 Dcxcvn.

228 494 407 533 Procilius,
428 497 498 527 Att.
524 499 556 527 ii.
581 500 610 528 2.
644 499 841 535 IIistoricus,
847 500 912 548 ’qua‘

184 540 292 569 mulla
314 541 454 580 scripsit,
474 545 504 570 et
527 542 632 571 Allico
654 545 689 572 in
706 552 752 582 pr
753 541 911 582 etioJuit.

184 581 234 613 Ea·
255 581 507 623 Cicer-optcswt
524 584 774 618 Dic-(emmenum
799 596 840 615 ex
853 595 913 625 quo

183 627 330 664 colligas,
360 637 434 656 eum
479 628 703 667 GMw-graphica
740 630 912 668 scripsisse.

185 666 236 700 F
206 679 275 709 jus
298 671 413 699 mentio
435 671 533 700 etium
555 672 644 711 apud
661 671 696 701 Ι
689 682 799 703 arr-‚on
815 673 854 703 de
870 673 912 703 L

185 711 228 742 L.
246 713 288 742 iv.
318 717 347 742 el
365 713 456 743 plin.
473 714 539 744 viii.

188 755 293 787 Lal.'
285 765 306 785 1.
327 757 375 787 12.

229 798 371 836 Procles,
389 799 463 830 Div.
480 800 514 830 ii.
531 803 584 831 43.
613 800 832 842 Eurysthenis
848 801 913 833 fra-

183 843 238 874 ter
254 843 419 881 geminus,
435 854 493 873 rex
509 843 851 876 Lacedaemoniorum.

229 885 393 916 Proculus
414 886 540 926 Julius,
564 887 644 928 Leg.
672 889 694 919 i.
725 892 753 920 l.
788 889 818 918 ei
845 889 912 919 Ro-

186 929 298 959 mulus
322 939 473 969 apparet,
488 935 523 961 et
545 941 578 961 se
602 932 781 972 Quirinum
805 933 912 963 nomi-

188 973 261 1004 nari
272 972 382 1011 jubet.

556 717 587 745 A.
617 725 646 745 ι.
664 715 749 746 mss.
766 716 804 746 de
821 716 913 748 Hist.

229 1015 393 1055 Procyon,
410 1016 490 1046 Nat.
507 1017 551 1048 D.
569 1018 603 1048 ii.
619 1020 672 1049 44.
703 1018 805 1049 sidus.

229 1058 392 1090 Prodicus
415 1059 531 1098 Chius,
549 1061 628 1092 Nat.
653 1062 696 1092 D.
717 1063 739 1092 i.
755 1065 808 1093 422.
840 1072 915 1092 sen-

185 1103 298 1133 tentia
313 1103 352 1133 dc
369 1103 430 1133 diis
453 1104 542 1135 Deos
565 1105 665 1135 tollit.
712 1105 782 1136 Pro
798 1106 914 1143 Chius,

184 1147 346 1178 edidimus
367 1157 443 1177 cum
465 1148 600 1179 ,Davz'sio
624 1149 721 1179 Ceus.
752 1159 782 1178 z·.
798 1150 915 1180 [Uena-

182 1192 264 1230 gius
284 1190 330 1220 ad
351 1190 467 1221 Laert.
491 1191 535 1221 ix.
560 1195 611 1223 50.
642 1193 699 1222 Or.
724 1193 770 1223 iii.
791 1196 842 1224 32.
875 1193 915 1223 de

186 1238 311 1264 natura
325 1244 438 1268 rerum
453 1235 597 1275 scripsit.
621 1236 661 1266 de
678 1236 823 1268 Hercule
836 1237 915 1269 Pro-

187 1278 275 1308 tlicio
290 1288 320 1309 v,
337 1279 371 1308 iu
388 1277 560 1308 Hercules.

230 1321 456 1359 Prometheus,
473 1322 515 1352 ad
532 1321 680 1353 Herenn.
697 1323 738 1354 iv.
755 1325 786 1354 6.

231 1365 322 1395 Sext.
346 1363 553 1404 Propertius,
569 1367 670 1397 Dom.
698 1370 747 1401 19.
779 1367 916 1408 Proper-

185 1408 228 1439 tii
243 1412 321 1438 suut
332 1410 441 1446 gentis
455 1408 610 1440 Aureliae.

230 1451 446 1491 Protagoras,
476 1452 556 1483 Nat.
586 1453 608 1483 i.
638 1455 691 1485 23.
727 1453 916 1493 Abderites,

185 1495 327 1526 Athenis
353 1496 498 1534 ejicitur,
522 1500 558 1527 et
582 1496 658 1527 libri
681 1497 754 1537 ejus
781 1498 917 1528 combu-

187 1544 319 1570 runtur.
341 1538 438 1569 Brut.
452 1541 502 1570 12.
524 1539 614 1570 locos
630 1551 825 1571 communes
837 1542 917 1572 scri-

187 1583 267 1622 psit,
283 1586 318 1612 et
340 1591 452 1612 rerum
475 1583 683 1623 singularum
709 1584 916 1615 laudationes

187 1626 528 1666 vituperationesque.
559 1627 616 1658 Or.
640 1628 688 1658 iii.
711 1630 764 1659 32.
795 1629 835 1658 de
860 1639 917 1659 na-

187 1674 265 1700 tura
288 1679 400 1699 rerum
422 1671 567 1711 scripsit
596 1671 680 1702 Nat.
704 1672 748 1703 D.
771 1672 794 1702 i.
817 1675 845 1704 1.
876 1672 917 1703 de

178 1713 250 1744 ‘diis
268 1713 412 1744 dubitat.

232 1756 440 1795 Protogenes,
453 1756 543 1788 Att.‘
535 1757 570 1788 ii.
583 1760 635 1790 21.
656 1757 732 1799 Jaly
735 1768 809 1789 sum
824 1758 918 1789 fecit.

176 1798 284 1831 *Bi-ut.
301 1804 350 1831 18.
366 1800 484 1840 pictor.
511 1801 672 1839 C'auneus,
684 1804 773 1832 circa
788 1802 918 1842 Olymp.

189 1852 274 1874 cxu.
287 1843 418 1884 floruit.
434 1845 474 1874 de
489 1854 522 1875 eo
537 1845 601 1876 vid
617 1845 712 1876 Plin.
728 1856 823 1877 xxxv.
845 1849 894 1877 10.

230 1886 440 1927 Protogenes,
458 1888 501 1918 ad
521 1889 599 1920 Div.
618 1889 674 1920 vii.
695 1892 723 1920 1.
751 1890 800 1922 M.
818 1889 918 1920 Marii

187 1930 305 1962 lector.

230 1973 385 2012 Prusias,
403 1973 476 2005 Rea,-
500 1974 677 2015 Bithynice.
708 1975 785 2007 Div.
809 1976 845 2006 ii.
863 1977 917 2007 24.

187 2018 279 2059 apud
294 2028 372 2048 eum
393 2016 564 2049 Hannibal
585 2019 712 2050 exulat.
756 2019 868 2059 Negat
882 2029 918 2050 se

186 2061 324 2099 audere,
339 2061 429 2101 quod
450 2066 530 2092 exta
543 2063 754 2103 prohibeant.
784 2063 823 2094 de
838 2074 871 2094 eo
886 2072 918 2093 v.

189 2106 265 2139 Liv.
281 2104 346 2135 xlv.
363 2109 448 2136 extr.
463 2105 558 2145 Epit.
575 2109 627 2137 51.

232 2148 538 2189 Pseudcqohiuppus,
554 2149 633 2189 Agr.
650 2150 685 2181 ii.
701 2153 754 2181 33.
782 2159 919 2190 quocum

186 2193 306 2225 bellum
320 2191 517 2231 Macedonio.
532 2193 602 2224 III.
615 2198 746 2233 gestum
760 2198 818 2224 est.

231 2235 439 2274 Ptolemaeus,
456 2236 547 2276 Lagi
549 2237 609 2278 fil.
624 2238 702 2269 Div.
717 2237 752 2267 ii.
767 2237 820 2268 66.
840 2236 918 2268 Dux

187 2279 381 2318 Alexandri,
397 2284 564 2311 venenato
577 2280 646 2312 telo
663 2282 764 2320 ictus,
783 2290 861 2311 cum
877 2290 919 2311 ex

188 2322 358 2354 doloribus
382 2328 581 2364 moreretur,
605 2325 754 2356 radicula
774 2323 918 2355 Alexan-

188 2366 250 2397 dro
266 2375 384 2396 somno
399 2366 512 2397 oblata
527 2373 689 2400 servatur.

231 2409 441 2448 Ptolemaeus,
458 2411 554 2443 Offie.
578 2412 612 2443 ii.
636 2415 689 2444 23.
723 2410 919 2442 Alexandri-

187 2462 252 2486 nus
284 2453 403 2494 hospes
435 2454 531 2485 Arati
563 2455 639 2498 Sic>
641 2455 721 2487 onii.
766 2454 832 2487 Est
859 2464 920 2486 rex

185 2496 439 2537 Philadelphus.

231 2540 441 2578 Ptolemoeus,
458 2541 593 2573 Dom.''‘
580 2559 606 2577 7.
627 2552 685 2572 rex
702 2541 815 2582 Cypri,
832 2541 920 2581 regis

186 2583 418 2621 Alexandrini,
432 2564 544 2616 'frater
566 2588 685 2624 minor,
705 2585 779 2625 lege
804 2585 921 2616 Clodia

186 2637 248 2668 per
263 2627 428 2657 Catonem
444 2638 547 2668 regno
566 2630 711 2669 ejicitur.
742 2629 849 2661 Fiacc.
869 2632 919 2661 13.

187 2672 280 2702 Sext.
297 2671 350 2701 26.

231 2713 440 2752 Ptolemoeus‚
456 2714 593 2746 Tuscul.
609 2725 639 2747 v.
658 2718 713 2746 34.
741 2715 859 2746 laudat
873 2716 920 2746 ci-

185 2758 317 2790 barium
347 2767 482 2798 panem.
526 2759 600 2790 Rea.-
627 2759 788 2800 AEgypti,
818 2761 921 2791 nescio

207 2803 252 2833 ui.

184 2812 206 2845 q
231 2844 429 2876 Ptolemaeus
443 2845 586 2883 Auletes,
601 2845 685 2877 Rab.
702 2846 793 2877 Post.
810 2848 842 2878 2.
868 2855 921 2876 re-

178 2896 255 2930 gno
270 2887 423 2931 pellitur.
451 2889 612 2930 pecunias
630 2890 735 2921 sumit
749 2900 770 2921 a
782 2889 918 2922 Rabirio

698 102 846 134 mnnx
876 103 1158 134 HlsronrctJS.

951 195 1122 227 Postumo.
1146 194 1188 225 ad
1203 194 1280 226 Div.
1298 194 1319 226 i.
1334 196 1362 226 1.
1385 203 1475 235 seqq.
1487 196 1527 227 ab
1538 195 1682 230 Alexam

952 239 1056 270 drinis
1079 248 1182 279 regno
1204 238 1332 279 pulsus,
1349 249 1369 269 a
1386 239 1513 270 Senatu
1528 240 1568 272 R.
1585 241 1683 272 resti·

951 283 1118 313 tutionem
1141 282 1176 312 in
1193 292 1333 322 regnum
1350 283 1449 322 petit.
1495 283 1558 314 Cui
1572 285 1606 315 id
1621 295 1681 315 ne-

952 327 1034 365 gotii
1051 325 1149 356 detur
1165 335 1288 365 magna
1303 327 1529 357 controversia
1542 327 1618 359 fuit.
1634 328 1680 359 cf.

952 370 1018 400 Dio
1039 370 1295 400 Alexandrinus.
1326 370 1367 409 Ω.
1391 370 1443 400 Fr.
1468 369 1502 400 ii.
1529 373 1580 401 10.
1608 372 1681 412 ejus

952 412 1075 443 lectica
1090 413 1264 443 Aniciana.

996 455 1039 496 Q.
1056 455 1266 492 Public-enus,
1282 456 1323 496 Ω.
1339 455 1389 487 Fr.
1407 457 1429 486 i.
1446 458 1476 488 2.
1493 459 1524 487 4.
1557 456 1596 486 Εἰ
1613 460 1682 487 sta-

952 502 1014 528 tua
1029 498 1222 529 decernitur
1239 499 1273 529 in
1289 500 1377 530 Asia.
1410 500 1541 539 Dignus
1556 499 1682 531 honore

954 541 1023 572 illo.
1060 542 1124 571 Sed
1138 542 1270 572 videtur
1284 544 1450 582 scriptura
1466 544 1584 573 vitiosa
1599 553 1683 574 esse.

955 594 1032 614 nam
1050 584 1113 614 hoc
1135 594 1258 615 nomen
1281 585 1425 617 latinum
1448 596 1517 617 non
1539 592 1604 625 est,
1618 586 1685 618 sal-

953 633 1024 658 tem
1042 637 1108 657 non
1126 629 1235 667 gentis
1251 629 1381 660 nobilis.

999 672 1184 709 Publicius,
1199 671 1275 702 Div.
1292 672 1314 702 i.
1330 676 1380 703 50.
1410 678 1513 704 vates.

999 715 1180 753 Publicius,
1198 713 1297 745 Catil.
1320 716 1354 746 ii.
1378 718 1409 746 2.
1438 718 1547 747 socius
1567 717 1684 749 Catili-

955 767 1019 788 nae.

1004 801 1036 832 C.
1053 801 1236 839 Publicius,
1252 801 1309 832 Or.
1333 801 1368 832 ii.
1386 803 1439 836 67.
1468 803 1538 842 ejus
1553 803 1681 836 dictum

955 845 996 875 de
1014 846 1049 875 P.
1064 845 1242 876 Mummio.

1004 889 1062 920 Cn.
1085 888 1266 927 Publicius,
1290 888 1490 927 Menander,
1512 889 1606 921 Balb.
1632 893 1684 922 11.

956 931 1104 969 Graecus,
1135 932 1324 969 libertinus,
1354 933 1410 972 qui
1448 943 1526 963 cum
1563 933 1685 974 legatis

956 975 1114 1006 Romanis
1139 977 1173 1005 in
1196 975 1361 1006 Graeciam
1385 977 1504 1007 missus
1527 982 1592 1015 est,
1607 977 1683 1017 lege

956 1017 1025 1048 lata
1040 1019 1088 1048 ita
1102 1019 1273 1049 civitatem
1289 1020 1420 1058 habuit,
1434 1025 1472 1050 ut
1490 1021 1569 1050 civis
1583 1025 1685 1059 esset,

951 1062 984 1092 «si
1000 1061 1136 1092 domum
1152 1063 1303 1101 redisset,
1322 1067 1358 1093 et
1381 1063 1458 1094 inde
1475 1064 1615 1095 Romam
1632 1074 1684 1095 re-

957 1106 1124 1136 vertisset.

1001 1150 1043 1180 J..
1057 1149 1241 1187 Publicius,
1253 1149 1370 1190 Quint.
1387 1151 1418 1181 6.
1441 1150 1683 1189 venalitiarius,

957 1202 984 1223 S.
1000 1202 1134 1231 mango.

1000 1237 1045 1276 Q.
1062 1235 1244 1274 Publicius,
1260 1235 1334 1267 Clu.
1349 1239 1403 1267 45.
1433 1241 1568 1277 praetor.

1000 1279 1165 1317 Publilia,
1181 1280 1252 1310 Att.
1268 1279 1324 1310 xii.
1338 1281 1391 1311 32.
1423 1280 1591 1311 Ciceronis
1608 1286 1684 1322 post

957 1322 1151 1353 Terentiam
1167 1333 1262 1354 uxor.

1001 1366 1180 1405 Publilius,
1205 1366 1275 1397 Att.
1297 1367 1355 1397 xii.
1377 1370 1409 1401 7.
1439 1377 1533 1397 socer
1555 1366 1687 1398 Cicero-

958 1410 1023 1447 nis,
1041 1414 1075 1440 et
1091 1410 1243 1441 Publiliae
1258 1415 1365 1450 pater,
1381 1410 1433 1440 vel
1448 1411 1562 1442 frater.

1002 1452 1143 1485 Publius
1158 1454 1277 1493 Syrus,
1294 1454 1336 1485 ad
1357 1454 1436 1485 Div.
1458 1454 1515 1485 xii.
1542 1457 1592 1486 18.
1623 1454 1687 1485 mi-

957 1506 1044 1528 mus.
1075 1497 1146 1528 Att.
1162 1499 1226 1527 xiv.
1243 1500 1275 1529 2.

1002 1540 1155 1578 Publius,
1173 1541 1215 1571 ad
1236 1541 1313 1572 Div.
1335 1540 1400 1570 xvi.
1418 1541 1472 1572 22.
1499 1541 1632 1581 quidam
1648 1541 1688 1573 de

963 1583 1068 1615 Clodio
1080 1586 1284 1624 intelligunt,
1299 1584 1355 1614 sed
1367 1585 1488 1615 rectius
1511 1585 1684 1624 Corradus,

957 1628 997 1658 de
1012 1629 1167 1659 creditore
1187 1628 1355 1665 Ciceronis,
1370 1629 1406 1658 iu
1427 1638 1486 1668 quo
1499 1626 1595 1670 jocus
1616 1633 1682 1663 est.-

957 1672 1015 1702 sed
1027 1672 1098 1702 Att.
1113 1672 1148 1702 ii.
1164 1675 1196 1706 7.
1226 1676 1271 1702 est
1287 1671 1432 1702 Clodius.

1004 1714 1209 1753 Pulc-hellus,
1225 1715 1297 1745 Att.
1313 1715 1347 1746 ii.
1368 1718 1395 1745 l.
1415 1715 1475 1745 ἃς.
1492 1714 1639 1746 Clodius.

1002 1758 1125 1789 Pullus
1146 1758 1371 1797 Numitorius,
1386 1759 1458 1789 Fin.
1478 1769 1509 1790 v.
1526 1762 1579 1791 22.
1610 1760 1688 1790 Fre·

959 1801 1062 1841 gellas
1079 1802 1236 1842 prodidit.

1009 1845 1064 1876 Cn.
1080 1845 1223 1886 Pupius,
1239 1845 1282 1875 ad
1303 1845 1382 1876 Div.
1405 1845 1475 1876 xiii.
1494 1850 1527 1881 9.
1555 1846 1592 1877 in
1607 1857 1687 1888 ope-

959 1888 1004 1918 ris
1019 1889 1190 1919 societatis
1206 1889 1406 1929 Bithynicae.

1001 1932 1052 1963 M.
1068 1931 1213 1973 Pupius,
1229 1932 1330 1963 Doni.
1345 1933 1416 1963 xiii.
1443 1933 1583 1973 adoptat
1597 1933 1690 1965 Piso-

959 1984 1048 2006 nem.

1003 2018 1161 2058 Pylades,
1176 2019 1249 2049 Fin.
1270 2018 1304 2049 ii.
1321 2021 1373 2050 24.
1404 2019 1532 2050 amicus
1546 2019 1688 2060 Orestae,

959 2072 981 2093 α
996 2072 1057 2103 quo
1072 2073 1101 2092 c.
1119 2064 1171 2094 26.
1196 2062 1340 2102 Pyladea
1354 2063 1515 2094 amicitia.

1003 2105 1150 2146 Pyrrho,
1164 2106 1236 2136 Fin.
1247 2106 1282 2137 ii.
1302 2109 1351 2136 11.
1371 2109 1420 2137 13.
1443 2106 1539 2137 offic.
1555 2108 1577 2138 i.
1593 2109 1625 2138 2.
1648 2107 1689 2138 de

959 2158 1092 2179 summo
1104 2150 1191 2180 bono
1202 2149 1383 2187 sententia.
1403 2148 1504 2180 Tusc.
1517 2151 1551 2180 ii.
1563 2151 1594 2181 6.
1614 2161 1688 2182 sen-

958 2193 1070 2224 tentia
1091 2193 1131 2223 de
1159 2193 1282 2224 dolore.
1320 2193 1392 2224 Fin.
1414 2193 1464 2225 iv.>
1483 2195 1534 2225 16.
1570 2195 1690 2227 virtus.

959 2236 1000 2268 ab
1015 2247 1048 2267 eo
1061 2236 1140 2267 dicti
1154 2236 1339 2277 Pyrrhonii.
1369 2236 1427 2267 Or.
1442 2237 1490 2268 iii.
1509 2241 1560 2272 17.

1004 2279 1175 2320 Pyrrhus,
1201 2281 1278 2312 Div.
1304 2280 1339 2310 ii.
1366 2280 1419 2311 56.
1453 2280 1618 2312 AEacides.
1647 2281 1690 2313 ad

960 2323 1037 2355 Div.
1065 2324 1108 2354 ix.
1134 2326 1187 2355 25.
1219 2325 1290 2363 ejus
1316 2323 1392 2353 libri
1417 2323 1457 2354 de
1479 2335 1515 2355 re
1539 2325 1688 2356 militari.

961 2366 1096 2398 Muren.
1122 2370 1172 2398 14.
1210 2367 1250 2397 de
1274 2376 1313 2397 eo
1335 2367 1527 2408 triumphat
1546 2369 1606 2399 M’.
1624 2368 1691 2399 Cu-

961 2411 1040 2441 rius.
1071 2411 1167 2442 offic.
1190 2410 1226 2440 ii.
1248 2414 1280 2445 7-
1319 2410 1362 2440 ad
1384 2421 1462 2442 eum
1487 2411 1690 2443 Macedones

960 2455 1105 2485 universi
1137 2464 1172 2484 se
1199 2454 1391 2492 conferunt,
1414 2454 1590 2489 Demetrio
1616 2455 1692 2486 reli-

962 2502 1028 2528 cto.
1072 2498 1116 2528 ad
1145 2498 1223 2528 Div.
1253 2508 1283 2528 v.
1317 2499 1367 2528 12.
1411 2498 1538 2529 bellum
1573 2499 1691 2539 Pyrrhi

961 2542 1094 2582 scripsit
1107 2541 1266 2571 Timaeus.
1292 2541 1410 2572 Parad.
1427 2542 1469 2572 vi.
1485 2544 1517 2574 2.
1540 2542 1692 2574 Fabricio

962 2586 1141 2626 pecuniam
1169 2583 1296 2615 frustra
1316 2584 1425 2616 offert.
1455 2585 1562 2616 Amic.
1587 2589 1617 2617 8.
1649 2586 1691 2616 ab

962 2639 1002 2659 eo
1025 2632 1162 2669 propter
1183 2629 1388 2668 probitatem
1410 2638 1478 2659 non
1495 2629 1596 2659 alieni
1611 2633 1694 2661 sunt

961 2672 1059 2703 Rom.
1090 2673 1206 2702 animi.
1243 2673 1320 2702 Sen.
1352 2672 1383 2702 6.
1417 2682 1438 2702 a
1467 2672 1589 2702 foedere
1612 2682 1694 2704 rum

962 2715 1087 2756 Pyrrho
1104 2715 1267 2747 abstrahit
1280 2715 1448 2746 Romanos
1466 2715 1594 2757 Appius
1619 2716 1693 2747 Cae-

963 2769 1032 2791 cus.

1006 2802 1228 2842 Pythagoras,
1244 2801 1275 2832 T
1275 2812 1346 2833 use.
1367 2802 1389 2832 i.
1410 2802 1459 2833 16.
1494 2802 1694 2843 Pherecydis

963 2845 1156 2886 discipulus.
1172 2847 1230 2878 Or.
1245 2846 1286 2876 ii:
1297 2849 1349 2880 37.
1363 2846 1464 2878 Tusc.
1479 2847 1522 2877 iv.
1541 2846 1696 2886 l.junior

963 2894 1016 2922 est
1037 2889 1152 2925 Numa
1171 2888 1348 2932 Pompilio.
1377 2889 1450 2921 Fin.
1464 2900 1495 2922 v.
1510 2891 1563 2925 29.
1591 2890 1694 2924 Tusc-
