1800 3131
126 134 209 174 190

122 234 237 265 fuisse.
261 231 327 263 Hic
343 236 394 264 est
408 242 495 264 unus
511 231 616 272 locus,
629 233 664 264 in
681 243 746 273 quo
761 233 858 264 bonae

122 276 199 308 edd.
216 277 302 307 hanc
321 276 497 308 lectionem
517 277 641 308 habent
662 287 796 307 omues:
822 278 855 308 in

123 321 242 351 ceteris
268 320 362 359 locis,
378 331 396 350 e
423 321 542 360 quibus
565 321 664 361 vulgo
689 321 857 358 laudatur,

122 365 191 395 fere
217 365 343 395 habent
367 369 426 394 aut
451 369 529 395 ante
557 375 670 404 quam,
695 370 754 395 aut
779 370 857 395 ante

123 418 213 439 cum.
229 407 294 439 Sed
309 408 354 438 ibi
371 418 501 448 quoque
519 409 588 438 MS.
606 419 659 449 ap.
676 408 782 438 Graev.
799 409 857 438 ha-

122 452 181 482 bet
192 459 270 483 ante
285 462 386 491 quam
400 464 407 481 :
425 452 513 491 quod
525 452 660 493 praefert
671 452 800 483 Duker.
814 452 856 482 ad

122 495 195 526 Liv.
214 506 308 526 xxxv.
327 498 380 527 25.

165 539 372 570 Antecedens.
395 539 480 580 Top.
497 542 544 571 1⁶2.
569 539 659 569 locus
676 549 716 568 ex
732 543 858 569 antece-

122 583 281 620 dentibus,
298 591 349 613 est
365 584 533 614 conclusio
550 594 567 612 c
585 583 706 619 causis,
721 592 794 621 quae
811 591 856 612 sc.

122 627 279 657 effectum
294 627 511 657 antecedunt.
535 627 605 656 Fat.
623 629 653 657 5.
675 629 722 655 ll.
749 634 857 655 causae

123 671 374 708 antecedentes,
392 671 413 701 i.
435 682 464 700 e.
487 680 561 709 quae
576 670 608 699 vi
624 679 685 699 sua
708 669 858 698 efficiunt

125 723 196 745 rem
214 715 409 744 necessario.
428 714 469 744 cf.
485 724 513 744 c.
534 717 583 744 15.

166 758 370 798 Anteceptus.
396 757 474 787 Nat.
499 757 541 787 D.
569 757 589 786 i.
615 756 664 786 16.
690 761 857 795 antecepit:

124 802 238 832 animo
275 802 321 832 rei
359 800 576 838 informati03
615 804 666 830 est
700 799 857 842 πρόληψις

125 845 302 885 Epicurea,
318 845 441 874 notitia
457 844 568 874 insita.

167 890 353 920 Ante-cessio.
386 888 471 928 Top.
501 891 550 918 13.
582 897 641 928 pro
668 897 778 917 causa.
805 887 858 916 Sic

124 933 219 963 offic.
243 933 265 962 i.
287 935 319 962 4.
349 933 574 962 antecessiones
599 941 711 961 rerum
735 931 859 968 videre,

123 981 176 1007 est
192 980 307 1007 causas
323 975 521 1014 intelligere.

167 1019 350 1059 Antqferre.
375 1019 416 1049 ad
432 1020 508 1050 Div.
524 1029 554 1048 v.
574 1019 622 1049 16.
647 1017 786 1048 consilio
801 1017 861 1048 ali-

124 1064 206 1102 quid
235 1062 413 1102 antqsierre,
446 1063 467 1093 i.
496 1073 526 1093 e.
553 1063 748 1102 praecipere,
782 1066 860 1091 ante

123 1118 226 1147 quam
255 1107 381 1145 veniat,
408 1106 555 1136 dolorem
583 1117 613 1136 v.
641 1116 669 1136 c.
697 1106 861 1142 minuero,

126 1157 204 1182 ante
227 1160 328 1190 quam
350 1155 498 1190 tempus,
523 1150 604 1187 dies,
629 1160 707 1180 eum
732 1149 860 1188 leniat3

125 1203 204 1226 nam
221 1196 267 1225 sic
285 1195 378 1234 quasi
395 1195 583 1224 autefertur
599 1193 679 1224 dies.

168 1240 354 1279 Antequam
378 1238 546 1276 devenire,
574 1247 632 1278 pro
657 1237 862 1267 deveniatur.

125 1283 265 1324 Quinct.
284 1285 334 1316 17.

168 1327 347 1358 Antestari.
371 1325 445 1356 Mil.
462 1327 514 1357 25.
537 1329 572 1355 te
584 1324 862 1364 tamen‚Magne‚

125 1375 365 1402 antestaretum
394 1369 428 1399 h.
453 1379 482 1399 e.
509 1373 633 1399 testem
661 1369 861 1398 innocentiae

125 1424 195 1445 suae
224 1415 354 1445 citaret.
385 1413 413 1443 E
439 1413 511 1443 foro
537 1413 683 1453 petitum
712 1412 863 1442 verbum.

125 1458 192 1489 vid.
209 1459 250 1489 de
267 1459 298 1488 vi
310 1457 445 1498 propria
459 1456 570 1486 locum
589 1456 706 1486 Horat.
723 1456 827 1485 Serm.
841 1456 863 1486 i.

126 1507 158 1537 9.
173 1506 226 1537 79.
256 1501 394 1531 Salmas.
411 1500 453 1531 ad
468 1500 529 1530 Jus
546 1500 584 1530 A.
602 1504 637 1530 et
651 1500 692 1530 R.
709 1510 738 1529 c.
753 1502 806 1530 30.

171 1547 369 1585 Anticipatio
395 1544 557 1575 Deorum.
579 1544 660 1574 Nat.
688 1543 732 1573 D.
759 1544 781 1573 i.
812 1544 862 1574 16.

126 1596 178 1620 est
193 1589 351 1633 πρὸληψις
370 1589 547 1629 Epicurea,
560 1587 683 1618 notitia
698 1587 799 1617 insita
821 1587 861 1617 de

127 1634 213 1665 Diis.

170 1677 330 1717 Anticipo.
354 1675 426 1707 Att.
440 1675 509 1706 viii.
528 1678 578 1707 14.
601 1675 782 1716 anticipare
792 1684 864 1705 mo-

127 1720 260 1752 lestiam
278 1720 430 1759 alicujus.

126 1794 128 1796 ,
170 1765 369 1804 Antiquitas,
387 1764 427 1794 de
452 1763 599 1794 moribus
623 1761 786 1793 similibus
810 1761 863 1799 iis,

127 1809 185 1848 qui
214 1808 303 1849 apud
329 1809 477 1847 antiquos
503 1811 612 1845 erant,
640 1806 680 1836 de
708 1806 864 1842 candore,

130 1852 194 1882 fide
211 1853 272 1882 διο.
294 1852 407 1882 Rabir.
426 1851 459 1881 P.
479 1854 528 1882 10.
551 1851 642 1881 Sext.
659 1853 689 1881 3.
713 1849 866 1889 gravissi-

130 1906 193 1928 mae
208 1896 414 1936 antiquitatis
430 1895 491 1925 vir.
512 1895 597 1924 item
614 1894 733 1924 Partit.
749 1898 781 1928 9.

170 1940 355 1980 Antiquare
370 1939 491 1978 legem.
514 1939 595 1978 Leg.
612 1938 658 1968 iii.
680 1940 728 1971 17.
753 1937 816 1967 Off.
831 1936 866 1967 ii.

127 1986 180 2016 21.
205 1985 226 2014 i.
243 1994 272 2014 e.
289 1993 358 2014 non
373 1983 534 2023 recipere,
546 1982 694 2021 rejicere.
719 1981 864 2011 Verbum

129 2028 206 2058 inde
235 2031 367 2064 natum,
383 2026 471 2065 quod
493 2027 528 2056 in
553 2025 679 2056 tabella
702 2025 866 2065 scriptum

129 2076 222 2102 erat:
246 2071 286 2102 A.
303 2072 338 2102 P.
356 2071 377 2101 i.
393 2081 422 2101 e.
439 2072 576 2110 antiqua
593 2069 705 2110 probo.

173 2117 348 2155 Antiqaus.
363 2115 460 2146 Rosc.
476 2114 550 2145 Ani.
567 2118 599 2148 9.
616 2113 745 2152 antiqui
758 2111 867 2141 homi-

132 2169 202 2190 nes.
226 2160 247 2190 i.
271 2169 300 2188 e.
322 2158 501 2199 simplices.
526 2158 639 2197 quiex
654 2155 866 2195 suoingenio

130 2204 211 2234 alios
222 2203 392 2243 judicant,
409 2205 444 2232 et
466 2202 624 2241 quoniam
647 2200 710 2240 ipsi
733 2199 867 2230 honesti

132 2252 226 2285 sunt,
243 2246 324 2277 alios
351 2247 453 2276 etiam
478 2245 563 2275 tales
590 2248 724 2285 putant.
747 2242 867 2283 Quint.

132 2294 185 2323 ⁸22.
209 2291 340 2330 antiqui
365 2289 464 2320 officii
486 2289 599 2319 homo.
618 2299 648 2319 v.
675 2287 867 2327 antiquitas.

132 2335 257 2365 ‘Verr.
281 2335 322 2365 iv.
344 2334 398 2364 46.
429 2335 605 2373 antiquum
628 2341 722 2372 opus.
745 2330 820 2360 Act.
845 2331 867 2360 i.

133 2378 228 2409 Verr.
246 2381 276 2408 5.
294 2377 475 2407 artificium
491 2378 675 2417 antiquane.
695 2375 734 2405 de
746 2375 868 2404 statuis

133 2427 170 2452 et
192 2422 290 2458 vasis,
308 2421 342 2451 in
366 2431 431 2460 quo
454 2430 575 2460 genere
591 2420 718 2459 antiqui
732 2422 870 2459 praesta-

135 2467 219 2496 bant
243 2465 387 2495 artifices
416 2474 531 2494 eorum
557 2468 762 2503 temporum.
793 2461 870 2492 *ad

135 2510 317 2540 Div.x.35.
342 2508 425 2538 nihil
436 2506 770 2547 antiqzeiusjudicavi.
792 2506 871 2536 Div.

135 2554 157 2583 i.
178 2556 226 2584 15.
252 2553 415 2592 antiquior
431 2551 513 2581 mihi
528 2550 788 2592 possessionibus
801 2549 872 2589 glo-

135 2598 195 2627 ria.
219 2596 351 2636 *pri0r‚
376 2596 518 2635 dignior.
541 2595 635 2625 Verr.
658 2605 689 2624 v.
712 2597 761 2625 14.
785 2594 871 2623 anti-

135 2642 228 2682 quior
241 2639 333 2669 locus
356 2639 504 2669 dicendae
528 2638 718 2669 sententiae.
741 2637 870 2677 *supe-

137 2686 217 2720 rior,
234 2683 292 2713 sed
306 2684 396 2713 brevi
413 2688 576 2723 tempore.
599 2682 640 2722 Q.
656 2681 709 2712 Fr.
726 2681 774 2711 iii.
794 2683 822 2710 1.
839 2683 870 2711 3.

137 2728 307 2766 antiquior
329 2727 398 2757 dies
422 2732 493 2756 erat
516 2725 695 2766 adscripta.
717 2725 808 2755 Nam
831 2724 871 2754 de

139 2773 229 2802 brevi
261 2776 414 2810 tempore
451 2770 530 2806 dici,
555 2770 652 2799 docet
682 2769 798 2800 Burm.
831 2767 874 2798 ad

136 2816 228 2855 Virg.
252 2815 328 2844 AEn.
352 2815 392 2843 iv.
416 2816 491 2844 458.
515 2813 557 2843 ad
578 2813 649 2843 Att.
666 2813 710 2843 ix.
733 2817 764 2846 9.
787 2813 875 2842 anez-

137 2860 290 2909 quissima
321 2857 462 2898 epistola
490 2861 555 2892 est,
581 2866 655 2895 quae
687 2861 766 2886 ante
794 2855 873 2886 alias

139 2903 263 2942 scripta
284 2906 360 2939 cst;
384 2906 458 2932 erat
481 2906 594 2932 autem
618 2900 733 2940 paucis
758 2899 874 2930 diebus

140 2952 218 2979 aute
234 2946 371 2986 scripta.

636 141 783 172 INDEX
813 142 948 172 LATlN
954 141 1108 171 ITA'rrs.
1140 171 1142 173 .

939 233 1068 273 Aperta.
1093 232 1264 274 promitto.
1289 230 1331 262 ad
1355 231 1426 263 Att.
1451 241 1480 263 v.
1501 235 1528 264 1.
1553 232 1628 266 init.

897 276 1104 317 *explicare
1135 278 1193 308 Or.
1221 280 1273 307 33.
1304 278 1432 315 aperire
1457 276 1631 316 notitiam,

897 330 942 351 sc.
967 331 1182 351 communem
1209 320 1379 350 notionem
1404 320 1629 352 obscuriorem

898 364 940 394 ad
967 365 1199 395 definitionem
1228 364 1437 404 perspicuam
1465 373 1630 395 revocare.

898 408 917 426 ¹*
930 408 1021 438 Verr.
1038 418 1067 438 v.
1084 412 1137 442 71.
1168 408 1277 437 locum
1295 409 1423 446 aperire
1438 408 1631 447 suspicioni.

898 450 1046 492 *aperiri
1070 452 1230 482 dicuntur
1253 452 1428 491 provinciae
1448 461 1468 481 a
1483 461 1548 490 quo
1565 452 1632 491 pri-

897 504 952 525 mo
976 496 1141 525 exercitus
1165 496 1199 525 in
1223 505 1277 524 cas
1301 495 1432 525 ductus.
1457 494 1575 524 Manil.
1599 497 1632 525 8.

896 537 1059 568 Lucullus
1098 539 1221 569 dicitur
1266 539 1412 568 Pontum
1455 539 1630 578 aperuisse.

895 582 960 611 vid.
979 582 1018 611 de
1036 582 1097 612 hac
1112 582 1220 612 forma
1234 581 1383 612 Broukh.
1406 582 1448 612 ad
1467 581 1595 612 Tibull.
1609 582 1632 613 i.

898 628 927 656 3.
944 625 997 656 36.

940 669 1092 708 Apertns.
1119 668 1251 699 Cluent.
1277 672 1327 703 17.
1352 669 1424 708 quis
1441 670 1580 709 apertior
1596 669 1631 700 in

890 712 1058 750 judicium
1076 712 1240 742 adductus
1257 717 1318 743 est.
1334 722 1380 743 sc.
1396 723 1483 749 reus,
1501 713 1540 744 de
1565 723 1632 753 quo

899 756 1005 795 inagis
1033 761 1185 796 apertum
1211 761 1309 786 esset.
1338 756 1494 795 *apertae
1520 767 1631 787 naves.

896 799 989 830 Verr.
1013 810 1042 829 v.
1066 803 1119 830 40.
1149 804 1366 839 opponuntur
1389 801 1578 831 constratis.
1601 811 1635 832 V.

898 843 1090 883 aphractus
1120 843 1138 862 ’κ
1150 843 1194 874 Ν.
1213 844 1254 873 D.
1271 843 1303 872 ii.
1320 847 1351 877 7.
1374 845 1537 883 apertiora
1552 849 1634 875 sunt

899 886 940 916 ad
963 886 1293 927 reprehendendum:
1319 887 1341 916 i.
1365 888 1470 926 magis
1492 887 1635 918 obnoxia

900 931 1212 970 reprehensionibus
1231 943 1238 960 :
1278 939 1295 959 e
1327 930 1405 960 ludo
1437 929 1635 969 gladiatorio

901 975 1047 1013 petitum
1065 979 1128 1011 est,
1145 975 1203 1004 ubi
1221 974 1308 1004 latus
1324 979 1488 1014 apertam,
1505 974 1635 1005 nudum

902 1017 1036 1056 dicitur,
1055 1018 1142 1057 quod
1158 1022 1253 1058 patet
1269 1018 1402 1048 ictibus.

943 1062 1048 1102 Aptae,
1071 1071 1242 1092 summum
1265 1067 1513 1092 ornamentum.
1539 1061 1637 1094 Cato.

904 1108 954 1139 17.
971 1115 1054 1145 apex
1065 1105 1250 1135 senectutis
1258 1110 1308 1135 est
1319 1106 1512 1136 auctoritas.
1525 1105 1544 1124 ²*
1555 1106 1636 1145 Leg.

900 1149 922 1179 i.
942 1152 970 1179 1.
993 1149 1175 1188 Tarquinio
1198 1150 1321 1188 apicem
1346 1149 1386 1179 ab
1402 1149 1514 1188 aquila
1528 1150 1636 1190 impo-

901 1193 1016 1222 situm.
1044 1193 1104 1222 Est
1120 1192 1226 1233 pileus
1242 1192 1350 1223 sutilis
1367 1193 1401 1222 in
1418 1193 1528 1223 medio
1543 1193 1637 1233 virga

903 1237 1086 1267 eminente.
1103 1247 1133 1266 v,
1150 1236 1290 1266 Guther.
1306 1236 1379 1267 Jur.
1396 1236 1431 1266 P.
1450 1237 1471 1266 i.
1489 1239 1542 1270 29.

944 1281 1143 1320 Aphractzts.
1166 1280 1237 1310 Att.
1265 1290 1294 1310 v.
1325 1283 1371 1310 13.
1402 1282 1637 1319 aphractorum

902 1323 1124 1354 imbecillitas.
1158 1323 1219 1353 Est
1244 1333 1348 1363 genus
1375 1324 1524 1361 narium,
1548 1324 1638 1363 quod

902 1369 1083 1407 opponitur
1105 1367 1328 1408 cataphractis
1352 1377 1377 1398 s.
1394 1368 1585 1405 constratis,
1602 1368 1637 1399 h.

903 1421 932 1440 e.
957 1411 1009 1448 iis,
1027 1421 1100 1451 quae
1116 1411 1239 1441 tabulis
1256 1412 1470 1450 tegebantur,
1489 1415 1525 1441 ut
1543 1412 1578 1441 in
1598 1411 1639 1441 iis

903 1459 991 1484 stare
1015 1461 1280 1496 propugnatores
1303 1459 1338 1484 et
1362 1455 1396 1484 in
1419 1455 1550 1485 hostem
1569 1454 1641 1486 tela

903 1499 1013 1529 tutius
1036 1500 1173 1529 mittere
1196 1503 1342 1538 possent.
1360 1498 1400 1528 de
1417 1505 1559 1538 utroque
1583 1508 1641 1538 ge·

904 1551 982 1572 nere
999 1543 1063 1573 vid.
1081 1543 1201 1573 Schell‘.
1218 1542 1258 1572 de
1273 1543 1321 1572 Re
1338 1543 1423 1573 Nav.
1440 1542 1462 1573 l.
1479 1543 1512 1572 ii.
1529 1552 1556 1572 c.
1571 1545 1602 1573 5.

945 1587 1088 1627 Apiscor.
1109 1586 1282 1626 adipiscor.
1307 1585 1349 1615 ad
1360 1585 1435 1616 Div.
1448 1587 1490 1616 iv.
1503 1589 1532 1617 5.
1555 1586 1640 1625 Leg.

901 1630 923 1660 i.
950 1633 1003 1662 20.
1026 1631 1120 1670 cujus
1145 1629 1306 1671 apiscendi
1334 1639 1444 1660 causa.
1474 1630 1545 1660 Att.
1570 1630 1641 1661 viii.

905 1676 958 1705 22.
976 1675 1035 1704 Sic.

945 1718 1150 1757 Aplustrum.
1167 1717 1202 1746 in
1214 1717 1306 1747 Arat.
1318 1716 1468 1748 Navibus
1484 1725 1503 1746 a
1520 1717 1642 1748 sumtis

904 1762 1075 1792 fluitantia
1091 1771 1237 1800 quaerere
1254 1763 1414 1800 aplustra.
1446 1759 1641 1799 Amastrum

904 1805 956 1835 vel
971 1807 1116 1845 aplustre
1131 1810 1245 1835 autem
1261 1808 1312 1834 est
1327 1809 1565 1834 ornamentum
1582 1814 1644 1833 na-

905 1850 998 1879 vium
1015 1850 1048 1879 in
1066 1849 1183 1889 puppi,
1200 1849 1240 1878 de
1258 1858 1323 1887 quo
1339 1852 1415 1888 post
1434 1847 1641 1878 Schefferum

908 1893 947 1923 de
973 1903 1007 1923 re
1031 1903 1105 1922 nav.
1130 1893 1164 1923 ii.
1187 1893 1218 1923 6.
1251 1897 1285 1922 et
1309 1892 1389 1922 alios
1412 1902 1443 1921 v.
1467 1891 1583 1921 Heins.
1606 1895 1643 1922 et

906 1936 1160 1967 Drakenborch.
1178 1936 1219 1966 ad
1239 1936 1357 1966 Silium
1379 1945 1411 1965 x.
1432 1936 1507 1966 325.
1537 1934 1641 1972 Loca,

905 1981 963 2010 ubi
994 1980 1057 2010 hac
1087 1980 1195 2010 forma
1224 1979 1384 2016 occurrit,
1415 1978 1645 2019 suppeditabit

907 2024 1046 2054 Salmas.
1063 2023 1104 2053 ad
1121 2023 1223 2053 Solin.
1237 2034 1269 2063 p.
1286 2025 1361 2053 404.

951 2069 1196 2108 Apodyterz'ztm.
1213 2067 1279 2097 vid.
1298 2066 1373 2096 Iud.
1390 2065 1496 2096 Graec.

950 2113 1122 2152 Apotheca.
1153 2110 1250 2149 cella,
1280 2110 1338 2140 ubi
1367 2113 1578 2150 reponuntur
1606 2110 1643 2141 in

907 2155 1039 2186 futuros
1064 2165 1142 2185 usus
1166 2165 1197 2185 v.
1221 2165 1250 2185 c.
1272 2154 1402 2191 vinum,
1418 2153 1642 2185 frumentum.

908 2200 1022 2231 Vatin.
1040 2202 1070 2230 5.
1095 2198 1238 2239 Philipp.
1257 2198 1291 2228 ii.
1308 2200 1360 2231 27.

949 2244 1132 2283 Apparare.
1156 2242 1220 2281 Qu.
1244 2241 1296 2271 Fr.
1324 2241 1358 2271 ii.
1382 2243 1412 2271 3.
1436 2241 1645 2281 apparaban-

907 2291 965 2318 tur
977 2288 1011 2317 in
1025 2287 1171 2317 Sestium
1185 2286 1336 2316 erimina.
1348 2283 1561 2324 *proeparari
1575 2284 1645 2315 He-

907 2341 1001 2362 renn.
1018 2331 1039 2361 i.
1056 2333 1086 2361 2.
1110 2330 1243 2360 auditor
1253 2334 1438 2370 apparatur
1451 2328 1493 2358 ad
1506 2327 1646 2359 audien-

910 2375 1002 2405 dum.

951 2418 1141 2458 Apparatio.
1171 2417 1321 2447 Herenn.
1337 2416 1359 2446 i.
1377 2418 1407 2446 8.
1438 2415 1644 2455 comparatio

909 2462 1057 2493 studiose
1075 2468 1109 2491 et
1125 2461 1252 2491 curiose
1267 2459 1371 2498 facta,
1387 2459 1536 2498 itemque
1549 2469 1645 2489 exor-

911 2506 1005 2536 natio
1021 2505 1197 2544 exquisita.

952 2550 1123 2590 Appen-ati.
1118 2558 1153 2578 ¹8.
1184 2546 1333 2577 Herenn.
1365 2546 1387 2576 i.
1416 2549 1448 2580 7.
1478 2550 1646 2586 apparata

910 2594 1029 2624 oratio.
1047 2592 1125 2622 ibid.
1143 2591 1288 2622 nimium
1303 2594 1470 2629 apparata
1485 2591 1595 2620 verba.

954 2637 1133 2678 Apparere,
1156 2640 1356 2675 praesentem
1390 2643 1473 2670 esse,
1503 2634 1531 2663 si
1564 2631 1647 2673 quid

909 2680 996 2711 forte
1007 2681 1181 2719 jubeatur,
1198 2678 1237 2708 de
1253 2677 1438 2714 lictoribus,
1451 2677 1647 2714 viatoribus,

912 2725 1027 2755 scribis
1053 2724 1112 2753 διο.
1138 2722 1272 2753 Cluent.
1300 2723 1351 2752 53.
1374 2729 1534 2761 apparere
1556 2730 1649 2760 quae-

912 2769 1027 2805 sti0ni‚
1059 2767 1218 2797 dicuntur
1252 2764 1382 2800 seribae,
1413 2764 1547 2794 lictores
1585 2764 1647 2794 διο.

913 2812 991 2842 hinc
1017 2811 1057 2841 de
1085 2810 1164 2849 Leg.
1189 2809 1226 2839 ii.
1251 2811 1282 2839 8.
1308 2817 1466 2848 apparere
1488 2808 1575 2844 Diis,
1597 2807 1650 2837 di·

914 2860 1040 2885 cuntur
1051 2853 1196 2884 ministri
1207 2861 1389 2882 sacrorum
1413 2850 1526 2882 *PhiL
1543 2851 1578 2881 ii.
1593 2853 1648 2881 34.

913 2900 971 2929 ubi
989 2908 1114 2928 merces
1129 2896 1295 2937 apparet?
1319 2896 1340 2925 i.
1356 2905 1385 2925 e.
1400 2895 1553 2934 ostende,
1567 2893 1651 2935 quid

915 2952 975 2983 pro
989 2946 1086 2972 tanta
1100 2939 1252 2972 mercede
1268 2939 1433 2970 didiceris.
