1800 3131
135 92 220 129 366

132 192 247 218 autem
272 187 423 218 civiliter.
462 188 542 219 Nat.
564 189 608 220 D.
633 189 654 220 i.
677 192 708 220 4.
748 200 862 221 omnes

131 231 349 272 philosophiae
366 236 476 272 partes
491 236 564 263 tum
582 238 769 271 noscuntur,
785 245 862 265 cum

129 279 211 305 totae
227 276 429 314 quaestiones
445 276 617 307 scribendo
640 277 862 317 explicantur.

176 319 277 349 Nota.
310 319 367 348 Or.
386 319 432 350 iii.
448 322 502 350 44.
534 319 744 350 librariorum
768 326 861 358 ποίαν,

129 366 210 392 sunt
226 363 321 401 signa
337 363 659 403 interpunctionum.
693 367 710 385 *²
725 369 799 394 nota
814 368 865 394 est

129 404 230 444 ςίγμα
245 406 395 436 inustum
413 416 506 436 servo
521 407 671 446 fugitivo.
702 407 766 437 Off.
783 409 815 438 ii.
832 412 862 441 7.

129 448 286 480 barbarus
318 458 539 490 compunctus
566 451 654 480 notis
688 451 861 481 Threiciis.

128 492 193 522 vid.
210 493 302 533 Hug.
320 493 411 533 Orig.
435 494 531 524 scrib.
556 504 585 524 c.
605 498 652 528 19.
684 493 763 523 hinc
787 499 862 524 nota

128 545 189 575 pro
228 537 423 576 ignominia.
474 538 540 574 Sic,
571 547 645 576 quae
676 538 863 576 ignominia

127 581 281 610 censoria
304 581 438 617 dicitur,
455 590 495 610 ea
518 586 552 610 et
569 585 646 610 nota
662 580 860 620 appellatur.

127 623 262 654 Cluent.
287 624 340 654 46.
377 629 451 654 nota
478 624 635 653 censoriae
663 625 859 654 severitatis.

127 667 162 696 in
178 677 244 706 qua
263 668 413 697 oratioue
438 678 467 696 c.
483 669 534 697 42.
567 671 617 696 est
642 667 734 697 locus
759 667 860 707 insig-

124 710 190 747 nis,
215 710 254 740 de
281 711 311 740 vi
339 715 493 740 notarum
519 711 760 746 censoriarum,
787 721 860 749 quae

124 753 236 783 fuere:
271 764 403 783 movere
435 764 452 782 e
478 762 611 790 senatu,
637 764 760 792 equum
791 755 860 784 adi-

124 806 228 833 mere,
244 797 334 827 tribu
350 807 494 834 movere,
511 801 545 826 et
569 797 723 827 aerarium
737 797 858 828 facere.

124 840 243 870 deinde
259 840 297 870 ad
313 849 412 870 omne
426 850 530 879 genus
544 841 736 880 ignominiae
750 846 859 871 trans-

124 883 244 920 fertur,
269 884 394 914 (licitur
415 890 531 914 tamen
554 889 629 914 nota
652 885 755 914 etiam
781 895 858 915 cum

122 927 220 957 verbo
238 927 369 957 inurere
386 929 419 957 in
436 928 556 957 bonam
573 934 716 967 partem.
746 928 857 958 Plane.

126 972 176 1001 19.
207 971 303 1009 signa
325 971 512 1010 probitatis,
529 971 721 1001 domesticis
745 972 859 1002 inusta

120 1015 201 1044 notis
217 1015 374 1044 veritatis.
408 1014 562 1045 *dicitur
577 1015 678 1045 etiam
704 1015 744 1044 de
768 1017 854 1045 vino.

120 1057 217 1088 Brut.
233 1061 285 1088 83.
315 1059 341 1088 si
358 1059 431 1097 quis
453 1058 591 1088 Falerno
614 1059 689 1089 vino
713 1059 857 1088 delecte-

120 1107 190 1139 tur,
219 1101 276 1131 sed
308 1111 454 1132 eo—nec
485 1103 532 1132 ita
559 1107 683 1140 vetere,
709 1108 748 1132 ut
775 1103 856 1142 Opi-

120 1146 225 1174 mium
252 1150 311 1175 aut
335 1145 491 1175 Anicium
517 1145 688 1176 consulem
717 1150 855 1185 quaerat.

119 1189 211 1227 atqui
229 1198 275 1218 eae
291 1193 373 1219 παίω
395 1193 475 1219 sunt
493 1190 641 1229 optimae.
673 1189 730 1219 sed
747 1189 787 1218 de
804 1190 854 1220 his

119 1234 203 1262 uotis
218 1233 348 1262 abunde
367 1234 566 1273 interpretes
584 1233 726 1263 Horatii.
751 1233 855 1263 *Mu-

119 1285 190 1306 ren.
220 1279 268 1306 11.
294 1282 378 1306 extr.
411 1277 485 1306 irati
503 1276 743 1315 jureconsulti,
766 1277 854 1315 quod

117 1323 197 1349 sunt
227 1320 337 1357 veriti,
367 1321 525 1350 ne—sine
557 1330 617 1349 sua
648 1330 749 1360 opera
780 1320 853 1359 lege

117 1367 230 1402 posset
255 1364 321 1402 agi,
350 1368 440 1393 notas
469 1363 629 1402 quasdam
657 1373 853 1403 composue-

116 1411 209 1441 runt,
226 1411 265 1437 ut
287 1407 441 1437 omnibus
466 1407 500 1437 in
521 1407 617 1437 rebus
634 1407 696 1447 ipsi
713 1407 867 1446 intere&

115 1455 202 1481 sent.
251 1450 354 1481 Notas
379 1450 432 1480 alii
458 1452 723 1491 interpretantur
737 1451 850 1489 siglas,

117 1504 195 1524 cum
211 1504 271 1534 pro
287 1494 427 1533 singulis
450 1495 556 1524 verbis
581 1494 685 1524 literae
709 1494 850 1533 singulae

112 1543 300 1577 ponuntur,
327 1537 382 1567 alii
407 1537 567 1568 formulas
599 1539 784 1575 actionum,
812 1542 850 1568 ut

116 1581 340 1618 Camerarius,
357 1581 413 1611 alii
429 1582 569 1611 obscura
589 1582 698 1619 verba,
715 1586 753 1611 ut
779 1582 850 1611 Ma-

114 1625 243 1662 nutius,
261 1624 316 1654 alii
341 1625 437 1664 signa
456 1625 575 1664 quibus
589 1625 725 1654 verbum
741 1635 848 1655 unum

114 1675 174 1698 aut
209 1668 307 1708 plura
342 1669 628 1708 exprimebantur,
661 1668 847 1704 cuiusmodi

113 1716 194 1741 sunt
210 1712 341 1750 adjecta
357 1712 492 1752 Corpori
510 1712 664 1752 inscript.
678 1712 848 1742 Gruteria-

114 1764 170 1792 no,
187 1760 226 1785 ut
242 1755 402 1785 Graevius.
435 1766 535 1794 quam
552 1757 754 1785 sententiam
774 1766 848 1795 pro-

111 1798 225 1828 barem
241 1803 273 1828 et
290 1799 372 1839 ipse,
390 1799 415 1828 si
440 1809 490 1829 res
515 1804 548 1828 et
569 1799 659 1829 locus
678 1799 846 1830 Ciceronis

112 1846 294 1882 pateretur.
341 1843 451 1872 Primo
479 1842 573 1873 nulla
594 1848 645 1874 est
668 1843 845 1873 necessitas

113 1886 259 1923 dicendi,
283 1890 378 1915 notas
412 1886 513 1916 fuisse
542 1887 637 1925 signa
667 1887 844 1925 ejusmodi,

111 1929 222 1968 qualia
253 1934 333 1959 sunt
356 1929 425 1967 illa,
449 1940 523 1969 quae
551 1931 629 1960 dixi.
674 1931 762 1960 Nam
788 1941 846 1969 per

111 1976 206 2003 notas
229 1973 383 2010 scribere,
401 1978 440 2003 ut
464 1984 503 2003 ex
527 1974 663 2004 Sueton.
688 1975 771 2012 Aug.
792 1977 843 2004 83.

110 2018 194 2047 Caes.
222 2019 273 2047 55.
313 2020 456 2054 constat,
483 2019 586 2047 etiam
616 2018 739 2048 dicitur
766 2027 842 2047 cum

108 2061 240 2099 integra
253 2060 387 2099 quidem
403 2061 504 2091 verba
519 2061 624 2091 literis
637 2062 842 2098 scribuntur,

107 2103 165 2134 sed
181 2104 240 2140 ita,
256 2110 296 2133 ut
318 2103 424 2134 literae
445 2114 512 2135 non
528 2115 623 2135 suam
640 2105 842 2135 ordinariam

107 2149 174 2177 vim
199 2147 355 2184 habeant,
373 2148 430 2178 sed
445 2159 476 2179 v.
493 2159 520 2178 e.
546 2149 642 2179 litera
665 2149 686 2178 d
702 2158 760 2188 pro
776 2159 808 2184 a,
825 2159 842 2178 e

106 2200 166 2231 pro
190 2191 210 2220 b
235 2196 381 2230 ponatur
404 2192 464 2222 &Q
511 2192 598 2231 Ergo
621 2193 729 2222 omnis
757 2193 842 2221 ratio

108 2234 275 2264 scribendi
289 2235 454 2265 occultior
470 2241 519 2265 est
534 2246 592 2276 per
605 2241 712 2266 notas.
727 2235 840 2274 Cujac.

107 2278 185 2308 Obs.
204 2278 259 2307 xii.
278 2281 330 2308 40.
359 2279 537 2318 distinguit
558 2280 692 2318 quidem
710 2284 805 2309 notas
822 2289 841 2309 a

107 2321 219 2360 siglis3
244 2326 279 2351 et
295 2326 347 2351 est
366 2328 510 2359 certum,
528 2333 595 2352 non
611 2333 726 2353 omnes
743 2327 840 2353 notas

107 2374 177 2394 esse
194 2365 312 2404 siglas:
339 2375 445 2404 neque
467 2370 582 2396 tamen
605 2373 782 2406 propterea
797 2367 840 2396 si-

106 2407 170 2447 glae
186 2417 251 2437 non
268 2413 347 2438 sunt
371 2414 478 2439 notre:
504 2410 617 2449 itaque
641 2417 675 2439 et
699 2410 769 2449 ipse
793 2409 840 2439 lo-

105 2461 184 2481 cum
219 2452 385 2482 Ciceronis
412 2453 451 2482 de
481 2453 572 2492 siglis
599 2454 841 2492 interpretatur

104 2494 148 2524 ad
171 2495 330 2534 Pompon.
353 2496 445 2535 Orig.
468 2496 540 2527 Jur.
568 2499 597 2533 ξ.
616 2500 647 2530 7.
680 2496 757 2526 Illas
782 2507 840 2526 au-

103 2542 174 2567 tem
198 2542 306 2575 notas,
331 2539 370 2568 de
395 2540 514 2578 quibus
541 2540 696 2577 Cujacius
721 2541 754 2570 in
773 2541 839 2570 Ob-

103 2590 187 2611 serV.
204 2582 255 2611 vix
273 2587 387 2621 putem
406 2589 475 2612 tam
501 2586 660 2620 vetustas,
677 2588 715 2614 ut
731 2583 769 2613 de
788 2583 838 2614 his

103 2628 163 2654 aut
192 2625 356 2655 similibus
386 2627 503 2656 Cicero
540 2627 683 2666 intelligi
722 2628 838 2666 possit.

101 2669 230 2698 seneca
260 2668 392 2706 quidem
426 2680 477 2709 ep.
504 2674 557 2704 90.
596 2670 837 2701 vilissimorum

102 2711 347 2751 mancipiorum
371 2713 509 2743 inventa
531 2718 637 2744 vocat.
672 2724 703 2743 v.
729 2714 838 2744 Nouv.

100 2754 217 2784 Traite
233 2754 484 2795 Diplomatique
500 2761 527 2786 t.
539 2758 585 2787 iii.
602 2768 634 2797 p.
653 2758 725 2788 564.
750 2757 837 2788 conf.

99 2797 199 2829 Troz.
218 2797 267 2829 ad
296 2798 431 2837 Hugon.
458 2810 490 2839 p.
525 2803 593 2834 175.
623 2801 679 2839 qui
706 2810 738 2840 p.
767 2803 836 2831 181.

99 2841 212 2871 locum
240 2841 410 2872 Ciceronis
435 2842 475 2872 de
501 2842 652 2874 formulis
679 2844 837 2884 explicat,

98 2889 135 2916 et
162 2885 248 2916 hane
274 2885 586 2926 interpretationem
618 2886 747 2918 Graevio
777 2888 838 2918 tri-

660 102 807 131 INDEX
838 103 1133 133 LATINITATIS.

907 192 992 230 buit,
1009 192 1097 232 quod
1113 196 1163 222 est
1179 202 1199 223 a
1212 201 1289 222 vero
1304 191 1463 224 alienum.
1507 191 1640 225 Deinde

909 236 1025 267 Cicero
1049 237 1102 266 hic
1120 236 1296 266 manifeste
1313 236 1353 266 de
1369 236 1519 267 formulis
1535 238 1640 267 actio-

909 288 989 315 num
1006 279 1164 318 loquitur.
1210 280 1296 310 Nam
1316 279 1470 319 exempla
1483 285 1638 310 notarum

907 325 1181 362 compositarum,
1205 333 1277 363 quae
1302 323 1539 361 subjiciuntur,
1559 327 1641 354 sunt

906 364 1057 396 formulae
1082 367 1265 397 actionum.
1313 367 1413 397 Porro
1439 376 1638 406 componere

906 408 945 437 de
969 409 1121 440 formulis
1145 410 1208 440 dici
1234 414 1355 450 potest,
1382 419 1448 439 non
1471 409 1512 439 de
1535 410 1639 449 signis

904 452 1065 490 obscuris,
1082 459 1116 482 et
1130 453 1238 492 siglis:
1265 459 1299 484 et
1314 453 1425 494 paullo
1448 457 1525 493 post
1543 453 1638 490 dicit,

905 496 1037 534 praetori
1076 506 1206 535 quoque
1243 507 1378 527 carmen
1414 497 1637 536 compositum

904 545 966 568 est.
1013 539 1129 577 Neque
1154 541 1186 569 in
1209 545 1281 570 toto
1306 541 1432 579 reliquo
1455 540 1528 570 loco
1544 540 1639 579 quic-

903 590 1003 619 quam
1021 582 1060 611 de
1077 582 1219 612 occultis
1243 585 1344 622 signis
1369 584 1501 614 dicitur.
1550 582 1638 613 Illud

902 628 1037 654 tantum
1062 625 1198 663 (licitur,
1216 636 1314 665 quam
1341 627 1397 657 diu
1420 626 1561 657 occultae
1583 626 1637 657 hae

902 667 1054 698 formulae
1071 669 1209 705 fuerint,
1227 671 1348 708 petitas
1373 680 1442 700 esse
1459 671 1500 701 ab
1517 671 1556 700 iis
1580 670 1637 709 qui

904 715 1072 749 tenerent,
1086 712 1190 743 donec
1207 712 1351 751 vulgatae
1367 715 1431 743 sint
1449 715 1582 754 (nempe
1596 714 1637 743 ab

901 755 1015 793 AElio).
1034 756 1195 795 Pompon.
1213 757 1326 795 Origg.
1339 757 1412 787 Jur.
1428 755 1450 786 l.
1466 767 1494 787 c.
1517 757 1636 795 Neque

901 799 1075 837 quisquam
1093 805 1256 836 veterum,
1274 800 1359 838 quod
1376 800 1492 837 sciam,
1508 799 1548 830 de
1560 800 1638 830 tali-

900 842 960 872 bus
975 843 1079 881 signis
1095 842 1314 873 formularum
1332 844 1502 873 memoriae
1526 843 1637 883 prodi-

900 885 959 915 dit.
998 886 1166 926 Quorsum
1183 891 1294 916 autem
1313 896 1395 926 opus
1410 887 1553 916 scribere
1568 886 1637 916 for-

900 928 1008 961 mulas
1025 929 1097 960 illas
1114 940 1174 969 per
1188 931 1307 960 notas?
1338 930 1389 960 Ne
1413 940 1433 959 a
1455 939 1549 960 servo
1572 930 1635 959 ite-

899 982 974 1002 rum
991 978 1050 1002 aut
1067 973 1175 1003 scriba
1190 974 1465 1013 publicarentur?
1492 973 1636 1003 sufficie-

899 1015 956 1045 bat
979 1026 1106 1053 cavere‚
1125 1026 1165 1046 ne
1191 1018 1224 1046 in
1246 1017 1324 1047 talis
1343 1017 1489 1047 hominis
1514 1026 1634 1048 manus

899 1060 1065 1097 venirent,
1082 1061 1137 1099 qui
1157 1061 1194 1090 iis
1212 1060 1388 1099 vulgandis
1408 1061 1552 1100 gratiam
1574 1070 1634 1100 po-

897 1103 1049 1142 pularem
1068 1110 1202 1143 captare
1224 1104 1338 1141 vellet,
1355 1109 1390 1133 et
1412 1108 1534 1144 posset.
1582 1103 1634 1134 Ne

898 1146 919 1175 ii
939 1152 1053 1176 autem
1070 1147 1293 1186 publicarent,
1311 1148 1367 1186 qui
1391 1157 1445 1177 eas
1461 1152 1633 1185 tenerent,

897 1196 937 1219 ut
954 1190 1059 1220 AElius
1075 1190 1168 1228 fecit,
1186 1201 1228 1220 ne
1250 1201 1308 1230 per
1322 1195 1414 1221 notas
1429 1191 1561 1229 quidem
1579 1201 1634 1221 ca-

896 1243 971 1263 vere
997 1238 1165 1273 poterant.
1211 1234 1328 1273 Itaque
1344 1234 1425 1264 mihi
1442 1239 1555 1264 totum
1570 1234 1632 1264 hoe

896 1276 935 1306 dc
954 1278 1040 1307 notis
1056 1277 1276 1308 formularum
1291 1278 1560 1308 commentitium
1584 1278 1632 1308 vi-

895 1320 1003 1350 detur.
1030 1321 1199 1361 [votasque
1213 1331 1413 1361 componere
1432 1320 1516 1351 nihil
1539 1320 1632 1351 aliud

894 1364 1095 1403 significare,
1112 1375 1211 1403 quam
1236 1364 1395 1395 formulas
1419 1365 1574 1394 obscuras
1597 1368 1633 1395 et

894 1412 1062 1438 contortas
1079 1409 1251 1438 actionum
1267 1417 1478 1448 componere.
1514 1407 1631 1446 Refer-

895 1452 920 1480 ri
938 1451 1003 1481 huc
1020 1452 1122 1491 possit
1147 1451 1238 1482 locus
1261 1452 1370 1482 Ovidii
1386 1452 1467 1482 Her.
1483 1461 1536 1482 xx.
1553 1453 1629 1483 210.

893 1494 933 1523 de
952 1495 1038 1525 malo
1056 1495 1189 1525 Acontii
1207 1496 1301 1534 jacto
1325 1495 1366 1525 ad
1391 1495 1576 1535 Cydippen,
1595 1495 1632 1525 in

892 1548 958 1576 quo
985 1540 1147 1578 scriptum
1177 1542 1247 1569 erat
1269 1538 1524 1578 jusjurandum:
1561 1548 1631 1568 ma-

891 1580 962 1611 lum
980 1583 1078 1612 verba
1093 1583 1201 1612 ferens
1226 1582 1331 1612 doctis
1355 1582 1514 1612 insidiosa
1534 1583 1627 1612 noeis.

890 1624 966 1655 ‹Jam
985 1627 1052 1655 scio
1068 1630 1159 1656 notas
1174 1626 1261 1666 apud
1277 1625 1432 1656 Ovidium
1457 1635 1527 1655 esse
1551 1625 1628 1655 lite-

899 1678 950 1698 ras
974 1670 1128 1708 scriptas,
1146 1670 1233 1699 unde
1249 1674 1362 1700 notare
1377 1669 1460 1699 dixit
1476 1678 1534 1708 pro
1549 1669 1630 1699 scri-

889 1711 977 1742 bere.
1008 1712 1145 1742 Heroid.
1166 1713 1187 1742 i.
1212 1713 1286 1743 init.
1331 1713 1396 1742 Sed
1419 1712 1525 1742 doetae
1547 1716 1629 1742 ποτε

890 1754 921 1784 h.
939 1754 959 1784 l.
975 1761 1055 1785 sunt
1070 1756 1216 1786 formula
1227 1756 1450 1795 ¹jurisjurandi
1464 1755 1554 1785 vafre
1571 1765 1629 1785 ex-

890 1799 1048 1838 cogitata,
1061 1810 1127 1838 qua
1142 1800 1289 1838 suijuris
1303 1800 1430 1829 faceret
1441 1798 1627 1839 Cydippen.

889 1842 986 1872 Unde
1002 1843 1035 1872 in
1051 1843 1166 1873 eadem
1183 1843 1325 1883 epistola
1340 1843 1501 1873 Acontius
1517 1852 1552 1872 se
1568 1852 1627 1883 ap-

888 1885 990 1924 pellat
1007 1886 1137 1916 vafrum
1153 1887 1240 1925 juris
1258 1886 1412 1917 consulto
1427 1887 1566 1917 Amore:
1592 1891 1628 1916 et

881 1930 1122 1968 jusjurandum
1149 1936 1246 1961 vocat
1270 1930 1413 1960 nodum:
1445 1929 1535 1969 quod
1557 1939 1629 1960 ver-

889 1972 966 2002 bum
984 1973 1144 2003 Horatius
1168 1974 1208 2003 de
1231 1973 1382 2004 formulis
1401 1973 1566 2004 JCtorum
1590 1973 1626 2004 in

886 2016 1034 2046 cavendo
1051 2022 1201 2057 usurpat.
1230 2017 1550 2057 Interpretationem
1567 2026 1628 2046 no—

885 2064 988 2089 stram
1006 2066 1161 2090 notarum
1179 2062 1356 2100 probavere
1370 2060 1573 2091 Menkenius
1590 2060 1626 2090 in

885 2102 963 2133 Obs.
980 2103 1018 2133 L.
1042 2104 1080 2134 L.
1104 2109 1139 2134 et
1162 2104 1328 2135 Gesnerus
1353 2105 1386 2134 in
1408 2103 1508 2135 Thes.
1527 2103 1564 2134 L.
1582 2103 1622 2134 L.

889 2146 1022 2185 aliique.

930 2191 1067 2221 Notare.
1098 2190 1137 2220 de
1165 2190 1357 2220 nominibus
1386 2199 1510 2220 rerum.
1552 2190 1627 2221 Fin.

884 2233 930 2263 iii.
945 2236 973 2264 2.
999 2235 1189 2264 nominibus
1207 2244 1256 2263 res
1273 2235 1394 2264 notam't
1406 2234 1508 2263 novis.
1524 2232 1627 2264 Tusc.

884 2277 931 2307 iii.
949 2280 979 2307 5.
998 2278 1117 2307 melius
1133 2278 1203 2308 haec
1219 2278 1326 2307 verbis
1342 2281 1456 2308 notata
1479 2277 1624 2315 Latinis,

884 2330 984 2359 quam
1009 2321 1144 2351 Graecis.
1175 2321 1254 2350 *ita
1277 2321 1451 2360 insignire,
1466 2326 1506 2350 ut
1521 2330 1625 2360 agno-

883 2364 943 2402 sci,
960 2369 995 2394 et
1010 2365 1051 2394 ab
1075 2364 1147 2394 aliis
1171 2365 1312 2394 discerni
1336 2365 1452 2404 possit.
1482 2364 1524 2394 ad
1545 2364 1625 2394 Div.

883 2408 938 2437 vii.
957 2410 1010 2438 32.
1042 2408 1089 2438 ita
1111 2413 1224 2438 notata
1240 2417 1294 2437 me
1312 2407 1483 2446 reliquisse
1500 2416 1625 2446 genera

882 2451 1047 2481 dictorum
1090 2461 1254 2488 meorum,
1291 2455 1330 2481 ut
1368 2451 1525 2490 cognosci
1563 2460 1625 2483 sua.

881 2501 1001 2534 sponte
1025 2500 1172 2535 possent.
1202 2496 1260 2525 Or.
1283 2495 1316 2524 ii.
1334 2498 1386 2528 87.
1419 2503 1527 2532 neque
1549 2499 1623 2524 tam

882 2539 949 2567 acri
980 2539 1142 2569 memoria
1170 2539 1238 2568 fere
1271 2539 1446 2577 quisquam
1477 2545 1541 2574 est,
1568 2541 1621 2574 ut,

881 2591 947 2610 non
964 2581 1132 2622 dispositis
1148 2583 1327 2621 notatisque
1340 2581 1451 2617 rebus,
1467 2580 1622 2613 ordinem

882 2625 1057 2655 verborum
1074 2630 1134 2655 aut
1150 2625 1395 2662 sententiarum
1419 2623 1624 2663 complecta·

879 2673 947 2697 tur.
979 2669 1022 2699 cf.
1039 2669 1072 2699 ii.
1092 2669 1144 2699 86.
1176 2669 1254 2698 hinc
1271 2677 1331 2707 pro
1355 2676 1547 2706 agnoscere,
1564 2667 1623 2698 ob·-

879 2721 1022 2749 servare‚
1039 2712 1316 2742 animadvertere.
1347 2710 1389 2740 ad
1412 2710 1489 2740 Div.
1508 2711 1552 2741 ix.
1570 2710 1622 2740 16.

879 2755 974 2785 tritas
1007 2765 1102 2785 aures
1126 2755 1247 2785 habere
1269 2754 1420 2784 notandis
1442 2754 1622 2793 generibus

881 2802 1067 2837 poetarum.
1097 2799 1174 2833 Div.
1198 2799 1220 2828 i.
1242 2801 1295 2832 49.
1334 2801 1447 2828 notata
1470 2797 1622 2827 observa·

878 2842 970 2872 tione
998 2842 1169 2872 diuturna.
1209 2840 1251 2871 cf.
1275 2842 1332 2871 Or.
1357 2841 1404 2871 iii.
1428 2844 1480 2872 50.
1517 2840 1622 2871 *dies

879 2887 988 2917 notari
1001 2885 1138 2925 dicitur,
1150 2894 1229 2917 cum
1246 2885 1281 2915 in
1298 2894 1337 2915 eo
1352 2884 1517 2916 solemnia
1531 2894 1621 2925 quae-
