1815 3209
231 168 282 209 16

223 263 287 297 sul.
304 272 389 297 anno
403 275 459 296 suo
479 267 601 298 Consul
615 268 718 298 sactus
730 278 797 300 esse
811 270 942 305 dicitur,

222 305 285 336 vid.
302 307 379 345 Agr.
394 310 427 338 ii.
446 311 475 339 2.
527 309 590 340 Eas
606 311 691 349 leges
706 311 822 342 attulit
840 312 943 342 ambi-

222 349 283 385 tio,
307 354 344 379 ut
360 351 477 390 gradus
499 357 605 382 essent
628 352 805 392 petitionis.
849 354 943 384 Tulit

222 391 345 430 primus
361 393 543 423 accuratius
568 393 698 431 Villius,
721 396 872 425 tribunus
896 395 939 436 pl.

220 433 260 462 A.
276 433 444 464 Postumio
458 435 576 465 Albino
591 441 624 466 et
638 437 677 476 Ω.
698 437 811 466 Fulvio
827 437 940 467 Flacco

221 474 311 504 Coss.
327 476 382 514 qui
404 476 477 506 inde
492 477 631 508 Annalis
653 478 757 508 dictus
771 483 832 515 est,
856 479 941 518 quod

220 525 342 547 nomen
356 519 489 548 familiae
505 518 608 550 haesit.
636 520 703 550 Liv.
719 521 739 550 l.
764 528 817 550 xi..
834 532 862 550 (τ.
887 525 938 551 44.

219 563 254 588 et
270 559 400 590 Manut.
417 561 455 590 de
471 560 570 600 Lege.
587 573 614 591 c.
631 560 661 592 6.
676 563 761 592 Nam
778 563 837 592 etsi
854 563 939 593 Livi-

216 607 257 629 us
273 600 294 630 l.
309 612 335 631 c.
349 602 490 641 primum
504 605 543 633 ab
556 613 594 633 eo
607 603 644 633 (le
659 613 697 634 ea
709 614 742 634 re
755 604 859 635 latum
873 614 940 636 esse

218 641 315 672 dicit:
352 649 463 674 tamen
487 644 583 682 idem,
602 646 671 685 jam
694 650 771 676 ante
797 656 873 676 eum
900 646 939 678 de

218 688 366 724 tempore
401 685 563 717 honorum
598 687 814 728 petendorum
851 688 938 728 leges

218 725 328 763 fuisse,
356 728 503 758 dubitare
532 739 590 759 nos
612 739 679 759 non
701 730 779 760 sinit
801 739 883 766 xxv,
907 733 937 762 2.

217 767 280 797 Sed
296 769 372 798 anni
389 769 590 809 singulorum
607 780 673 800 non
688 770 813 801 definiti
829 778 936 809 erant,

215 815 255 839 ut
270 809 339 849 lege
355 811 457 847 Villii,
473 823 582 842 verum
596 815 756 849 universe,
771 824 842 852 quae
859 819 937 845 aetas

216 856 347 883 matura
368 858 450 884 esset
467 854 641 885 honoribus
665 856 820 895 petendis.
863 857 936 887 vid.

215 893 367 933 Sigonius
402 901 436 925 et
475 897 620 936 Pighius,
649 897 732 937 inpr.
767 898 934 934 Dukerus,

215 935 256 965 ad
270 936 340 966 Liv.
354 936 375 966 l.
392 937 413 967 l.
427 949 454 968 c.
470 949 496 968 c.
535 939 622 969 Anni
635 944 745 970 autem
760 941 932 970 constituti

213 983 291 1008 sunt
304 978 403 1009 Villia
423 980 506 1019 lege,
522 985 694 1019 quaesturae
709 984 760 1011 31.
783 982 931 1012 aedilitati

214 1023 264 1053 37.
289 1026 442 1060 praeturae
466 1026 517 1053 40.
542 1023 725 1053 consulatui
749 1026 800 1054 43.
844 1024 931 1054 Nam

215 1061 264 1091 his
279 1063 372 1092 aunis
387 1064 500 1094 Cicero
517 1065 572 1094 hos
587 1066 795 1103 magistratus
819 1067 929 1104 gessit,

214 1104 281 1142 qui,
296 1114 352 1134 suo
366 1115 398 1136 se
414 1117 571 1146 quemque
588 1117 672 1137 anno
688 1108 832 1146 gessisse,
853 1118 935 1148 prae-

213 1146 301 1176 dicat
316 1158 322 1175 :
348 1157 407 1177 nec
421 1149 584 1185 audiendi,
600 1150 654 1188 qui
669 1156 726 1179 aut
741 1160 864 1180 annum
881 1153 931 1183 27.

211 1192 249 1217 ut
263 1189 449 1220 Zauioscius
462 1190 499 1220 de
513 1192 622 1221 Senat-
639 1202 669 1231 p.
683 1202 725 1221 m.
739 1195 788 1223 25.
805 1197 863 1222 aut
877 1203 933 1222 an-

211 1238 254 1259 nu
261 1241 290 1260 in
298 1233 346 1261 ⁶25.
355 1237 494 1271 ponunt,
503 1238 540 1263 ut
551 1233 708 1263 Dodvvcll.
717 1235 809 1264 Prael.
818 1235 931 1265 Caind.

212 1271 381 1304 Dicuntur
395 1274 446 1304 hae
460 1275 544 1314 leges
559 1276 659 1305 etiam
676 1276 832 1306 Annarioe
846 1277 932 1316 apud

212 1312 343 1345 Festum
360 1321 393 1346 et
407 1316 573 1357 Lamprid.
596 1319 630 1347 in
646 1318 826 1348 Commodo
849 1329 876 1348 c.
899 1322 929 1350 2.

210 1356 373 1388 Annalem
387 1359 467 1388 tulit
481 1360 581 1390 etiam
599 1360 645 1390 M.
662 1361 808 1390 Pinarius
824 1360 930 1392 Rusca

208 1397 298 1429 Trib.
313 1400 356 1440 pl.
380 1401 442 1431 vid.
467 1401 533 1431 Cic.
556 1401 594 1431 de
617 1403 673 1432 Or.
689 1403 720 1432 ii.
744 1403 795 1432 65.
810 1413 848 1432 ex
864 1413 929 1441 qua

209 1440 291 1471 nihil
306 1447 423 1473 restat:
449 1453 507 1473 nec
523 1447 600 1473 aetas
614 1445 682 1482 ejus
696 1445 773 1474 satis
788 1449 886 1474 certa.

250 1483 289 1514 de
304 1484 453 1515 ΑΜΒιτυ.
482 1486 672 1525 Calpurnia,
702 1487 839 1522 Oet-ilia,
865 1487 928 1517 Fa-

207 1523 272 1561 bia,
286 1526 395 1562 dulia,
410 1528 553 1564 Licinia,
572 1528 694 1559 Tullia.

248 1567 424 1599 AN'roxiffi.
448 1569 507 1609 Ep.
531 1571 585 1600 xii.
613 1574 657 1600 ¹4.
680 1570 706 1600 si
719 1580 794 1600 vera
815 1570 925 1607 lectio,

207 1607 247 1638 de
262 1609 299 1639 iis
315 1611 438 1649 legibus
456 1611 599 1651 loquitur
615 1613 740 1648 Cicero,
756 1612 794 1641 de
809 1613 925 1651 quibus

207 1650 314 1682 multa
330 1653 483 1683 dicuntur
506 1655 539 1684 in
562 1654 743 1694 Philippica
764 1656 869 1694 priina
891 1659 924 1685 et

206 1694 359 1732 secunda,
375 1706 453 1734 quas
469 1696 501 1726 in
514 1696 695 1726 Consulatu
713 1696 852 1726 secundo
869 1707 925 1736 per

205 1735 271 1765 vim
287 1741 320 1766 et
339 1744 454 1767 contra
470 1739 612 1778 auspicia
626 1739 725 1776 tulit;
752 1739 831 1768 item
846 1749 923 1777 quas

203 1786 222 1806 e
244 1778 363 1809 tabulis
388 1781 522 1810 Caesaris
552 1781 679 1811 dicebat
706 1791 739 1810 se
767 1780 922 1820 proferre,

203 1820 287 1857 quod
305 1828 499 1852 convenerat
517 1823 549 1852 in
568 1824 702 1859 Senatu,
718 1823 834 1861 quietis
848 1833 922 1852 cau-

201 1868 248 1897 sa,
260 1868 331 1893 acta
342 1864 476 1894 Caesaris
491 1870 561 1895 rata
574 1865 702 1895 habere.
714 1865 921 1895 Nominatim

202 1907 605 1947 menu>raturjudiciarffl,
622 1917 717 1945 quarn
740 1907 772 1936 in
796 1907 921 1936 Consu-

199 1944 270 1976 latu
286 1958 359 1978 cum
376 1949 501 1979 Caesare
514 1949 604 1986 tulit,
619 1949 702 1979 Phil.
719 1950 740 1983 i,
756 1951 784 1979 5.
799 1949 866 1986 viii,
882 1953 912 1982 9.

241 1989 405 2028 ΑΡυιΕιΑ,
421 1992 462 2021 L.
479 1991 665 2025 Saturnini.
680 1991 803 2021 tribuni
817 1991 860 2031 pl.
883 1992 920 2021 de

200 2028 385 2072 Ilsqjestttte.
401 2034 468 2064 Cic.
483 2033 522 2063 de
536 2035 628 2063 Orat.
644 2035 675 2063 ii.
692 2036 742 2063 ⁸25.
756 2036 807 2066 49.
822 2034 859 2064 A.
877 2033 918 2063 U.

198 2079 290 2103 DCL1.
306 2074 386 2111 lata,
408 2076 576 2106 occasione
599 2082 762 2111 motuum,
778 2076 830 2114 qui
854 2076 920 2105 Ro-

197 2123 261 2143 mae
283 2117 386 2147 exorti
410 2122 499 2154 sunt,
516 2128 590 2147 cum
615 2118 737 2148 Cimbri
759 2118 917 2157 superatis

196 2155 333 2196 Alpibus
367 2159 407 2198 Ω.
436 2160 544 2189 Catuli
577 2162 756 2190 exercitum
785 2159 918 2189 invasis-

196 2203 281 2235 sent,
295 2206 329 2230 ct
340 2203 462 2240 equites
476 2202 616 2232 Romani
630 2202 750 2232 relictis
764 2201 917 2241 praesidiis

196 2237 335 2272 Romam
356 2244 525 2283 fugissent,
541 2255 604 2282 qua
617 2255 650 2274 re
672 2245 849 2274 imminuta
862 2254 918 2283 po-

194 2282 264 2321 puli
276 2283 371 2316 Rom.
387 2288 536 2327 majestas
546 2287 723 2317 videbatur.
738 2297 767 2317 v,
781 2285 913 2325 Pighius

194 2323 235 2354 ad
249 2324 279 2354 h.
295 2336 323 2356 a.

234 2367 400 2405 APoLmA,
415 2370 514 2409 ejusd.
532 2370 574 2400 L.
590 2370 766 2401 Saturnini
782 2369 855 2399 trib.
869 2368 913 2408 pl.

192 2406 232 2437 A.
249 2409 289 2439 U.
306 2419 425 2441 DCL111.
441 2423 499 2451 pro
515 2412 613 2442 Corn.
631 2412 733 2442 Balbo
748 2423 775 2441 c.
792 2413 842 2442 21.
867 2411 915 2440 Ea

190 2450 270 2481 tulit
293 2454 331 2482 cle
353 2455 480 2484 colomis
501 2455 536 2484 in
559 2455 721 2490 Siciliam,
749 2454 910 2484 Achaiam

189 2492 479 2535 Macedoniamque
492 2497 694 2531 deducendis,
707 2496 802 2526 simul
818 2495 910 2525 (letu-

190 2533 230 2564 lit
245 2536 364 2573 Mario,
380 2543 416 2567 ut
437 2538 470 2568 in
485 2539 629 2578 singulas
644 2539 787 2568 colonias
800 2542 910 2567 ternos

189 2576 274 2607 cives
290 2585 426 2616 crearet,
442 2580 503 2610 hoc
525 2581 673 2616 consiliu,
688 2586 727 2610 ut
748 2591 786 2610 eo
802 2580 909 2609 minus

188 2616 265 2649 huic
278 2622 438 2659 rogationi
453 2622 489 2652 C.
505 2622 629 2653 Marius
644 2622 766 2652 Consul
781 2623 907 2652 resiste-

187 2665 249 2691 ret.
284 2663 345 2693 Sed
358 2674 395 2693 ea
409 2664 461 2694 lex
474 2665 598 2703 perlata
612 2675 677 2694 non
692 2669 752 2701 est,
768 2669 806 2694 ut
821 2675 837 2694 e
854 2664 906 2694 Ci-

187 2713 304 2734 cerone
317 2705 339 2735 l.
353 2716 380 2735 c.
392 2706 531 2746 intelligi
544 2712 663 2746 potest.
676 2707 728 2737 De
738 2707 852 2737 ceteris
862 2706 907 2736 le-

186 2745 281 2784 gibus
303 2747 433 2787 Apuleii
447 2749 749 2788 popularibus‚jain
774 2759 793 2779 a
808 2749 906 2778 Grac-

186 2785 256 2817 chis
271 2790 500 2828 promulgatis,
513 2801 542 2820 V.
557 2791 641 2821 Flor.
658 2792 703 2820 iii.
724 2791 770 2820 16.
787 2791 854 2820 Cic.
867 2790 905 2820 de

185 2827 266 2866 Leg.
280 2830 313 2860 ii.
329 2831 358 2860 6.
375 2831 548 2872 Nieuport.
565 2833 652 2863 Hist.
667 2833 763 2863 Rom.
779 2833 832 2863 vii.
849 2835 879 2862 8.

225 2871 378 2904 APvLfflA
393 2873 655 2905 FRUMENTARiA.
669 2875 732 2905 vid.
746 2874 904 2904 meen-

182 2914 287 2944 tarioe.

222 2955 390 2991 Aonium
428 2958 527 3000 (forte
567 2958 600 2990 C.
635 2959 774 2999 Aquillz'i
815 2957 906 2989 Galli

793 183 949 214 INDEX
976 184 1160 215 LEGUM.

985 269 1076 301 Trib.
1098 271 1156 312 pl.)
1182 271 1220 301 de
1241 271 1359 302 (Iamno
1383 271 1511 312 injuria
1533 272 1618 303 dato.
1663 271 1711 303 Ea

985 317 1046 348 est,
1059 323 1155 352 quam
1167 314 1233 343 Cic.
1248 314 1280 344 in
1292 315 1394 344 Bruto
1405 326 1430 344 c.
1445 318 1496 345 34.
1509 320 1591 345 extr.
1601 315 1711 354 appel-

985 354 1032 384 lat
1055 355 1094 384 de
1117 355 1277 385 chstitiaa:
1300 366 1358 395 pro
1387 366 1450 395 quo
1475 356 1619 395 quidam,
1643 366 1709 387 non

986 397 1147 434 probante
1162 398 1318 433 Grutero,
1335 398 1468 437 legunt:
1501 397 1642 438 injuria,
1658 398 1708 428 vel

983 436 1156 476 injustitia.
1201 439 1373 476 Omnibus,
1387 440 1426 470 de
1451 440 1571 470 damno
1588 439 1708 478 injuria

983 478 1073 515 dato,
1088 479 1223 519 legibus,
1240 491 1312 519 quae
1334 487 1411 511 ante
1433 488 1529 512 erant
1545 482 1633 518 latae,
1651 481 1706 511 de-

984 522 1122 557 rogavit,
1149 527 1185 552 ut
1222 523 1268 552 ait
1292 523 1452 563 Ulpianus
1481 524 1501 554 l.
1532 532 1629 554 xvni.
1665 523 1706 553 ad

982 562 1137 593 edictum.
1193 564 1274 602 Ejus
1311 565 1466 604 reliquias
1503 576 1522 596 a
1558 566 1637 595 Caio
1671 569 1707 596 et

984 603 1125 644 Ulpiano
1138 612 1278 636 servatas
1292 606 1494 637 illustravere
1511 607 1705 644 Baliluinus,

982 645 1109 683 Noodt,
1122 652 1154 677 et
1170 647 1256 677 docti
1271 649 1330 678 viri
1348 649 1386 678 ad
1402 648 1517 678 Caium
1538 649 1571 678 in
1588 649 1704 679 Schul-

981 688 1076 726 tingii
1090 689 1228 728 Jurispr.
1243 690 1328 720 Ante
1342 690 1464 721 «lustin.
1479 700 1510 730 p.
1524 700 1568 720 m.
1585 694 1653 725 179.

1022 731 1190 765 AQUlLLIA
1212 731 1245 761 C.
1258 732 1394 771 Aquillii
1418 732 1519 769 Gaui,
1535 733 1702 763 Ciceronis

980 770 1160 808 familiaris,
1175 773 1212 803 (le
1224 773 1293 803 dolo
1306 776 1403 809 malo,
1416 781 1510 812 quein
1524 780 1594 804 tum
1608 779 1702 805 tene-

981 813 1005 842 ri
1025 815 1174 853 putabat,
1193 825 1267 845 cum
1290 815 1379 845 aliud
1393 820 1476 845 esset
1492 815 1699 854 simulatum,

979 854 1067 885 aliud
1081 862 1202 886 actum.
1226 857 1382 887 Omnium
1395 857 1596 888 malitiarum
1611 869 1702 889 ever-

979 897 1118 928 riculum
1142 898 1225 928 hanc
1241 899 1345 938 legem
1360 899 1502 938 appellat
1527 900 1645 930 Cicero
1661 901 1700 931 de

977 938 1018 968 N.
1034 940 1081 970 D.
1094 941 1139 970 iii.
1155 943 1205 970 30.
1220 941 1260 970 cf.
1277 942 1316 971 de
1338 941 1401 971 Off.
1417 941 1461 971 iii.
1481 943 1528 971 14.
1572 940 1623 972 De
1640 942 1701 972 hac

975 980 1045 1020 lege
1067 986 1117 1012 est
1139 992 1257 1012 comm.
1271 983 1302 1012 J.
1318 983 1452 1014 Svaresii
1470 982 1643 1014 Mendozae
1666 984 1699 1014 in

974 1022 1072 1053 Thes.
1100 1024 1305 1055 Meernianni
1327 1025 1427 1056 T.11.
1443 1026 1499 1064 qui
1523 1030 1618 1065 putat
1639 1036 1697 1056 au-

973 1068 1097 1095 ctorem
1121 1075 1188 1096 esse
1210 1066 1259 1096 M.
1283 1067 1450 1106 Aquilium
1471 1067 1568 1097 Cous.
1591 1067 1630 1097 A.
1655 1068 1696 1098 U.

978 1114 1105 1137 Dcxxv.
1139 1109 1201 1138 Sed
1215 1109 1267 1139 hic
1282 1109 1430 1139 Ciceroni
1443 1109 1611 1140 familiaris
1626 1120 1694 1141 esse

978 1157 1042 1178 non
1060 1150 1180 1189 potuit.

1017 1191 1139 1222 ΑΤιΝιΑ
1160 1192 1194 1221 in
1215 1191 1305 1222 Verr.
1321 1191 1344 1222 l.
1365 1193 1385 1223 i.
1408 1203 1435 1223 c.
1458 1195 1508 1224 42.
1538 1193 1576 1223 (Ie
1601 1193 1696 1224 rebus

963 1231 1065 1271 ιίῗιινίο
1079 1235 1237 1272 surreptis
1251 1244 1313 1263 non
1325 1244 1386 1264 usu
1398 1235 1560 1274 capiendis
1570 1248 1578 1264 :
1601 1237 1694 1275 cujus

974 1274 1042 1304 hzec
1056 1277 1152 1306 verba
1164 1276 1311 1312 fuerunt,
1324 1277 1408 1316 quod
1417 1282 1603 1317 surreptum
1617 1279 1693 1315 erit,

973 1315 1042 1356 ejus
1051 1323 1172 1348 oelerna
1186 1319 1364 1348 auctoritas
1375 1323 1448 1349 esto.
1463 1329 1492 1349 v.
1507 1318 1590 1349 Gell.
1606 1327 1692 1357 xvn,

972 1362 1000 1392 7.
1014 1359 1157 1389 Verbum
1166 1364 1353 1399 surreptum
1365 1361 1505 1400 explicat
1518 1361 1693 1392 Gothofre-

971 1400 1030 1430 (lus
1044 1401 1083 1432 ad
1105 1410 1165 1432 xu.
1179 1402 1268 1432 tabb.
1282 1407 1315 1432 ct
1329 1407 1516 1442 surreptum
1530 1403 1628 1433 latius
1641 1413 1690 1434 es-

971 1452 1004 1472 se
1018 1443 1207 1483 resur-tiva,
1223 1444 1356 1482 cuijain
1372 1446 1405 1474 in
1421 1453 1481 1475 xii.
1500 1445 1582 1475 Tab.
1596 1449 1691 1476 aeter-

971 1494 1014 1515 na
1028 1487 1205 1516 auctoritas
1217 1486 1383 1516 tribuitur.
1418 1487 1512 1517 Tulit
1525 1487 1690 1518 Tribunus

970 1528 1101 1566 quidam
1116 1528 1257 1558 Atinius.
1282 1528 1362 1567 Ejus
1375 1529 1407 1558 in
1421 1529 1689 1559 Institutionibus

969 1573 1004 1598 et
1019 1565 1184 1600 Paiulecte
1199 1570 1369 1609 aliquoties
1383 1571 1421 1600 fit
1437 1572 1571 1601 mentio.
1615 1571 1689 1602 vid.

968 1611 1145 1642 Menarclus
1159 1613 1199 1642 ad
1216 1612 1319 1642 Cicer.
1341 1612 1361 1642 1.
1385 1623 1411 1642 c.
1455 1613 1602 1652 Quaestio
1623 1614 1688 1644 fuit

968 1653 1054 1683 inter
1064 1654 1166 1684 JCtos
1181 1659 1317 1690 vetereS,
1331 1659 1464 1685 auctore
1476 1655 1515 1695 Ω.
1530 1655 1686 1692 Scaevola,

967 1700 1079 1725 utrum
1092 1707 1131 1726 ea
1142 1696 1192 1726 lex
1205 1697 1238 1725 in
1251 1697 1455 1735 praeteritum
1468 1697 1581 1733 etiam,
1594 1707 1636 1727 an
1651 1698 1685 1728 in

966 1737 1114 1768 futurum
1129 1744 1263 1768 tantum
1283 1738 1415 1769 valeret.
1435 1739 1498 1769 vid.
1519 1739 1642 1769 Gellius
1663 1740 1685 1770 l.

966 1789 993 1809 c.
1020 1780 1198 1810 Balduinus
1219 1781 1356 1820 durispr.
1382 1781 1525 1811 Mucian.
1553 1791 1585 1821 p.
1610 1784 1682 1813 281.

965 1823 1036 1852 932.
1060 1822 1235 1852 Menardus
1251 1821 1271 1851 l.
1286 1833 1313 1852 c.
1358 1822 1470 1853 Cicero
1491 1823 1620 1862 quidem
1637 1824 1684 1854 di-

964 1869 1062 1901 serte,
1075 1864 1147 1894 loco
1162 1865 1275 1901 citam,
1292 1874 1363 1894 eam
1376 1864 1425 1895 his
1437 1865 1562 1904 legibus
1577 1876 1683 1896 annu-

964 1911 1081 1943 merat,
1105 1916 1177 1945 quae
1199 1908 1232 1936 in
1260 1911 1427 1946 posterum
1448 1911 1614 1944 statuunt,
1643 1919 1682 1939 ex

963 1947 1062 1987 iisque
1081 1949 1194 1978 docere
1209 1949 1355 1988 suscipit,
1372 1958 1438 1978 non
1458 1959 1550 1989 posse
1563 1960 1583 1980 a
1595 1950 1681 1981 Prae-

962 1994 1034 2020 tore
1046 1991 1126 2020 edici
1140 1991 1174 2020 in
1188 1991 1402 2030 praeteritum.

1003 2032 1088 2062 Anu
1106 2032 1185 2067 Lex,
1201 2033 1241 2062 ad
1253 2032 1323 2062 Att.
1339 2033 1380 2062 vi.
1394 2035 1425 2064 ⁶2.
1441 2031 1494 2062 vid
1514 2032 1666 2064 Gabinia.

1001 2074 1158 2104 AURELiA
1168 2074 1396 2113 estjudiciaria
1409 2074 1450 2105 L.
1463 2074 1590 2105 Aurelii
1610 2076 1681 2107 Cot-

960 2120 1009 2145 tce.
1055 2117 1151 2151 Cum,
1167 2126 1186 2146 a
1201 2116 1312 2156 primis
1326 2117 1528 2156 temporibus
1537 2117 1680 2157 judicio·-

960 2168 1046 2194 rum,
1076 2169 1114 2188 ea
1149 2167 1245 2197 penes
1279 2163 1428 2188 senatum
1451 2158 1602 2196 fuissent,
1639 2161 1676 2191 C.

960 2200 1125 2230 Gracchus
1154 2200 1196 2241 (v,
1220 2200 1412 2240 Sempronia
1434 2200 1496 2241 lex)
1521 2200 1613 2238 tulit,
1637 2207 1678 2233 ut

960 2247 1093 2281 propter
1106 2242 1275 2272 avaritiam
1294 2247 1483 2272 senatorum
1497 2243 1537 2272 ad
1551 2244 1675 2282 equites

956 2285 1222 2314 transferrentur.
1281 2284 1325 2314 Hi
1349 2285 1397 2314 ita
1418 2293 1525 2314 severe
1547 2285 1674 2324 judica-

956 2326 1049 2362 bant,
1079 2332 1116 2357 ut
1139 2327 1208 2366 ipso
1234 2326 1389 2356 Cicerone
1413 2330 1497 2356 teste
1521 2327 1555 2356 in
1580 2327 1673 2358 Verr.

956 2368 1029 2398 Aet.
1045 2369 1065 2398 i.
1081 2379 1108 2399 c.
1128 2371 1175 2398 13.
1200 2378 1377 2408 numquam
1392 2378 1487 2406 eques
1509 2369 1542 2398 in
1553 2369 1672 2408 jtldici-

957 2421 1012 2440 um
1041 2416 1099 2440 aut
1134 2411 1350 2451 suspicionem
1386 2417 1491 2450 captae
1526 2413 1673 2450 pecuniae

953 2457 1087 2493 propter
1116 2462 1182 2483 rem
1210 2451 1419 2491 judicandam
1449 2457 1584 2483 vocatus
1616 2454 1670 2485 sit.

953 2495 1015 2524 Sed
1033 2500 1128 2524 erant
1149 2499 1261 2524 tamen
1276 2495 1450 2533 iniquiores
1473 2495 1621 2532 Senatui,
1636 2502 1671 2527 et

954 2546 1022 2565 reos
1044 2541 1208 2566 senatores
1224 2537 1320 2566 nimis
1342 2535 1456 2576 cupide
1473 2537 1671 2568 condemna-

951 2577 1044 2615 bant,
1061 2579 1094 2608 in
1115 2578 1238 2618 primis,
1254 2578 1279 2608 si
1295 2588 1392 2616 quern
1413 2578 1596 2614 constabat,
1612 2584 1671 2611 aut

950 2620 984 2649 in
995 2622 1129 2656 Senatu,
1143 2620 1243 2650 autin
1256 2620 1451 2657 magistratu
1463 2620 1668 2659 provinciali,

949 2663 1128 2702 publicanis
1138 2662 1378 2702 impudentibus
1393 2671 1459 2691 non
1474 2662 1551 2692 satis
1560 2662 1668 2693 indul-

948 2705 1034 2734 sisse.
1080 2705 1194 2743 ltaque
1208 2713 1284 2734 cum
1298 2703 1419 2734 frustra
1433 2704 1503 2742 lege
1519 2704 1618 2734 Livia
1631 2711 1668 2736 et

949 2746 1090 2777 Plautia
1100 2747 1204 2776 latum
1214 2750 1309 2781 esset.
1316 2750 1354 2775 ut
1362 2746 1523 2784 equitibus
1531 2750 1565 2776 et
1573 2755 1667 2777 sena-

948 2790 1074 2819 toribus
1084 2794 1192 2818 essent
1198 2788 1530 2827 conimuniajudicia3
1545 2788 1582 2818 C.
1592 2789 1666 2818 Sul-

949 2831 981 2861 la
994 2830 1127 2861 tandem
1150 2831 1294 2860 restituit
1313 2830 1516 2860 senatoribus
1527 2829 1663 2869 judicia.

948 2874 1010 2903 Sed
1033 2883 1074 2902 ne
1095 2877 1169 2902 tum
1191 2871 1334 2911 quidem,
1355 2877 1393 2902 ut
1407 2883 1423 2901 e
1439 2871 1606 2909 Cicerone,
1629 2873 1665 2904 in

948 2915 1125 2955 primisque
1137 2914 1295 2950 Verrinis,
1317 2913 1457 2952 intelligi
1478 2918 1599 2953 potest,
1613 2923 1664 2944 re-

947 2957 1207 2998 ctejudieabant.
1224 2957 1351 2995 ltaque,
1364 2965 1439 2987 cum
1453 2955 1508 2986 diu
1520 2956 1610 2999 plebs
1625 2955 1666 2988 de
