1800 3131
143 184 231 225 '214

152 285 200 316 lui
224 285 394 316 consulere
419 286 536 326 pudori
564 290 598 317 et
619 287 730 326 famae,
755 288 876 325 facore,

155 339 228 368 quae
245 330 351 370 pudor
373 334 407 359 et
424 331 514 360 sama
533 331 714 370 postulant.
738 332 756 349 ’κ
768 333 876 362 cedere

152 372 320 403 interdum
346 378 396 403 est
419 374 617 413 simpliciter
640 385 698 414 pro
718 376 820 412 abire,
839 380 876 405 ut

152 416 188 447 in
211 416 267 447 illo
289 418 397 447 cedere
420 419 488 447 vita
511 419 568 448 &c
595 419 687 448 Cato.
715 422 762 453 19.
788 419 874 448 1101·ae

153 460 287 499 quidem
304 461 427 490 cedunt
443 468 473 491 et
493 461 560 492 dies
577 467 609 492 et
624 472 753 491 mensos
770 469 803 491 et
816 472 874 491 an-

151 504 198 534 ni.
215 504 253 533 de
270 504 432 534 formula:
458 506 566 535 cedere
581 505 662 535 foro.
679 516 708 535 v.
728 505 856 534 Forum.

200 547 324 578 Celeber
347 547 448 578 locus.
477 549 594 578 Partit.
623 551 670 577 10.
697 549 876 588 opponitur

152 589 293 621 deserto.
327 591 425 621 Arch.
456 596 486 622 3.
525 592 600 622 urbs
631 593 772 628 celebris,
804 592 823 621 i.
847 602 875 621 e.

150 634 322 665 abundans
351 635 465 665 incolis
495 641 529 664 ct
557 635 722 673 frequens.
758 634 874 664 Manil.

154 679 202 708 1‘2.
233 684 347 718 portus
375 679 605 709 celeberr-onus.
639 678 718 708 Lael.
744 682 774 707 3.
807 678 874 707 dics

148 723 384 758 celeberrimus,
424 722 558 758 dicitur,
597 731 661 760 quo
703 721 874 751 Africanus

149 766 255 804 major
277 776 296 794 a
318 770 449 801 senatu,
467 764 600 804 populo,
617 765 711 794 sociis
736 766 794 795 &cu
819 765 876 794 do-

149 818 242 838 mum
265 808 426 838 deductus
443 818 524 838 crat.
549 808 589 837 ad
614 808 760 838 Herenn.
787 809 818 839 ii.
843 811 873 838 4.

148 850 239 882 locus
256 853 384 881 celebris
400 862 441 881 an
459 852 619 881 desertus.
645 852 697 881 Sic
713 852 786 882 edd.
803 862 873 882 om—

148 904 225 924 nes:
264 900 298 925 et
323 895 369 924 sic
395 895 521 934 aliquot
547 895 627 924 locis
653 895 726 925 libri
752 895 875 932 Taciti,

146 938 210 968 vid.
228 948 301 977 quae
317 938 383 968 dixi
400 940 440 968 ad
457 938 494 968 A.
513 939 546 969 ii.
563 942 614 969 88.
637 939 754 969 Aureae
766 940 874 969 zrtatis

146 983 322 1021 scriptores
350 982 568 1012 masculinum
596 992 727 1022 semper
751 982 875 1012 habent

146 1026 285 1055 celeber.-
323 1030 357 1054 et
388 1026 442 1056 ubi
475 1025 610 1064 quidam
642 1025 716 1055 libri
745 1027 874 1056 celebris

145 1069 263 1106 edunt,
281 1068 336 1098 alii
352 1074 465 1099 tamen
485 1069 629 1099 alterum
647 1069 785 1099 habent.

194 1113 374 1143 (klebracio.
392 1113 564 1143 confluxus
582 1113 756 1143 hominum
776 1113 809 1142 in
826 1113 872 1143 lo-

146 1165 223 1185 cum
248 1156 404 1195 aliquem.
436 1156 517 1186 Sull.
543 1157 594 1187 96.
618 1157 701 1196 Quae
726 1157 869 1187 domus?

145 1209 218 1238 quae
235 1201 404 1230 celebratio
420 1200 636 1239 quotidiana?
662 1201 871 1231 *conventus

145 1242 319 1273 hominum
346 1243 513 1283 frequens.
537 1244 631 1274 Offic.
660 1245 680 1274 i.
706 1247 738 1274 4.
766 1244 872 1274 homi·

144 1295 227 1316 num
243 1293 347 1317 coetus
364 1292 398 1318 et
413 1288 632 1318 celebrationes
647 1288 748 1318 obire.

193 1330 372 1361 Celebretas.
411 1338 594 1362 conventus
626 1335 660 1361 et
698 1331 870 1362 confluxus

143 1372 333 1412 hominum,
350 1376 431 1404 item
449 1375 488 1405 de
505 1375 590 1411 loco,
608 1375 662 1405 ubi
679 1375 869 1414 frequentes

143 1420 319 1448 convenire
345 1417 499 1448 homines
521 1419 638 1449 solent.
661 1418 761 1449 Tusc.
785 1429 814 1448 v.
839 1423 869 1450 3.

141 1461 246 1491 totius
259 1463 395 1492 Graeciae
410 1464 586 1500 celebritas,
605 1463 643 1492 de
660 1461 745 1492 ludis
758 1462 871 1502 Olym-

143 1505 234 1544 picis.
266 1505 307 1535 ad
322 1506 399 1536 Div.
416 1506 471 1536 vii.
489 1508 519 1537 2.
550 1506 870 1545 celebritasjudicio-

141 1557 228 1585 rum,
246 1549 267 1578 i.
284 1560 311 1578 e.
336 1550 371 1579 in
387 1550 506 1588 quibus
518 1551 557 1580 fit
570 1560 750 1580 concursus
762 1549 868 1580 homi-

141 1601 234 1622 num.
262 1593 357 1622 Offie.
381 1594 426 1623 iii.
454 1596 481 1623 l.
512 1594 546 1623 in
573 1593 718 1623 maxima
740 1594 869 1623 celebri-

138 1639 206 1666 tate
236 1640 335 1675 atque
366 1637 401 1666 in
431 1637 535 1666 oculis
565 1637 686 1667 civium
716 1637 868 1667 viximus.

141 1678 220 1718 Leg.
239 1680 271 1709 ii.
289 1680 341 1711 26.
365 1680 498 1710 sublata
520 1681 622 1710 etiam
646 1685 717 1710 erat
740 1682 868 1711 celebri-

137 1727 188 1753 tas
204 1723 349 1753 virorum
375 1728 409 1753 et
430 1724 754 1754 mulierum—habet
777 1725 865 1754 enim

138 1766 266 1796 luctum
285 1777 465 1798 concursus
479 1768 665 1797 hominum.
685 1767 724 1797 de
741 1768 866 1798 funeri-

137 1809 210 1839 bus.
245 1810 333 1840 *Off
363 1811 397 1841 ii.
427 1815 475 1841 13.
507 1811 533 1840 si
561 1812 633 1850 quis
661 1811 701 1841 ab
727 1812 864 1841 ineunte

137 1858 238 1883 aetate
269 1855 458 1885 celebr-isatis
491 1865 624 1884 causam
654 1865 692 1884 ac
720 1856 865 1884 nominis

137 1897 247 1927 habet.
276 1899 331 1936 qui
356 1899 396 1928 ab
423 1899 561 1929 ineunte
586 1905 684 1929 aetate
713 1903 804 1929 certa
827 1899 865 1928 de

137 1951 237 1970 causa
255 1946 353 1971 notus
365 1942 518 1972 omnibus
531 1946 592 1972 est.

185 1984 361 2015 Celebrare.
383 1986 441 2015 Or.
469 1986 490 2016 i.
519 1990 544 2016 1.
578 1986 739 2016 celebrare
765 1990 864 2023 artes,

137 2027 254 2058 colere.
279 2028 412 2059 Muren.
435 2032 488 2060 4¹..
512 2029 640 2059 factum
660 2039 730 2058 esse
748 2039 866 2059 consu-

138 2070 218 2108 lem,
234 2072 347 2101 nuncii
363 2072 534 2112 literaeque
550 2074 767 2103 celebrassent.
784 2072 816 2102 h.
836 2083 865 2102 e.

134 2115 239 2145 crebri
250 2116 362 2145 nuncii
371 2115 540 2155 literaeque
550 2117 775 2146 nunciassent.
784 2116 865 2146 Sull.

135 2161 166 2188 ⁶2.
191 2168 333 2197 quorum
349 2160 460 2190 studio
476 2170 513 2189 ac
530 2160 693 2199 dignitate
711 2161 865 2190 celebrari

134 2201 197 2231 hoc
213 2202 380 2241 judicium
406 2203 508 2240 vides,
526 2203 565 2232 de
589 2203 769 2240 advocatis,
787 2213 864 2233 cum

133 2244 324 2284 frequentes
340 2247 471 2276 adsunt.
501 2246 557 2277 Or.
575 2247 595 2276 i.
613 2250 666 2277 45.
697 2249 864 2277 senectuti

133 2290 329 2319 celebrandae
351 2290 557 2329 perfugium,
576 2291 699 2320 dicitur
719 2300 782 2328 res,
800 2301 865 2329 qua

134 2333 290 2369 efficitur,
304 2338 341 2363 ut
355 2334 455 2363 ctiam
469 2344 587 2364 senum
601 2333 685 2363 aedcs
696 2333 864 2364 celebren-

132 2380 190 2405 tur
205 2376 402 2406 adeuntium
417 2377 648 2407 multitudine.
670 2377 763 2407 Verr.
777 2378 797 2407 i.
811 2378 863 2408 26.

138 2419 325 2450 Celebratm·
348 2422 499 2451 omnium
515 2431 666 2451 sermone
682 2420 864 2459 laetitiaque

133 2463 335 2501 convivium,
354 2474 429 2493 cum
454 2474 569 2494 omncs
591 2464 736 2494 convivae
753 2464 865 2494 hilari-

133 2510 187 2536 ter
217 2506 396 2545 multisque
434 2508 641 2538 sermonibus
677 2508 863 2537 convivium

131 2554 309 2590 peragunt.
341 2551 433 2581 Prov.
467 2551 564 2581 cons.
596 2556 626 2585 9.
658 2551 865 2581 celebrantur

133 2603 229 2623 aures
251 2603 333 2623 mcae
358 2595 448 2624 novis
473 2595 662 2624 nominibus
687 2595 860 2633 gentium:

135 2636 157 2667 i.
174 2647 201 2666 e.
220 2646 306 2675 saepe
324 2638 422 2667 audio
441 2648 525 2667 nova
541 2639 688 2668 nomina.

180 2680 345 2719 Celei-iper.
371 2681 439 2710 Att.
460 2682 501 2711 ix.
519 2686 549 2715 7.
572 2681 674 2711 Venit
693 2689 806 2711 autem
823 2692 861 2712 eo

131 2723 204 2763 ipso
226 2723 277 2753 die
301 2724 354 2753 ille
376 2727 535 2765 celeripes,
553 2735 652 2764 quem
669 2725 797 2755 Salvius
814 2726 862 2756 di-

133 2771 238 2797 xerat.

179 2810 274 2840 Cella.
292 2810 391 2840 aedes.
416 2810 499 2840 Phil.
516 2811 550 2840 ii.
568 2815 596 2841 8.
627 2812 713 2842 Cella
725 2822 861 2842 concor-

128 2853 203 2883 diae.
228 2853 359 2889 *los-us,
379 2854 431 2883 ubi
449 2855 604 2884 conditur
619 2856 652 2885 in
669 2866 747 2885 usus
767 2856 859 2886 futu-

130 2906 193 2927 ros.
219 2906 249 2926 v,
275 2907 304 2926 c.
330 2897 552 2933 frumcn'um,
579 2904 636 2929 aut
667 2900 791 2929 vinum.
823 2900 857 2929 in

129 2939 241 2971 Caecil.
269 2943 307 2971 10
350 2941 560 2970 frumentum
583 2942 615 2971 in
639 2945 767 2980 cellam,
793 2947 856 2981 est,

124 2984 215 3024 quod
237 2983 431 3025 provinciali
456 2985 666 3024 magistratui
688 2996 708 3017 a
724 2986 855 3027 provin-

658 198 808 226 INDEX
839 198 971 225 LATIN
980 198 1117 225 ITATIS
1124 215 1132 225 .

921 288 1058 318 cialibus
1087 287 1197 324 datur,
1222 287 1309 317 unde
1332 296 1408 317 cum
1432 288 1499 318 suis
1522 296 1644 329 panem

920 331 1050 361 habeat.
1068 341 1096 360 v.
1116 332 1248 362 cibaria.

967 376 1083 404 (fessus.
1119 376 1175 406 Or.
1204 376 1224 404 i.
1251 378 1303 406 40.
1337 374 1408 404 haec:
1433 374 1644 411 ignorantem

919 423 1067 448 erectum
1093 424 1127 447 ct.
1149 420 1268 448 celsum
1293 418 1404 457 vag-ari
1429 427 1550 457 magna
1566 429 1643 449 cum

920 469 1051 490 caterva
1067 467 1138 491 tom
1154 465 1235 492 foro.
1254 464 1312 491 civ.
1338 461 1377 491 ‹h-
1400 461 1514 491 habitu
1538 461 1644 492 homi-

920 505 969 534 nis
993 505 1054 534 sihi
1082 505 1173 535 valde
1200 505 1409 535 confidentis.
1437 506 1490 535 Sic
1514 510 1549 535 et
1573 504 1644 536 Liv.

920 558 993 577 xxx.
1011 550 1062 577 132.
1086 556 1169 578 extr.
1189 549 1242 578 ubi
1260 559 1288 579 v.
1305 549 1433 579 Duker.

968 591 1087 621 (cneco.
1111 592 1151 622 ad
1168 593 1242 622 Div.
1262 593 1302 622 ix.
1320 594 1352 622 ⁶3.
1373 593 1434 622 tibi
1456 592 1560 631 igitur
1579 591 1644 633 hoc

919 644 1034 664 censeo.
1061 635 1156 664 Catil.
1169 637 1211 665 iv.
1224 637 1253 666 6.
1277 646 1335 675 pro
1351 636 1461 672 credo,
1474 636 1545 665 sine
1560 635 1645 675 regi-

920 679 1020 707 mine.
1053 678 1181 708 *Al-ch.
1214 680 1243 708 6.
1278 689 1316 708 ex
1345 679 1394 709 his
1424 679 1542 710 studiis
1573 679 1644 710 haec

918 731 1046 760 quoque
1064 726 1208 751 censcfztr
1224 723 1328 752 oratio
1349 728 1383 752 et
1398 723 1551 760 facultas,
1568 723 1589 753 ἱ.
1614 733 1643 754 e.

919 769 988 801 aut,
1007 765 1193 803 judicatur,
1217 767 1415 803 restituatur,
1435 772 1473 796 ut
1499 766 1643 797 Budaeus

917 808 1159 848 interpretatur
1184 809 1224 838 ad
1251 809 1433 839 Pandectas
1459 820 1491 850 p.
1519 820 1563 840 m.
1592 811 1642 841 16.

918 862 982 890 quo
1006 862 1104 882 sensu
1129 858 1179 882 est
1196 851 1297 882 etiam
1320 853 1355 882 in
1378 853 1533 883 Paradox.
1551 854 1593 884 vi.
1611 856 1642 885 2.

917 895 958 924 cf.
972 895 1134 925 Schwarz.
1153 895 1193 925 ad
1212 895 1294 925 Plin.
1312 896 1390 925 Pan.
1404 907 1435 936 p.
1453 899 1504 927 33.
1523 903 1594 934 aut,
1608 898 1642 927 in

918 938 1035 969 horum
1052 939 1239 969 studiorum
1255 950 1375 979 genere
1393 940 1538 979 ponitur.
1562 940 1644 971 *est

917 983 1020 1012 etiam
1038 983 1233 1013 vocabulum
1246 984 1416 1023 proprium
1429 984 1642 1021 Senatorum,

917 1036 992 1058 cum
1013 1027 1216 1056 sententiam
1241 1027 1359 1057 dicunt
1382 1027 1415 1056 in
1439 1027 1574 1057 Senatu.
1600 1027 1643 1058 ad

917 1069 993 1099 Div.
1010 1071 1054 1099 xi.
1071 1072 1122 1100 ⁶20.
1147 1071 1174 1100 si
1187 1070 1249 1100 tibi
1261 1070 1404 1107 videtur,
1418 1080 1512 1109 agros
1525 1080 1641 1101 eorum

917 1113 1158 1143 militum—his
1171 1114 1294 1143 dandos
1307 1125 1431 1145 cem-eus
1443 1115 1484 1143 ab
1492 1115 1642 1153 utrisque

917 1157 1020 1187 nobis.
1044 1157 1062 1174 ᾔ
1074 1167 1199 1188 censere
1214 1162 1263 1187 est
1279 1158 1379 1187 etiam
1398 1159 1431 1188 in
1444 1168 1572 1188 censum
1585 1158 1642 1188 de-

914 1199 999 1230 ferre
1016 1200 1104 1240 apud
1121 1210 1301 1231 censorem.
1326 1201 1431 1231 Flacc.
1448 1203 1500 1232 3⁶2.
1524 1202 1558 1232 in
1576 1211 1642 1241 qua

915 1244 1005 1274 tribu
1030 1244 1153 1284 praedia
1178 1245 1353 1275 censuisti?
1376 1244 1454 1275 ibid.
1482 1245 1509 1275 si
1533 1245 1643 1275 aliena

913 1289 1067 1318 censendo
1093 1298 1153 1317 sua
1178 1289 1285 1318 facere
1313 1294 1433 1327 posset.
1460 1289 1534 1318 Act.
1561 1289 1582 1319 i.
1606 1289 1640 1318 in

914 1331 1007 1361 Verr.
1043 1335 1091 1362 18.
1126 1333 1275 1362 censendi
1299 1341 1409 1363 causa.
1449 1332 1555 1362 Flacc.
1587 1334 1640 1363 32.

914 1374 1030 1405 Sintne
1055 1377 1119 1405 ista
1138 1376 1261 1416 praedia
1277 1377 1390 1406 censui
1406 1376 1584 1406 censendo?
1607 1375 1640 1406 h.

914 1428 941 1448 e.
965 1429 1006 1448 an
1024 1420 1150 1459 possint
1167 1430 1186 1449 a
1203 1420 1296 1449 nohis
1311 1420 1343 1449 in
1360 1429 1491 1449 censum
1508 1418 1640 1450 deferri.

914 1461 952 1491 In
975 1473 1103 1493 censum
1126 1469 1239 1493 autem
1264 1463 1383 1493 deferri
1405 1467 1545 1503 possunt
1567 1472 1642 1503 pos-

912 1507 1085 1543 sessiones,
1102 1517 1173 1545 quae
1191 1511 1269 1536 sunt
1286 1507 1433 1547 mancipi
1448 1509 1483 1536 et
1492 1507 1579 1545 juris
1595 1506 1640 1536 ci-

911 1549 995 1579 vilis.
1020 1561 1049 1580 v.
1068 1551 1135 1580 Cic.
1160 1549 1181 1580 1.
1199 1560 1226 1580 c.
1258 1549 1299 1579 cf.
1325 1550 1440 1580 Festus
1464 1550 1499 1579 in
1527 1549 1642 1581 Cen-mi

912 1594 1072 1623 censendo.
1102 1593 1193 1630 hinc,
1220 1594 1276 1632 qui
1301 1598 1335 1623 et
1359 1603 1482 1623 nomen
1508 1597 1542 1623 et
1568 1603 1640 1623 rem

912 1637 1000 1676 apud
1031 1637 1194 1668 Censorem
1222 1636 1342 1674 defert,
1361 1638 1482 1667 censeri
1505 1636 1639 1666 dicitur.

910 1690 939 1710 v.
963 1691 990 1711 c.
1016 1681 1087 1710 Att.
1109 1681 1129 1710 i.
1158 1684 1205 1711 18.
1232 1680 1338 1710 Flace.
1362 1683 1415 1711 32.
1437 1679 1546 1710 *cum
1569 1690 1639 1710 acc.

910 1726 1030 1755 censeri
1046 1724 1182 1764 aliquid,
1199 1728 1239 1754 ut
1255 1723 1276 1753 l.
1292 1734 1320 1753 c.
1339 1725 1518 1765 mancipia,
1529 1733 1638 1754 servos

912 1768 970 1798 &c.
995 1767 1104 1797 aliena
1119 1769 1239 1798 censeri
1256 1767 1314 1797 ἃς.

957 1811 1081 1842 Censor.
1106 1811 1320 1851 magistratus
1342 1811 1439 1841 Rom.
1460 1811 1579 1850 major,
1595 1810 1636 1841 de

911 1865 975 1894 quo
993 1865 1170 1894 cognoscas
1186 1854 1266 1885 lieet
1281 1864 1298 1883 e
1322 1854 1344 1885 l.
1362 1855 1408 1884 iii.
1433 1854 1472 1884 de
1488 1853 1590 1894 Legg.
1608 1865 1638 1884 c.

910 1902 938 1929 3.
969 1898 1102 1929 Cluent.
1129 1900 1181 1929 46.
1207 1899 1307 1929 Dom.
1336 1901 1387 1929 51.
1414 1898 1473 1928 διο.
1504 1897 1574 1928 Fin.
1601 1898 1636 1928 ii.

913 1946 961 1973 10.
986 1952 1059 1981 quae
1086 1943 1151 1980 iam
1177 1942 1283 1972 oratio
1308 1951 1375 1971 non
1397 1951 1417 1971 a
1442 1941 1638 1981 philosopho

909 1986 1031 2025 aliquo,
1055 1986 1113 2015 sed
1137 1996 1156 2016 a
1180 1995 1303 2016 censore
1329 1982 1636 2025 opprimenda‘est.

908 2029 926 2047 *
938 2030 1040 2060 Fuere
1058 2030 1158 2059 etiam
1181 2029 1328 2059 Censores
1345 2029 1377 2059 in
1400 2028 1472 2059 aliis
1494 2028 1637 2068 oppidis,

908 2074 1009 2103 etiam
1024 2073 1292 2113 provincialibus,
1306 2073 1361 2112 qui
1374 2082 1502 2103 censum
1519 2076 1638 2111 agunt,

909 2122 948 2147 ut
974 2127 1014 2146 ex
1041 2116 1270 2147 eo'tributum
1299 2116 1442 2146 conferri
1467 2115 1571 2155 possit
1601 2120 1637 2146 et

909 2161 1017 2199 exigi:
1047 2170 1188 2200 quorum
1214 2160 1340 2189 mentio
1367 2160 1403 2189 in
1429 2159 1577 2191 Verrinis
1602 2159 1637 2190 ii.

911 2207 962 2235 53.

957 2247 1132 2278 Censorius.
1156 2246 1271 2286 Agrar.
1285 2247 1305 2276 i.
1319 2248 1348 2277 2.
1373 2246 1526 2276 Censorioe
1536 2245 1635 2275 tabu-

908 2291 961 2328 lae,
978 2296 1058 2321 sunt
1082 2291 1169 2328 libri,
1194 2291 1228 2320 in
1251 2299 1331 2329 quos
1358 2290 1495 2320 nomina
1516 2299 1634 2328 resque

908 2335 1031 2364 civium
1041 2339 1074 2364 ct
1085 2339 1173 2364 notae
1184 2333 1383 2364 referuntur.
1395 2333 1459 2373 Qu.
1470 2333 1521 2362 Fr.
1530 2333 1552 2363 i.
1567 2335 1594 2362 1.
1606 2342 1636 2362 c.

912 2380 960 2407 1⁶2.
978 2378 1030 2408 lex
1041 2379 1192 2408 censoria.
1210 2388 1238 2407 v.
1254 2377 1326 2407 lud.
1344 2377 1411 2407 LL.
1430 2376 1469 2406 de
1487 2376 1636 2406 Censor-ia

908 2422 1057 2459 notione,
1068 2423 1156 2452 notis
1167 2421 1326 2456 censorzis,
1338 2419 1636 2460 subscriptionibus

908 2475 936 2494 v.
953 2466 1020 2495 suis
1038 2465 1127 2495 locis.
1151 2465 1207 2494 Or.
1223 2465 1257 2494 ii.
1275 2467 1327 2497 90.
1351 2466 1528 2494 censorium
1551 2472 1635 2502 opus

908 2514 957 2538 est
974 2509 1113 2548 dignum
1132 2513 1212 2538 nota
1225 2508 1377 2538 censoria.
1401 2506 1454 2536 Sic
1467 2511 1517 2536 est
1530 2507 1634 2536 etiam

908 2562 960 2591 ap.
979 2551 1062 2582 Gell.
1080 2553 1121 2582 iv.
1140 2554 1188 2582 12.
1211 2558 1246 2581 et
1265 2550 1350 2581 Plin.
1373 2550 1416 2580 H.
1434 2550 1479 2580 N.
1494 2549 1584 2579 xviii.
1602 2553 1633 2580 3.

907 2597 1086 2625 censorium
1109 2595 1277 2635 probrum.
1303 2603 1362 2634 pro
1388 2597 1470 2623 nota
1493 2594 1636 2623 censoria

907 2645 1021 2669 autem
1038 2649 1089 2679 ap.
1107 2638 1282 2668 Columell.
1305 2638 1362 2666 xii.
1386 2636 1479 2676 praef.
1501 2640 1536 2667 et
1551 2636 1634 2666 Sue·

905 2687 975 2712 ton.
994 2682 1078 2713 Caes.
1093 2685 1145 2713 41.
1171 2682 1227 2712 ubi
1243 2680 1308 2711 vid.
1325 2680 1466 2710 Casaub.

955 2726 1084 2756 cemus.
1105 2725 1245 2756 Censoris
1261 2724 1348 2754 actio
1364 2724 1519 2753 censendi.
1543 2723 1634 2753 Sext.

905 2772 958 2803 47.
995 2779 1090 2799 cem-n
1127 2768 1313 2809 prohibere,
1352 2767 1476 2797 dicitur
1509 2766 1635 2804 Censor,

906 2823 982 2842 cum
1001 2812 1158 2851 aliquem,
1177 2811 1254 2851 quia
1276 2811 1381 2841 civem
1403 2820 1474 2840 esse
1492 2819 1558 2840 non
1574 2820 1637 2849 pu-

903 2860 968 2894 tat,
988 2857 1073 2886 bona
1088 2866 1147 2886 sua
1164 2856 1197 2885 in
1214 2864 1343 2885 censum
1364 2854 1490 2884 deferre
1507 2862 1575 2883 non
1591 2853 1636 2882 si·

903 2900 965 2930 nit.
991 2899 1125 2929 Cluent.
1140 2901 1192 2929 48.
1217 2908 1293 2928 cum
1310 2898 1344 2928 in
1362 2898 1514 2936 equitum
1536 2905 1635 2927 censu

901 2942 1060 2972 Sacerdos
1076 2943 1272 2982 prodiisset:
1290 2951 1367 2971 cum
1384 2941 1512 2980 equites
1528 2949 1634 2970 ceme-

898 2991 1027 3017 rentur.
1051 2986 1199 3017 *tabulae
1211 2986 1369 3017 censoriae.
1392 2983 1537 3016 ·Arch.·5.
1558 2991 1632 3016 cm·
