1804 3178
599 128 746 158 mmm
778 128 1069 159 LATmtTATts.

79 229 131 257 n,
146 217 273 250 dieitur
297 223 482 256 aecusator,
506 215 724 256 quiunquam
751 226 805 246 ac-

82 268 178 294 cusat
193 273 232 292 ex
247 263 331 302 lege,
342 264 375 293 in
388 272 455 302 qna
464 260 571 291 multa
579 264 630 290 est
645 260 807 290 consutu-

88 309 135 336 ta.
159 306 278 346 Philip.
301 307 346 336 xi.
362 309 392 337 8.
417 305 552 335 Crassus
575 303 698 333 Consul
717 302 806 332 Flac.-

81 359 122 380 eo
133 349 281 389 college,
298 349 422 379 flamini
441 346 586 378 Martiali
608 348 745 377 multam
758 346 808 376 di·

85 393 147 429 xit,
162 393 189 423 si
207 403 227 423 a
240 393 340 423 sacris
356 391 558 422 discessisset
573 402 579 419 t
607 400 705 429 quam
723 391 807 419 mul-

83 440 153 466 tam
171 436 312 476 populns
341 435 479 465 remisit.
505 433 575 464 Mil.
595 437 642 464 14.
667 435 806 463 multam

83 481 241 517 irrogare.
257 478 367 509 Multa
382 478 532 508 dicitura
545 477 806 515 magistratibus,

85 523 252 564 irrogatur
268 522 353 560 lege,
377 532 397 551 a
422 522 618 560 magistratu
646 520 722 550 lata.
742 520 804 550 vid.

85 565 199 605 Sigon.
215 565 257 595 ad
273 563 342 596 Liv.
360 575 431 595 xxv.
449 568 477 595 3.
504 564 664 594 Consules
678 564 807 594 habuis-

85 618 121 639 se
130 610 188 648 jus
203 610 309 638 nulla
330 607 420 638 dicta
444 608 580 647 cogendi
598 608 629 637 in
657 608 806 637 ordinem

84 652 294 686 Senatorem.
311 652 366 689 qui
385 652 422 681 iis
440 662 552 691 parere
581 650 695 687 nollet,
713 651 807 680 testis

84 700 138 725 est
167 694 258 725 locus
285 695 366 725 Phil.
392 696 412 725 i.
441 699 470 725 5.
510 695 585 725 Non
614 701 728 724 autem
768 698 807 723 ut

86 739 206 775 mua,
223 739 272 768 ita
292 739 394 768 etiam
420 740 562 768 multare
587 738 627 768 de
653 738 810 778 pecunia-

84 782 143 812 riis
160 782 263 822 poenis
280 788 414 812 tantum
431 782 565 818 dicitur,
577 781 634 811 sed
651 781 752 810 etiam
769 780 808 810 dc

86 825 300 865 capitalibus»,
318 826 351 855 in
379 825 624 865 significatione
647 823 808 864 privandi.

89 868 154 899 vid.
181 878 212 899 v.
241 878 270 898 c.
294 868 394 899 Tusc.
412 869 434 898 i.
458 870 510 899 2⁴2.
534 868 625 898 Verr.
652 868 673 897 i.
691 870 720 897 5.
748 870 807 896 (ke.

87 911 108 931 ‘
121 911 280 942 damnum
295 912 535 952 pecuniarium.
559 911 599 941 ad
617 912 691 941 Div.
709 920 737 939 v.
757 912 808 940 20.

89 960 129 986 ut
141 958 245 986 malea
262 961 331 985 tam
343 956 456 995 ,gravis
479 954 519 985 T.
544 955 651 985 Mario
667 953 811 994 depelle-

90 1005 195 1030 retur.

134 1042 294 1073 Multare.
316 1042 409 1072 Verr.
426 1042 459 1071 ii.
477 1044 508 1071 8.
531 1041 687 1072 heredem
705 1040 812 1070 Vene-

87 1086 116 1116 ri
147 1094 217 1115 esse
244 1087 443 1115 multatum:
479 1084 510 1114 h.
535 1096 563 1115 e.
593 1084 812 1114 hereditatem

89 1129 210 1159 Veneri
241 1138 311 1158 esse
340 1129 561 1158 commissam.
584 1129 696 1159 Rabir.
726 1127 814 1156 Post.

94 1175 123 1202 1».
139 1171 278 1202 consilia
293 1172 363 1209 ejus
379 1182 448 1202 esse
465 1174 606 1202 multata
623 1182 643 1201 a
658 1172 793 1201 fortuna
807 1181 813 1199 z

91 1214 124 1250 h.
141 1225 170 1246 e.
187 1225 254 1245 non
269 1216 474 1246 successisse.
505 1215 591 1245 conf.
609 1217 723 1245 multa.
763 1215 816 1244 Sic

93 1259 181 1290 bona
195 1260 347 1289 multare.
374 1259 442 1289 Liv.
457 1270 487 1289 x.
504 1261 556 1289 533.

138 1301 378 1342 Multy'ariana
407 1302 554 1342 pluribus
591 1301 681 1332 locis.
720 1301 814 1331 Orat.

94 1345 129 1376 i·i.
146 1348 200 1376 41.
222 1346 249 1375 si
274 1355 393 1376 aurum
417 1347 484 1383 cui,
507 1345 595 1384 qnod
624 1349 709 1375 esset
733 1346 816 1374 mul-

91 1388 246 1429 tifariam
262 1388 442 1426 defossum,
468 1393 727 1419 commonstrare
752 1387 817 1417 vel-

93 1432 173 1464 lem.

135 1476 322 1516 Multiples.
343 1476 423 1507 Nat.
441 1477 484 1506 D.
510 1477 544 1506 ii.
572 1479 623 1507 54.
648 1477 819 1516 multiplex

96 1519 190 1550 alvus
212 1523 246 1550 et
267 1523 427 1550 tortuosa.
466 1520 511 1549 ita
536 1520 658 1549 dicitur
684 1524 818 1559 propter

95 1562 238 1602 figuram
251 1563 432 1602 obliquam.
444 1563 509 1593 vid.
523 1562 681 1602 Simplex.
702 1563 721 1582 ’ὗ
736 1563 817 1602 Leg.

95 1607 116 1637 i.
148 1610 180 1640 7.
195 1606 309 1636 homo
334 1606 459 1636 animal
494 1606 682 1646 providum,
703 1616 816 1645 sagax,

96 1651 287 1689 mustiplex:
318 1649 351 1680 h.
369 1659 397 1679 e.
423 1650 522 1680 variis
548 1650 680 1679 dotibus
697 1651 819 1680 instru-

97 1697 205 1731 ctum,
233 1697 292 1723 aut
313 1693 354 1723 ad
380 1695 488 1723 multa
515 1699 644 1733 aptum.
670 1694 688 1712 ³
705 1694 818 1723 incon-

94 1743 200 1767 stans.
237 1736 316 1767 Lael.
349 1738 401 1768 25.
426 1737 557 1766 animus
580 1738 748 1777 mutliplex
771 1746 821 1766 as-

94 1780 287 1811 sentatoris.
322 1781 395 1810 Att.
417 1781 458 1809 vi.
485 1782 516 1810 2.
541 1780 714 1819 ingenium
736 1782 821 1810 mul-

94 1825 207 1864 tiplex,
239 1824 260 1853 i.
285 1833 313 1853 e.
343 1825 484 1860 varium,
500 1824 704 1853 inconstans.
728 1823 747 1842 5‘
763 1823 820 1854 Or.

101 1867 149 1897 iii.
175 1870 228 1898 30.
278 1867 374 1897 Brut.
403 1870 455 1898 31.
495 1867 668 1906 multiplea·
701 1867 820 1904 oratio,

92 1914 151 1940 est
180 1911 325 1950 copiosa,
343 1912 444 1949 varia,
474 1910 509 1939 in
535 1920 601 1949 qua
624 1911 738 1940 omnia
765 1919 820 1949 ge-

99 1962 182 1984 nera
206 1953 336 1984 dicendi
363 1954 490 1989 insunt,
502 1954 744 1993 opponiturque
771 1959 821 1983 te-

100 1997 160 2026 nui
182 1996 455 2028 Dialecticorum.
480 1996 499 2016 ²*
515 1996 578 2027 Sed
591 1996 728 2027 Tuscul.
746 2006 774 2026 v.
790 1999 821 2027 4.

96 2039 244 2070 *Socratis
258 2041 433 2080 multiplex
450 2041 532 2070 ratio
549 2040 753 2080 disputandi,
771 2044 823 2069 est

101 2084 187 2114 ratio
215 2083 256 2113 de
288 2093 486 2124 unaquaque
521 2093 556 2115 re
581 2084 614 2114 in
647 2087 822 2123 utramque

98 2132 231 2168 partem
244 2126 436 2157 disserendi.
461 2125 602 2157 *saum
620 2126 662 2156 ad
684 2127 779 2157 Brut.
796 2130 821 2157 1.

71 2167 76 2173 '
101 2171 275 2210 multiplex
283 2176 416 2208 natura,
433 2180 478 2200 sc.
491 2169 730 2211 hominis‚opp.
744 2171 824 2200 sim·

102 2213 189 2254 plex.

143 2256 416 2297 Mulrr'plicabilis,
449 2258 633 2297 multiplex.
657 2257 758 2287 Tuse.
789 2257 823 2287 ii.

99 2304 134 2336 θ.
157 2302 413 2341 multiplicabilis
427 2304 544 2330 tortus.

145 2343 334 2375 Multthio.
378 2344 472 2374 verr.
504 2344 537 2374 ii.
567 2346 621 2377 71.
660 2344 824 2374 sociorum

102 2389 314 2422 multitudine
338 2393 477 2418 remota.
499 2388 680 2427 opponitur
707 2387 828 2427 princi-

104 2430 202 2471 pibus
220 2432 496 2471 publicanorum..

145 2474 294 2506 Multum
326 2484 401 2505 cuin
434 2483 579 2514 compar.
611 2474 668 2504 Or.
701 2474 747 2504 iii.
775 2475 828 2505 24.

102 2526 172 2554 non
186 2520 326 2549 multum
344 2517 462 2555 majus.

147 2561 350 2635 {fundana-s.
374 2561 511 2592 Tuscul.
528 2571 556 2591 v.
573 2563 625 2594 37.
650 2560 764 2593 mundi
780 2560 831 2590 in-

107 2613 148 2635 eo
183 2627 191 2635 .

151 2647 345 2687 Manen-are,
363 2648 494 2678 donare.
520 2648 631 2679 Deiot.
657 2647 687 2677 6.
711 2646 830 2685 quibus

105 2695 141 2720 te
166 2700 222 2721 rex
249 2701 425 2723 munerare
440 2694 669 2721 constituerat.
714 2690 832 2720 Allante.-

105 2735 180 2765 rari
195 2734 362 2774 deponens
378 2739 429 2766 est
450 2736 520 2766 Att.
535 2735 588 2765 vii.
606 2736 636 2764 2.

149 2775 331 2819 Μανιὲεερσ,
361 2780 440 2810 civis
481 2778 658 2818 municipii.
697 2775 833 2806 Cluent.

102 2820 251 2896 11ξὲιυί
267 2829 303 2852 et
317 2823 523 2864 muniz-zwis-
537 2822 660 2852 dicitur
682 2821 750 2851 Att.
766 2819 833 2850 viii.

155 2885 163 2893 .
211 2873 240 2894 c.

1489 119 1572 167 357

849 218 966 249 dorum
985 217 1101 253 Italis,
1116 218 1205 256 quod
1216 220 1290 257 jure
1305 219 1447 249 civitatis
1470 219 1566 250 Rom.

850 261 1009 291 donatum
1025 265 1108 298 erat,
1124 262 1181 291 sed
1194 265 1199 271 ’
1210 263 1267 299 ita,
1290 270 1327 292 ut
1344 261 1469 300 legibus
1499 263 1566 291 sui·

852 307 1004 334 uteretur
1026 309 1060 333 et
1075 305 1142 334 suis
1159 305 1414 344 magistratibus.
1438 315 1466 334 v.
1483 304 1568 334 Tur-

853 347 926 377 neb.
952 347 992 377 ad
1018 347 1096 386 Agr.
1121 348 1142 377 i.
1160 351 1188 378 5.
1213 352 1247 377 et
1266 348 1375 387 Sigon.
1394 349 1472 379 Ant.
1494 347 1567 378 «lut.

851 390 925 420 ltal.
943 391 976 420 ii.
993 391 1023 421 6.
1039 400 1086 429 sq.

893 434 1017 464 Manio.
1041 435 1097 464 Or.
1111 444 1131 464 ι.
1144 437 1194 468 59.
1218 440 1294 463 ante
1305 434 1567 464 condemnentur

851 478 887 514 ii,
895 487 1035 516 quornm
1046 487 1160 507 causas
1171 477 1402 516 receperimus,
1410 487 1508 515 quam
1517 484 1568 506 to-

850 521 926 557 ties,
946 522 1075 560 quoties
1097 520 1331 561 proscribitur,
1347 529 1493 559 paeanem
1509 526 1567 549 ant

852 566 1032 594 munionem
1045 564 1225 594 citarimus.
1239 562 1354 593 Manio
1365 562 1443 601 quid
1452 563 1506 599 sit,
1523 563 1570 601 ig—

852 617 967 637 norare
977 618 1010 637 se
1021 607 1170 637 fatentur
1177 616 1304 636 ornnes.
1315 606 1489 636 Turnebus
1501 614 1573 634 cor·

854 652 957 680 rexit:
993 651 1260 686 minuritionem,
1287 649 1384 688 idque
1412 649 1570 688 probatur

853 694 885 723 in
914 695 1035 724 Lexico
1062 694 1175 724 Fabri:
1200 693 1288 732 qnod
1309 692 1390 723 mihi
1414 701 1508 722 secus
1525 691 1571 720 vi-

853 737 961 768 detur.
1020 737 1104 767 Nam
1137 736 1432 776 quomodocunque
1456 735 1573 764 cicero

852 782 1031 821 scripserit,
1052 781 1143 821 pedis
1168 788 1256 810 certe
1279 779 1418 818 alicujus
1450 786 1572 807 nomen

853 826 999 864 posuerit
1016 834 1147 854 necesse
1161 830 1223 861 est,
1243 828 1279 853 nt
1295 822 1417 862 paeanis
1433 821 1571 850 verbum

850 868 1006 898 ostendit.
1050 867 1086 896 ln
1104 867 1174 897 MS.
1186 867 1250 896 fuit
1267 863 1572 904 munyclaioumn.de

853 922 917 951 quo
933 922 961 940 v.
980 911 1066 941 Vict.
1091 910 1131 940 ad
1146 910 1178 940 h.
1197 909 1218 940 l.
1239 909 1320 939 Mihi
1339 918 1403 938 non
1421 907 1573 948 displice-

854 956 910 985 bat
932 955 1123 993 conjectura
1139 953 1188 983 Ill.
1205 953 1358 989 Bunavii‚
1374 952 1509 982 Domini
1536 950 1571 981 in

855 998 1022 1038 Kreypau‚
1053 998 1157 1027 ‹loctae
1189 996 1371 1026 nobilitatis
1414 994 1571 1034 praecipui

856 1042 1058 1078 ornamenti,
1087 1041 1144 1079 qui
1177 1039 1354 1078 legendum
1395 1037 1571 1068 censebat:

859 1094 1089 1123 monogenem.
1114 1085 1139 1113 is
1158 1093 1212 1123 pes
1229 1089 1278 1112 est
1295 1093 1334 1112 ex
1349 1082 1455 1111 tribus
1467 1080 1574 1119 longis

859 1134 893 1158 et
920 1138 988 1157 nna
1013 1128 1102 1157 brevi
1132 1126 1269 1166 syllaba,
1297 1125 1417 1155 notiori
1440 1124 1574 1154 nomine

858 1172 1012 1212 epitritus
1025 1175 1175 1209 quartus,
1191 1169 1375 1199 contrarius
1391 1168 1511 1207 paeoni,
1521 1166 1577 1205 qui

860 1220 909 1246 est
926 1225 964 1244 ex
979 1214 1084 1244 tribus
1101 1213 1252 1243 brevibus
1269 1216 1303 1241 et
1319 1221 1385 1241 una
1402 1211 1512 1249 longa,
1527 1214 1577 1239 at-

861 1268 924 1297 que
942 1258 1023 1287 adeo
1045 1262 1143 1297 aptus
1169 1256 1244 1286 huic
1270 1255 1352 1285 loco.
1398 1254 1506 1291 Hujus
1522 1263 1578 1292 pe·

861 1302 909 1332 dis
927 1301 1052 1331 mentio
1066 1306 1117 1330 est
1143 1299 1231 1339 apud
1247 1298 1516 1337 Hephaestionem
1536 1296 1577 1326 de

862 1346 976 1375 metris
989 1355 1020 1384 p.
1042 1346 1088 1373 11.
1125 1353 1223 1382 quem
1240 1341 1359 1372 librum
1373 1340 1430 1370 Vir
1446 1340 1491 1370 ill.
1508 1339 1582 1369 lati·

862 1398 903 1419 ne
919 1396 1129 1423 conversum,
1153 1386 1249 1416 docto
1277 1384 1517 1414 commentario
1540 1382 1580 1412 il-

863 1432 1070 1462 lustraverat.
1092 1429 1257 1459 Gesnerus
1274 1432 1387 1458 autem
1411 1426 1453 1457 ad
1475 1426 1582 1466 Quin-

860 1475 910 1505 til.
927 1475 970 1505 xi.
988 1477 1018 1505 3.
1035 1475 1088 1505 22.
1111 1472 1190 1512 quid
1210 1473 1236 1502 si
1263 1481 1322 1511 pro
1345 1471 1406 1501 hoc
1430 1474 1582 1500 monstro

862 1518 1032 1557 legamusz
1071 1517 1172 1546 etiam
1197 1517 1324 1552 ionem,
1363 1513 1414 1543 vel
1442 1513 1581 1543 ionium.

862 1562 918 1591 sed
935 1560 1017 1591 illud
1039 1561 1137 1590 etiam
1164 1559 1301 1598 languet
1313 1563 1349 1587 et
1377 1555 1582 1587 inculcatum

863 1609 949 1635 esset
964 1614 983 1634 a
1000 1604 1171 1634 Cicerone.

906 1648 1056 1679 M'unitio.
1080 1646 1136 1676 Or.
1154 1647 1187 1676 ii.
1204 1648 1256 1679 79.
1272 1644 1380 1675 aditus
1396 1642 1438 1673 ad
1449 1652 1583 1673 causam

864 1698 900 1721 et
925 1692 1074 1728 munitio,
1101 1690 1162 1720 int.
1180 1689 1252 1719 viae.
1275 1698 1295 1720 a
1324 1687 1431 1717 forma
1453 1687 1584 1716 munire

864 1744 963 1765 uam.

907 1778 1077 1813 Manilior,
1099 1777 1216 1806 tutior.
1239 1777 1309 1806 Att.
1337 1775 1371 1804 ii.
1396 1776 1446 1805 18.
1469 1772 1527 1803 illa
1541 1771 1588 1802 le.

866 1823 956 1860 gatio
973 1822 1126 1851 munitior
1134 1825 1199 1850 est.

908 1865 1041 1895 Alanus.
1066 1863 1128 1893 hoc
1160 1863 1296 1892 verbum
1327 1861 1457 1901 proprie
1489 1858 1584 1889 ludos

867 1912 901 1939 et
942 1906 1133 1947 spectacula
1169 1905 1366 1945 gladiatoria
1404 1903 1584 1942 significat,

868 1961 941 1992 qnae
965 1951 1181 1990 magistratus
1205 1949 1328 1987 aliique
1352 1946 1472 1987 populo
1505 1953 1588 1985 prae·

868 1996 957 2025 bent.
1008 1994 1098 2024 Hinc
1121 1993 1163 2023 ad
1187 1992 1263 2022 Div.
1286 1992 1320 2021 ii.
1353 1993 1384 2020 3.
1419 1988 1587 2019 declarare

868 2048 1025 2069 ncunera:
1049 2036 1082 2067 h.
1105 2046 1134 2066 e.
1165 2034 1312 2076 polliceri
1344 2032 1477 2073 populo.
1502 2029 1584 2061 Sull.

872 2086 920 2117 19.
944 2081 1089 2122 praebere
1112 2088 1242 2110 munus.
1272 2078 1314 2107 cf.
1345 2078 1420 2107 Act.
1450 2076 1473 2106 i.
1495 2075 1589 2105 Verr.

873 2127 921 2156 12.
956 2125 1055 2156 Dom.
1077 2125 1130 2154 43.
1155 2122 1196 2152 ad
1220 2122 1296 2152 Div.
1317 2121 1361 2150 xi.
1385 2120 1432 2150 16.
1465 2119 1524 2148 &c.
1547 2115 1586 2146 ln

869 2169 988 2208 quibus
1005 2167 1084 2197 locis
1100 2165 1267 2202 omnibus,
1284 2169 1323 2194 ut
1337 2167 1370 2193 et
1393 2162 1466 2192 aliis
1496 2161 1590 2190 Cice-

871 2212 972 2250 ronis,
989 2218 1039 2240 est
1055 2209 1094 2239 de
1114 2207 1316 2248 gladiatoriis
1342 2205 1440 2236 ludis.
1485 2203 1530 2234 Et
1544 2203 1590 2233 sie

869 2256 938 2285 fere
957 2254 1055 2284 ceteri
1073 2253 1262 2292 scriptores,
1273 2255 1311 2280 nt
1326 2247 1517 2284 Suetonius,
1533 2247 1591 2285 qui

871 2307 1042 2337 nunquam
1070 2295 1182 2326 aliter:
1216 2304 1245 2323 v.
1273 2304 1300 2323 c.
1327 2293 1409 2323 Caes.
1436 2294 1485 2321 10.
1514 2289 1589 2320 add.

872 2342 1021 2372 Servium
1034 2339 1075 2369 ad
1090 2337 1207 2377 Virgil.
1222 2337 1298 2368 AEn.
1314 2336 1360 2366 iii.
1377 2336 1430 2366 66.
1454 2332 1591 2365 Ovidius

872 2391 987 2416 tamen
1020 2383 1106 2414 Fast.
1136 2391 1166 2411 v,
1201 2383 1271 2415 190.
1296 2380 1397 2410 habet
1410 2377 1502 2408 Circi
1517 2385 1593 2409 mu-

875 2438 959 2459 nus:
984 2427 1042 2458 sed
1068 2430 1107 2456 ut
1133 2427 1243 2464 poeta.
1290 2422 1378 2453 Hinc
1403 2421 1507 2452 etiam
1534 2418 1595 2449 du·

876 2479 969 2502 ctum
984 2469 1066 2501 illud
1087 2469 1160 2498 Act.
1179 2468 1199 2498 i.
1223 2466 1316 2497 Verr.
1347 2467 1395 2496 12.
1426 2462 1594 2495 aedilitatis

875 2525 994 2545 munus
1006 2526 1016 2542 .·
1039 2513 1078 2542 de
1103 2511 1275 2548 beneficio,
1291 2519 1357 2548 quo
1375 2509 1411 2538 in
1434 2506 1594 2538 aedilitate

876 2558 1037 2599 populum
1057 2553 1286 2585 affecit.¹lndc
1311 2552 1484 2590 eleganter
1498 2558 1597 2581 munv

877 2602 938 2632 dus
960 2605 1100 2631 vocatur
1125 2606 1244 2628 munus
1266 2596 1342 2627 Dei.
1363 2595 1464 2626 Tunc.
1492 2593 1514 2623 i.
1541 2593 1594 2626 29.

879 2653 943 2684 quo
958 2649 1073 2674 tamen
1090 2641 1160 2671 loco
1176 2642 1225 2670 vir
1246 2639 1363 2670 doctus
1380 2638 1422 2668 ad
1440 2635 1542 2668 Ovid.
1558 2636 1598 2665 A.

879 2688 916 2718 Α.
949 2689 969 2717 ἰ.
998 2687 1051 2721 69.
1075 2695 1140 2715 non
1167 2683 1254 2714 male
1284 2682 1374 2722 capit
1396 2681 1437 2711 de
1459 2678 1599 2710 edificio

879 2730 1025 2771 publico,
1056 2727 1255 2768 spectaculis
1294 2731 1353 2756 aut
1383 2721 1599 2754 oblectationi

879 2774 1060 2810 destinam,
1077 2781 1142 2812 quo
1157 2769 1317 2802 alluditur
1340 2769 1421 2800 Nat.
1449 2767 1550 2798 Deor.
1565 2764 1602 2795 ii.

923 2859 1048 2892 Maria.
1071 2858 1143 2889 Pin.
1171 2858 1217 2888 iii.
1240 2859 1287 2888 14.
1309 2859 1361 2886 est
1375 2853 1479 2884 salsus
1495 2850 1551 2882 iun
1568 2849 1607 2880 li—

149 2905 380 2950 Municipium.
405 2908 530 2941 cuein.
552 2911 585 2944 4,
610 2917 715 2949 genus
743 2906 838 2947 oppi·
885 2913 980 2945 quor,
998 2903 1033 2933 in
1050 2912 1115 2943 quo
1133 2901 1338 2933 salsamenta
1349 2899 1534 2929 servantur.

933 2948 1030 2980 ⁴23
