1804 3178
612 89 759 118 mnnx
781 91 1076 124 LATiMTATls.

254 189 321 217 sus,
352 187 403 209 us.
438 176 508 208 Λα.
539 176 584 208 ix.
613 181 646 212 9.
675 176 821 218 disper-u

83 222 220 255 illorum
244 224 332 254 actio
354 222 394 253 de
418 231 498 262 pace
515 220 647 251 sublata
662 226 724 251 est.
756 220 818 252 hoc

85 267 223 298 verbum
240 266 502 308 pretermissum
518 270 571 296 est
587 265 621 295 in
642 264 819 296 Nizoliano

82 309 266 342 Thesauro.

126 354 285 396 Dispicim
308 362 375 384 non
398 352 579 392 significat,
603 350 819 392 quemadmo-

83 397 165 429 dum
199 398 334 438 quidam
373 397 653 437 interpretantur,
686 396 816 433 videre3

81 442 141 473 sed
157 441 330 472 intendere
346 441 451 471 aciem
463 440 638 471 oculorum
650 439 692 470 ad
703 439 817 470 vitlen-

82 485 176 516 dum.
222 484 338 525 ltaque
353 484 411 515 ubi
427 485 474 514 sic
490 484 626 520 dicitur,
642 488 678 514 ut
695 494 754 524 pro
769 484 817 514 vi-

81 529 160 560 dere
174 527 374 570 simpliciter
396 527 525 558 dietum
550 527 714 564 videatur,
730 537 816 559 sem·

77 581 142 612 ‘per
155 572 310 612 quedam
325 572 498 602 contentio
519 571 738 610 intelligenda
751 576 816 607 est,

81 625 149 655 qua
164 617 321 653 efficitur,
336 623 373 646 ut
390 615 499 646 videre
516 616 679 656 possimus
695 620 753 646 aut
770 615 815 645 vi-

78 658 231 697 deamus,
256 659 345 690 unde
367 665 403 690 et
426 669 485 700 pro
511 659 718 690 considerare
742 658 818 689 dili-

79 710 200 743 genter
214 703 350 741 dicitur,
367 711 407 734 ut
421 702 576 744 exempla
590 703 742 742 subjecta
757 702 814 733 do-

80 747 216 778 cebunt.
262 747 316 777 Sic
346 747 386 777 de
419 747 538 777 catulis
571 747 707 783 dicitur,
735 755 812 777 cum

77 791 227 830 primum
242 789 356 821 oculos
379 791 550 831 aperiunt,
565 796 600 820 et
624 789 734 820 videre
757 800 812 820 co·

78 837 215 865 uantur.
245 845 274 864 v.
291 835 470 875 despicere.
502 833 573 865 Pin.
590 834 624 864 ii.
641 836 693 864 30.
726 833 813 874 Epa-

77 878 376 910 minondas—cum
387 878 519 908 vicisset
525 877 810 916 Lacedaemonios,

72 921 242 962 simulque
272 922 363 962 gravi
392 921 529 952 vulnere
559 931 594 952 se
625 922 808 952 exanimari

73 965 222 1004 videret3
246 971 285 996 ut
307 966 453 1006 primum
477 966 628 1006 dispecit,
643 965 808 1004 quaesivit,

73 1008 229 1040 salvusne
251 1014 339 1040 esset
362 1008 500 1050 clipeus.
528 1009 627 1039 Tusc.
645 1009 666 1039 i.
687 1012 736 1044 19.
766 1009 807 1039 de

74 1051 266 1084 hominibus
287 1054 321 1084 in
337 1054 484 1084 tenebris
508 1053 730 1083 densissimis:
755 1059 808 1084 ta-

74 1105 153 1127 men
179 1097 250 1127 acie
279 1098 402 1128 mentis
433 1097 587 1136 dispicere
615 1097 806 1136 cupiebant.

71 1139 144 1171 Pin.
159 1150 189 1170 v.
210 1144 259 1172 15.
288 1141 330 1170 de
354 1141 557 1171 infantibus:
589 1150 668 1170 cum
691 1146 806 1171 autem

71 1184 226 1225 dispicere
240 1185 453 1224 «sperimus,
466 1189 500 1215 et
516 1184 653 1221 sentire,
670 1184 750 1224 quid
764 1185 808 1214 si-

70 1237 158 1259 mus.
197 1228 403 1268 *cogitando
426 1229 633 1267 videndoque
657 1228 808 1258 animad-

69 1276 200 1303 vei-tere
223 1277 257 1302 et
280 1274 435 1312 reperire.
467 1272 538 1302 Att.
556 1272 590 1302 ii.
609 1273 660 1303 20.
693 1272 718 1301 si
742 1272 806 1302 dis-

63 1317 174 1357 picere
189 1315 269 1356 quid
285 1326 424 1356 coepero.
448 1315 527 1346 ibid.
544 1315 587 1346 xi.
610 1316 657 1345 16.
681 1315 708 1345 si
725 1315 805 1354 quid

69 1359 249 1400 ditepiceres.
278 1360 319 1401 Ω.
354 1359 404 1390 Fr.
435 1361 456 1390 i.
486 1363 516 1390 3.
545 1358 625 1399 quid
659 1369 804 1399 sperem,

69 1412 137 1434 non
160 1404 300 1445 diqeicio.
332 1404 407 1435 Div.
432 1404 466 1434 ii.
487 1407 539 1438 39.
568 1412 684 1433 verum
708 1403 806 1443 dispi-

66 1457 138 1477 cere
154 1457 220 1478 non
236 1451 386 1488 possunt.
415 1447 498 1478 Sull.
517 1450 566 1477 15.
590 1456 651 1476 nec
668 1456 803 1487 possum

65 1495 204 1521 tantum
228 1501 304 1521 meo
327 1491 464 1531 ingenio
486 1491 577 1528 dare,
601 1497 640 1521 ut
662 1495 714 1520 tot
739 1500 802 1529 res,

64 1539 302 1565 tantas—mea
323 1540 444 1575 sponte
459 1535 661 1575 dispexerim.
693 1535 712 1553 ᾗ
724 1544 802 1564 con-

65 1577 221 1619 siderare.
254 1578 325 1609 Att.
345 1579 388 1608 vi.
405 1582 435 1610 8.
467 1588 558 1608 nunc
582 1578 680 1608 velim
705 1578 801 1618 dispi-

65 1623 133 1653 cias
158 1632 208 1653 res
235 1622 422 1653 Romanas:
452 1622 577 1659 videas,
601 1622 680 1661 quid
705 1623 798 1652 nobis

65 1665 106 1696 de
120 1666 294 1707 triumpho
310 1667 528 1706 cogitandum
553 1671 660 1706 putes.
691 1665 708 1684 ⁸*
721 1668 799 1696 sen.

64 1719 97 1750 p.
115 1710 197 1741 Red.
214 1713 244 1741 3.
277 1715 453 1750 postquam
480 1720 520 1740 ex
543 1709 720 1749 superioris
741 1719 799 1739 an-

63 1753 99 1783 ni
117 1753 261 1793 caligine
277 1757 312 1784 et
324 1753 472 1784 tenebris
492 1754 601 1784 lucem
620 1754 654 1784 in
671 1753 800 1793 republ.

64 1796 140 1828 Kal.
162 1797 241 1828 Jan.
265 1798 425 1838 dispicere.
445 1797 606 1838 coepistis.
650 1797 799 1827 Graevius

64 1842 232 1882 reposuit:
258 1842 432 1882 respicere.
456 1851 486 1871 v.
503 1846 575 1872 not.

108 1885 290 1926 Displiceoe
312 1885 373 1915 sibi
384 1885 568 1922 dicuntur,
585 1884 641 1924 qui
661 1887 741 1914 sunt
755 1893 799 1914 ae-

63 1928 114 1969 gri
130 1930 254 1959 animo.
287 1928 371 1960 Phil.
389 1929 410 1959 i.
428 1932 458 1960 5.
491 1937 570 1959 cum
593 1928 633 1958 de
656 1929 710 1958 via
727 1928 799 1958 lan-

63 1982 215 2012 guerem,
239 1976 274 2003 et
305 1972 460 2003 mihimet
481 1973 695 2012 displicerem.
725 1971 797 2002 Att.

61 2017 97 2047 ii.
124 2019 172 2048 18.
207 2016 356 2056 displiceo
379 2016 460 2046 mihi
485 2026 547 2046 nec
570 2016 642 2046 sine
664 2021 799 2046 summo

61 2059 175 2091 dolore
190 2060 310 2090 scribo.
339 2059 418 2090 ibid.
434 2061 488 2090 21.
517 2065 556 2090 ut
571 2059 627 2090 ille
642 2065 717 2090 tum
735 2058 797 2089 hu-

62 2103 164 2142 milis,
178 2107 219 2135 ut
234 2104 397 2135 demissus
413 2104 508 2134 erat?
539 2106 578 2133 ut
600 2104 670 2144 ipse
693 2103 796 2133 etiam

63 2148 139 2186 sibi,
156 2157 226 2179 non
248 2148 289 2178 iis
305 2146 426 2185 solum,
443 2148 499 2188 qui
515 2146 670 2185 aderant,
688 2147 799 2187 displi-

59 2193 160 2223 cebae.

105 2235 302 2276 Dispoliare.
327 2234 421 2266 Verr.
438 2235 479 2265 iv.
496 2236 549 2266 20.
578 2237 618 2264 ut
633 2243 702 2264 una
717 2244 795 2265 cum

62 2280 182 2310 ceteris
212 2280 333 2310 Siculis
363 2279 600 2320 dispolim-etur.
648 2277 794 2318 Quidam

60 2321 135 2354 libri
150 2322 277 2354 habent
291 2323 416 2363 despol.
432 2332 506 2362 quae
530 2322 671 2352 varietas
688 2321 792 2352 etiam

59 2370 113 2398 est
135 2377 189 2408 ap.
207 2366 278 2399 Liv.
297 2366 362 2398 xlv.
387 2368 439 2398 36.
470 2365 527 2396 sed
551 2365 635 2396 illud
656 2375 792 2396 verum:

58 2415 94 2441 et
109 2411 158 2441 sic
171 2411 275 2442 etiam
299 2411 391 2442 Verr.
409 2410 455 2441 iii.
473 2412 526 2441 21.
556 2408 792 2448 corrigendum

58 2457 121 2485 est.

101 2497 277 2539 Disposite,
292 2499 409 2530 ordine
433 2503 537 2535 certo,
554 2496 698 2527 redactis
720 2506 793 2527 om-

61 2541 160 2573 nibus
191 2543 232 2573 ad
262 2552 361 2574 suum
391 2542 514 2572 lucum.
553 2541 647 2571 Verr.
675 2541 717 2570 iv.
739 2542 794 2571 40.

59 2594 127 2617 non
143 2595 278 2626 possum
294 2587 442 2627 disposite
456 2586 556 2616 istum
573 2593 741 2615 accusare.

99 2628 288 2670 Dispositio,
311 2631 392 2671 quid
421 2630 487 2660 sit?
523 2628 594 2660 lnv.
618 2628 640 2659 i.
663 2631 694 2662 7.
722 2626 791 2658 He-

57 2681 154 2704 renn.
170 2674 192 2704 i.
208 2675 240 2705 2.

101 2715 294 2757 Dispoeieus.
331 2716 389 2748 Or.
423 2717 470 2748 iii.
503 2718 555 2748 25.
597 2717 632 2746 in
669 2718 791 2745 ornatu

57 2760 209 2800 disposita
237 2761 384 2800 insignia
410 2766 445 2791 et
479 2760 618 2792 lumina.
657 2758 790 2789 Murcn.

57 2806 109 2835 14.
141 2804 288 2836 nun-de
307 2805 425 2835 studiis
449 2804 490 2835 ad
513 2804 673 2834 honorem
689 2802 794 2843 dispo-

55 2848 126 2878 sitis
140 2847 292 2889 disputo:
318 2848 351 2879 h.
364 2858 393 2879 e.
411 2848 451 2879 de
475 2849 515 2879 iis
537 2857 612 2887 quoe
628 2850 709 2877 sunt
731 2845 788 2876 ho-

56 2899 177 2923 norum
189 2892 501 2932 consequendorum
512 2891 677 2933 praesidia.
702 2890 790 2922 Nam

1509 93 1592 142 277

860 179 1015 218 presidia
1037 180 1159 219 disponi
1182 183 1361 223 dicuntur;
1393 194 1491 228 atque
1510 192 1586 224 hine

861 221 965 252 (lucta
987 227 1036 252 cst
1060 223 1190 256 dicendi
1213 228 1307 258 ratio.
1340 229 1436 261 veut.
1454 235 1587 266 Consul,

863 268 894 296 5.
917 273 1001 296 extr.
1026 266 1076 297 sac
1095 271 1131 298 ut
1147 265 1244 308 plane
1269 272 1306 302 iis
1322 275 1490 312 omnibus,
1506 288 1586 317 quo·

861 308 1032 340 devinctos
1055 317 1162 348 tenes,
1179 311 1380 354 descriptum
1404 328 1442 348 ac
1457 320 1585 359 ὀσμαί-

862 358 934 383 tum
950 362 1048 383 suum
1065 355 1185 392 ruique
1203 366 1324 388 munus
1339 360 1391 390 sit.

905 396 1097 438 Disputare.
1119 397 1220 428 Tusc.
1232 399 1252 429 i.
1268 403 1299 431 4.
1323 402 1363 431 ad
1380 403 1411 433 id
1429 406 1488 445 (se.
1502 407 1587 445 quod

861 441 1068 480 propositum
1087 440 1171 479 erat)
1190 442 1367 482 disputare.

903 483 1092 524 Disputatio
1115 490 1165 516 est
1189 486 1366 527 explicatio
1383 490 1429 520 rei
1446 491 1586 530 subtilis,

860 533 897 558 ut
916 527 1198 568 philosophorum.
1223 529 1280 561 Or.
1301 531 1345 561 iii.
1362 535 1413 563 55.
1438 538 1473 564 at
1489 545 1516 565 c.
1534 539 1585 567 5⁴.

858 575 909 601 est
931 581 1036 612 genus
1062 573 1176 612 figurae
1199 575 1364 605 oratoriae.
1409 576 1472 607 Sed
1488 577 1585 610 lectio

857 620 908 645 est
925 616 1054 653 vitiosa,
1070 616 1190 647 saltem
1208 617 1347 649 incerta.

901 658 1099 700 Divitis-itio,
1123 661 1303 697 judicium.
1346 661 1428 693 Sull.
1459 666 1510 694 23.
1551 665 1584 695 in

858 704 986 742 mag-nis
1021 704 1301 743 disquisitionibus,
1339 708 1585 747 repentinisque

855 746 1009 785 periculis
1031 748 1132 778 vitani
1158 748 1419 789 uniuscujusque
1443 761 1513 781 esse
1536 756 1585 781 te·

853 794 951 820 stem.
975 790 1072 831 plura
1082 791 1208 831 colligit
1224 791 1367 823 Budaeus
1382 793 1423 825 ad
1436 794 1538 826 Pand.
1554 805 1584 835 p.

858 843 901 864 ni.
918 836 970 865 50.
1013 833 1016 836 ⁴

895 876 1071 919 Disrumpi
1093 877 1264 915 dicuntur,
1281 879 1336 918 qui
1361 879 1502 910 aliorum
1526 880 1582 911 bo-

852 920 902 951 nis
927 922 1024 952 nimis
1049 921 1173 952 dolent.
1203 923 1303 954 Dum.
1328 926 1380 957 37.
1412 924 1525 954 Vatini.
1549 928 1580 959 7.

851 964 892 994 ad
908 964 979 995 Att.
995 966 1037 996 iv.
1056 966 1104 996 16.
1121 966 1180 996 bis.
1199 966 1253 996 vii.
1275 968 1321 997 12.
1573 993 1576 999 .

894 1007 1137 1040 Dissentuneus.
1169 1010 1257 1040 Part.
1290 1012 1321 1042 2.
1359 1014 1583 1044 consentanea

853 1059 910 1082 aut
926 1053 1139 1084 dissentanea.

894 1095 1073 1134 Disserere,
1094 1096 1134 1128 de
1158 1102 1270 1127 actore
1294 1107 1412 1128 causae.
1443 1097 1521 1137 Agr.
1545 1099 1580 1129 ii.

853 1142 901 1170 15.
933 1150 975 1170 an
999 1150 1076 1172 cum
1101 1141 1188 1171 idem
1204 1141 1333 1171 disseret
1349 1145 1384 1171 et
1399 1141 1579 1179 judicabit,

849 1183 975 1223 impelli
994 1193 1061 1214 non
1077 1184 1214 1224 poterit,
1230 1191 1268 1214 ut
1284 1184 1405 1215 falsum
1422 1185 1577 1223 judicet?

848 1226 1107 1258 *demonstrare
1139 1227 1208 1258 Fin.
1240 1229 1283 1259 iv.
1319 1231 1345 1258 1.
1386 1238 1428 1258 an
1460 1238 1578 1268 parum

850 1271 996 1301 disserui.

891 1314 1027 1353 Dissice,
1044 1324 1111 1352 ere,
1129 1314 1209 1346 coel.
1239 1316 1286 1346 16.
1318 1313 1392 1346 dide
1416 1324 1453 1344 ac
1470 1315 1580 1347 dist-sice

850 1358 926 1393 (int.
943 1359 1042 1397 bona)
1061 1369 1119 1399 per
1136 1369 1188 1389 me
1210 1359 1335 1396 licebit,
1352 1368 1369 1388 e
1387 1358 1578 1390 Caeciliano.

848 1402 911 1432 vid.
935 1402 975 1432 dc
999 1402 1061 1433 hoc
1083 1403 1183 1433 verbo
1214 1403 1356 1432 Puteani
1379 1402 1577 1442 disputatio-

846 1455 922 1476 nem
947 1455 999 1486 ap.
1023 1446 1217 1477 Abi-amium
1242 1445 1283 1476 ad
1307 1446 1339 1476 h.
1365 1445 1386 1475 l.
1411 1446 1467 1484 qui
1497 1456 1576 1477 cum

844 1489 916 1519 aliis
950 1490 1077 1527 multis,
1109 1500 1190 1529 quos
1221 1489 1334 1520 laudat
1362 1489 1579 1520 Drakenbor-

844 1533 937 1564 chius
960 1534 1001 1563 ad
1024 1533 1142 1564 Silium
1164 1534 1207 1564 ix.
1225 1534 1298 1564 536.
1331 1532 1459 1563 dictum
1476 1537 1576 1573 putat

844 1578 980 1616 antique
996 1587 1055 1618 pro
1072 1576 1245 1607 dissecare.
1290 1576 1354 1607 Sed
1377 1576 1482 1616 magis
1502 1586 1576 1616 pro-

842 1620 882 1651 bo
914 1621 1072 1652 Gronovii
1102 1621 1142 1651 ad
1172 1621 1288 1651 Senec.
1318 1619 1476 1650 Phoeniss.
1501 1623 1575 1652 343.

841 1664 1038 1704 Heinsiique
1066 1664 1107 1694 ad
1133 1664 1290 1695 Ovidium
1317 1663 1399 1694 Met.
1422 1663 1478 1694 xii.
1504 1667 1577 1695 103.

841 1708 900 1739 διο.
916 1708 1133 1745 sententiam,
1149 1708 1204 1747 qui
1228 1707 1355 1738 (lictum
1381 1710 1501 1747 putant
1516 1717 1576 1747 pro

841 1752 1001 1789 disjicere.
1047 1752 1135 1782 Nam
1159 1752 1193 1782 in
1224 1750 1417 1792 compositis
1440 1760 1458 1781 e
1483 1751 1574 1790 jacio

840 1796 973 1833 ejicitur
1009 1795 1153 1825 alterum
1193 1795 1215 1832 i,
1254 1800 1292 1825 ut
1337 1795 1420 1824 bene
1459 1798 1575 1825 monet

841 1839 1030 1870 Bronkhus.
1048 1838 1088 1868 ad
1104 1838 1178 1869 Tib.
1192 1839 1212 1868 i.
1227 1843 1259 1872 9.
1277 1840 1328 1869 5⁴.
1358 1837 1417 1868 scd
1439 1837 1503 1868 vid.
1518 1838 1572 1868 in-

840 1884 954 1923 primis
969 1882 1262 1913 Drakenborchius
1281 1881 1301 1912 l.
1316 1891 1343 1912 c.
1361 1880 1436 1911 add.
1454 1880 1570 1912 Heius.

839 1931 873 1957 et
887 1927 1003 1957 Burin.
1019 1927 1060 1956 ad
1075 1926 1170 1957 Ovid.
1186 1925 1269 1956 Met.
1286 1925 1329 1955 ix.
1346 1927 1420 1956 384.

883 1970 1049 2002 Dissidere
1078 1980 1155 2000 cum
1182 1969 1303 2008 aliquo.
1330 1967 1432 1998 Acad.
1463 1967 1506 1998 iv.
1532 1971 1566 2000 4.

839 2024 916 2045 cum
933 2013 1096 2044 Cleanthe
1114 2013 1315 2053 Chrysippus
1331 2011 1469 2042 dissidet.

882 2058 1066 2089 lmsidium
1079 2067 1167 2096 ,τηερε
1184 2055 1399 2086 confunditur
1409 2055 1443 2085 in
1461 2054 1564 2085 Codd.

838 2101 1009 2132 Ciceronis
1026 2111 1104 2131 cum
1120 2100 1308 2130 discidium.
1333 2098 1370 2128 ln
1389 2097 1565 2130 Nizoliano

838 2145 961 2176 Lexico
978 2144 1085 2175 multa
1100 2144 1172 2175 loca
1187 2145 1222 2174 in
1234 2142 1295 2174 hoc
1311 2141 1408 2172 verbo
1424 2141 1566 2172 laudan-

837 2194 904 2220 tur.
929 2189 986 2219 ubi
1009 2188 1183 2221 ‹rffisidjum
1204 2190 1268 2223 est,
1284 2195 1362 2216 cum
1377 2194 1448 2216 esse
1465 2185 1570 2216 debe-¹

837 2239 888 2264 ret
918 2232 1113 2263 discidium:
1149 2240 1230 2270 quos
1260 2229 1356 2260 facile
1382 2228 1563 2266 discernes,

837 2277 971 2314 adjutus
987 2275 1050 2313 his,
1061 2284 1136 2315 qum
1151 2274 1214 2305 dixi
1233 2274 1268 2304 iu
1283 2271 1474 2303 discidium.

879 2320 1068 2351 Dissimilis.
1098 2319 1155 2349 Or.
1179 2318 1226 2348 iii.
1242 2321 1273 2348 8.
1303 2315 1382 2356 quid
1405 2321 1476 2346 tam
1498 2315 1562 2346 dis—

833 2365 937 2394 simile
951 2364 1039 2394 inter
1053 2372 1099 2392 se.

876 2405 1127 2439 Dissimilieudo.
1156 2404 1226 2435 Fin.
1258 2403 1305 2434 iii.
1334 2407 1364 2437 7.
1395 2402 1560 2433 dissimili·

830 2452 907 2482 tudo
923 2460 999 2481 cum
1018 2450 1066 2480 his
1082 2448 1220 2480 artibus.
1237 2447 1278 2477 cf.
1295 2447 1337 2477 iv.
1353 2448 1385 2478 4.

876 2495 1143 2526 Dissimutanter.
1162 2491 1320 2525 Brut.79.
1346 2489 1476 2520 numeri
1490 2497 1559 2521 non

832 2543 945 2581 aperte
969 2542 1004 2569 et
1025 2536 1143 2567 eodem
1165 2534 1277 2571 niodo,
1300 2532 1358 2563 sed
1382 2533 1469 2563 varie
1493 2533 1557 2563 dis·

831 2583 1085 2621 simulanterque
1108 2578 1266 2609 conclusi.
1289 2575 1360 2607 scil.
1375 2576 1438 2606 hoe
1453 2576 1558 2607 efficit

831 2628 903 2667 ipsa
925 2626 1067 2656 varietas
1089 2621 1324 2657 conclusionis,
1348 2624 1384 2651 ut
1407 2628 1475 2650 non
1498 2629 1557 2659 ap-

832 2676 948 2711 pareat
970 2665 1191 2699 concludendi
1214 2664 1378 2700 studium,
1393 2662 1484 2702 quod
1505 2671 1558 2694 se·

830 2723 889 2744 cus
911 2717 975 2750 est,
992 2720 1070 2742 eum
1093 2710 1210 2740 eodem
1235 2708 1333 2739 modo
1348 2707 1463 2738 omnia
1477 2715 1556 2737 con·

825 2756 1020 2789 cluduntur.

870 2798 1138 2832 Dissimncaneia.
1168 2797 1226 2827 Or.
1250 2796 1284 2826 ii.
1307 2795 1360 2829 67.
1391 2793 1496 2825 ironia
1521 2797 1559 2824 et

827 2844 1088 2877 dissimulantem
1121 2850 1167 2871 sc.
1194 2840 1266 2880 ipsa
1287 2838 1393 2869 ironia
1414 2841 1465 2868 est
1490 2837 1554 2867 dis-

828 2888 1035 2924 simulantia,
1051 2890 1092 2916 ut
1105 2895 1147 2916 ex
1159 2882 1383 2924 Theophrasti
1399 2880 1554 2912 Chai-act.

887 2939 911 2961 ‘r
927 2934 944 2962 3
