1804 3178
591 81 736 113 mnnx
765 82 1061 114 LA'nmrATm.

102 170 251 209 tantur,
264 171 322 211 qui
336 169 479 212 vectigal
493 169 722 208 redemerunt,
738 169 825 210 quod

107 211 150 247 d·
175 215 306 253 pascuis
331 213 472 256 publicis
497 212 657 252 claretum
679 213 738 244 scd
764 213 828 244 loci

107 253 318 291 ciceroniani
333 264 368 288 et
393 256 521 290 Liviani
536 257 651 287 xxxiii.
675 259 728 288 ⁴2.
759 257 828 297 (ubi

106 299 210 330 etiam
227 301 398 332 Drakenb.
420 309 498 331 cum
523 299 683 330 Burman.
700 299 740 330 de
766 299 830 330 Ve-

106 342 219 381 etjgal.
246 343 282 375 P.
298 344 336 375 R.
352 354 384 384 p.
407 346 476 374 140.
499 342 540 373 de
567 342 752 383 publicanis
780 344 829 373 iu-

106 384 258 426 telligit.)
285 396 380 418 xxxv.
401 389 449 417 10.
473 394 539 416 non
562 391 640 416 sunt
654 386 694 416 de
722 386 830 427 publi-

108 429 222 461 canis:
246 429 327 470 quid
338 430 363 461 ii
377 429 468 460 enim
480 428 523 460 ad
537 428 697 460 AEdilium
714 440 830 461 curam

108 473 280 512 pertinent
294 473 307 502 ?

150 513 342 554 Paulum,
372 515 429 555 qui
460 518 633 555 peculatus
663 526 738 546 reus
767 521 828 548 cst.

107 556 204 589 offic.
217 558 265 589 iii.
281 561 330 590 18.
346 557 407 589 Est
423 567 535 589 autem
547 561 721 600 peculatus
734 559 830 591 Ruso.

107 600 148 631 Δ.
170 603 222 636 99.
244 602 386 639 crimen,
402 612 467 642 quo
483 609 630 642 tenetur,
646 605 703 642 qui
721 605 832 634 aerari-

107 653 165 675 um
181 642 402 677 defraudavit.

149 686 350 725 Peculium,
381 690 543 729 proprius.
572 689 613 729 Ω.
641 689 692 720 Fr.
717 690 751 720 ii.
782 693 830 721 10.

105 728 169 761 hoc
185 731 267 763 mihi
278 732 344 763 fuit
352 734 532 774 peculiare.

152 774 357 813 Peculium-t,
400 775 503 813 dives,
541 782 750 806 nummatus.
791 776 833 807 ad

106 815 184 849 Div.
201 829 232 849 x.
244 821 298 851 32.
321 819 420 860 plane
431 820 615 859 peculiam:
630 819 794 850 discessit.

150 861 340 900 Peculium,
379 863 534 903 pecunia,
573 872 674 902 quam
720 872 832 894 servus

109 903 236 937 domini
259 906 423 946 permissu
446 905 586 945 colligit.
616 906 709 937 Verr.
733 907 755 936 i.
778 908 831 938 36.

104 950 234 989 peculia
248 959 431 981 servorum.
448 949 565 980 Parad.
579 959 608 979 v.
622 951 652 980 2.
669 949 723 989 qui
741 951 834 990 cupi·

109 991 216 1024 ditate
225 993 347 1033 pec-aii
371 992 498 1023 nullam
525 993 752 1023 conditionem
783 1003 832 1023 re-

109 1041 231 1067 cusant
244 1035 430 1066 durissimae
446 1036 627 1067 servitutis.

152 1079 332 1117 Peior-ius,
364 1079 404 1109 de
435 1080 656 1116 senatoribus,
683 1080 739 1119 qui
766 1089 835 1110 non

110 1120 259 1153 dicende
291 1123 468 1153 sententiae
505 1123 563 1161 jus
603 1122 741 1161 habent,
777 1123 835 1154 sed

109 1170 247 1197 tantum
270 1167 502 1196 assentiuntur
524 1166 737 1204 discessione,
759 1167 837 1206 quia

110 1209 260 1242 nondum
278 1210 475 1248 magistratu
490 1208 601 1249 aliquo
617 1210 726 1240 functi
742 1215 834 1240 sunt.

111 1252 183 1284 Att.
207 1254 229 1283 i.
257 1256 306 1287 19.
329 1255 382 1284 520.
405 1263 435 1283 v,
459 1252 543 1283 Gen.
559 1254 606 1284 111.
635 1256 684 1284 18.
708 1263 786 1283 nam
810 1254 836 1284 is

109 1301 162 1328 ost
177 1296 271 1327 locus
282 1295 449 1327 classicus.

154 1339 326 1376 Pedesler,
349 1349 408 1379 pro
423 1344 581 1370 terrester
611 1343 663 1369 est
689 1339 782 1370 Cato.
807 1343 836 1370 5.

107 1384 269 1424 pedestres
286 1382 482 1421 navalesque
500 1391 632 1422 pngnae.
672 1382 724 1412 Sic
750 1392 836 1423 saepe

113 1427 225 1467 Nepos
249 1434 284 1456 et
306 1425 374 1456 alii.
397 1436 428 1456 v.
461 1425 605 1456 Gronov.
627 1430 661 1456 et
683 1426 838 1457 Draken-

112 1469 227 1502 borch.
243 1468 284 1501 ad
299 1468 371 1499 Liv.
388 1469 511 1499 xxxvii.
529 1471 580 1500 53.

156 1511 337 1552 Peg-mata,
353 1511 453 1542 loculi
481 1512 596 1551 lignei,
621 1512 740 1551 quibus
764 1511 839 1543 libri

113 1560 334 1597 reponuntur.
356 1555 426 1586 Att.
442 1555 484 1585 iv.
501 1558 532 1586 8.

128 1623 136 1625 ⁴
159 1597 330 1641 Pejemre.
355 1598 435 1638 quid
450 1599 517 1629 siti
543 1608 573 1628 v.
590 1598 655 1629 Off.
672 1599 719 1629 iii.
734 1599 785 1633 29.

159 1640 278 1684 Pq'us,
315 1642 534 1679 substantive,
572 1646 631 1671 aut
668 1641 841 1673 intellecto

114 1687 267 1727 negotii3
298 1695 358 1726 per
372 1686 594 1725 graecismum.
619 1683 719 1715 Tusc.
736 1686 770 1716 ii.
792 1688 840 1716 13.

114 1729 294 1770 turpitudo
302 1727 400 1770 pejus
412 1734 475 1765 est,
491 1737 590 1767 quam
609 1727 711 1758 dolor.

158 1772 328 1810 Peucetio,
344 1772 455 1802 lectio.
476 1772 547 1802 Att.
562 1772 583 1801 i.
604 1774 653 1802 13.

160 1815 302 1853 Peuere,
318 1815 477 1846 dicuntur
502 1824 553 1845 res
579 1817 738 1852 externae,
762 1824 840 1845 cum

115 1865 225 1900 agunt
263 1860 298 1890 in
333 1867 492 1890 sensuum
531 1859 770 1895 instrumenta,
807 1865 842 1888 et

117 1902 252 1943 quidem
272 1903 306 1933 in
329 1908 506 1941 utramque
529 1906 673 1941 partem,
697 1901 843 1931 suaviter

115 1950 152 1979 et
176 1955 254 1976 cum
276 1944 441 1976 molestia.
463 1944 557 1975 Orat.
583 1947 634 1976 53.
659 1943 749 1983 quod
764 1954 842 1974 cum

117 1989 248 2020 animos
271 1988 447 2019 hominum
475 1997 636 2027 auresque
654 1989 842 2028 pepulisset,

116 2036 157 2064 ut
170 2031 313 2072 intelligi
339 2036 463 2072 posset,
484 2031 571 2070 quod
588 2040 683 2061 casus
709 2031 843 2061 effudis-

117 2081 184 2115 oet,
199 2076 356 2106 cecidisse
369 2074 531 2114 jucunde.
554 2075 573 2092 ¹⁵
589 2073 709 2104 deinde
720 2075 844 2114 pellere

55 2141 59 2145 -
117 2128 193 2157 1205,
216 2123 275 2150 aut
296 2123 460 2155 mentem,
477 2117 636 2147 dicuntur
649 2118 776 2157 species
794 2126 843 2147 re-

118 2171 195 2194 rum
221 2166 449 2198 externarum,
464 2170 540 2191 cum
558 2161 670 2190 animo
697 2161 841 2201 concipi-

117 2210 236 2237 untur.
259 2205 360 2236 Acad.
377 2206 420 2235 iv.
446 2207 495 2235 10.
518 2204 588 2234 visa
604 2213 663 2233 nos
672 2205 842 2244 pellerent.

118 2248 198 2280 ibid.
229 2249 272 2279 iv.
299 2251 353 2280 20.
387 2248 456 2278 visa
486 2252 634 2277 mentem
667 2255 843 2278 sensumve

110 2294 323 2336 pepulerunt.
363 2291 383 2310 ¹*
399 2291 542 2330 denique
581 2299 655 2329 quae
692 2290 843 2321 animum

118 2336 265 2368 suaviter
279 2339 339 2366 aut
364 2333 505 2365 moleste
527 2333 687 2364 afficiunt.
713 2332 784 2363 Fin.
809 2334 843 2363 ii.

122 2381 174 2412 lo.
197 2388 260 2410 nec
274 2378 381 2409 ullum
399 2378 499 2408 habet
519 2378 639 2413 ictum,
658 2385 723 2415 quo
739 2378 845 2417 pellat

119 2423 272 2455 animum
293 2421 348 2452 hic
365 2426 472 2452 status
488 2419 571 2452 nihil
595 2419 738 2450 dolendi.
767 2419 844 2451 Div.

84 2485 88 2491 ·
119 2466 143 2498 i.
159 2467 214 2498 36.
237 2470 277 2496 ut
290 2467 462 2506 pellantur
476 2463 578 2494 animi
602 2462 845 2501 vehementius,

120 2518 210 2551 σερε
236 2509 339 2539 etiam
363 2518 444 2538 cura
469 2512 504 2537 et
528 2507 660 2536 timore.
685 2505 766 2536 Coel.
795 2509 845 2537 15.

121 2552 248 2584 candor
268 2552 369 2590 hujus
393 2557 428 2582 te
456 2555 491 2580 et
516 2549 709 2590 proceritas,
733 2548 844 2579 vultus

120 2595 276 2634 oculique
306 2596 517 2636 pepulerunt.
551 2593 605 2623 Sic
627 2591 729 2622 babet
753 2591 845 2622 Grae·

118 2639 193 2669 vius
205 2648 264 2678 pro
279 2639 415 2679 vulgato
431 2635 657 2678 perpulerunt.
672 2644 749 2665 nam
767 2644 845 2666 cum

114 2683 329 2723 malcrum,
339 2681 530 2722 ignorantia
540 2679 749 2710 librariorum
757 2687 845 2718 saepe

122 2729 354 2765 permutatum
379 2730 432 2755 est
457 2723 676 2764 perpulerunt
711 2726 746 2752 et
771 2730 846 2761 per-

122 2766 291 2799 culerunt.
305 2777 335 2798 v.
359 2767 467 2799 Graev.
484 2767 527 2797 ad
548 2766 580 2798 h.
601 2766 624 2796 l.
652 2769 688 2796 et
702 2764 845 2796 Gronov.

122 2810 254 2841 admv.
272 2810 320 2842 iii.
332 2813 386 2843 30.
408 2811 463 2842 Sic
487 2810 528 2841 ad
545 2809 622 2841 Div.
638 2809 680 2839 iv.
698 2811 746 2840 13.
770 2807 847 2840 nul-

121 2852 158 2885 k
170 2852 312 2894 insignis
322 2856 377 2885 me
387 2854 543 2896 privatim
552 2854 681 2896 pepulit
702 2851 845 2892 injuriat

1508 83 1589 124 ³01

870 170 903 201 h.
926 180 954 201 e.
979 172 1106 211 attigit,
1127 172 1199 204 aliae
1222 175 1295 207 edd.
1320 175 1441 208 habent
1472 189 1590 219 percu-

871 214 920 244 lit.
943 214 1070 245 ‘Brun
1103 218 1154 250 87.
1187 217 1274 258 longi
1309 221 1469 251 sermonis
1499 223 1590 255 initi.

870 267 928 288 um
947 260 1124 298 pepulisti:
1155 262 1240 299 quod
1266 262 1434 301 eleganter
1460 264 1587 299 dictum

871 301 1012 331 arbitror
1028 312 1086 341 pro
1103 304 1246 340 movisti,
1260 308 1466 338 commovisti
1484 320 1491 338 z
1515 311 1589 349 qui·

871 344 932 374 bus
958 345 1064 376 verbis
1089 346 1122 376 in
1146 345 1207 376 hac
1230 357 1262 376 re
1287 353 1428 380 utuntur
1451 356 1589 384 veteres.

871 387 935 418 Sed
958 398 1035 418 cum
1060 388 1145 419 hanc
1167 389 1366 429 elegantiam
1400 402 1466 424 non
1492 404 1590 437 cape-

872 436 946 462 rent
979 431 1129 471 quidam,
1152 433 1321 474 depulisti,
1353 442 1411 466 aut
1443 436 1592 470 detulisti

872 486 912 505 ex
928 485 968 504 eo
983 475 1147 506 fecerunt.

916 518 1087 556 pellicere,
1111 519 1232 550 dicitur
1260 519 1300 550 de
1333 521 1456 551 artibus
1489 524 1593 563 magi-

873 562 932 599 cis,
955 562 1074 600 quibus
1089 572 1120 593 v.
1136 573 1165 594 c.
1180 572 1273 602 seges
1289 573 1328 593 ex
1344 573 1422 603 agro
1446 566 1542 596 vicini
1558 568 1593 598 in

873 611 1024 635 nostrum
1052 605 1241 644 deducitur,
1269 615 1346 637 nam
1381 607 1421 637 de
1452 607 1512 638 hoc
1543 614 1594 640 est

873 648 961 688 apud
995 648 1077 678 Plin.
1108 648 1197 679 Hist.
1224 654 1293 680 nat.
1340 649 1429 681 Hinc
1459 651 1594 691 elegan-

873 697 925 722 ter
954 691 995 721 ad
1033 691 1097 722 alia
1127 692 1335 723 transfertur.
1370 694 1464 725 Orat.
1493 695 1515 724 i.
1539 698 1594 729 57.

874 735 1057 765 sententian
1095 735 1218 776 lepore,
1247 741 1281 766 et
1318 735 1399 774 sale,
1431 739 1595 778 pellicere.

875 778 935 809 ac.

919 820 1033 852 Pellis.
1050 817 1128 860 quia'
1146 823 1284 862 pellibus
1303 826 1500 854 sternuntur
1520 827 1596 855 ten·

875 865 1005 895 (οι-171111
1022 866 1151 903 castris,
1168 872 1342 906 propterea
1358 866 1503 907 proipsis
1519 874 1595 898 ten-

875 909 968 938 toriis
991 914 1173 948 ponuntur.
1206 909 1306 940 Acad.
1333 910 1375 939 iv.
1405 912 1435 940 2.
1466 913 1503 940 ut
1527 919 1596 943 non

876 952 1022 982 multum
1043 952 1235 991 imperatori
1262 953 1323 983 sub
1350 953 1428 992 ipsis
1455 954 1596 992 pellibus

876 995 934 1024 otii
951 994 1170 1034 relinquatur.

921 1037 1072 1068 Pellitus.
1096 1038 1135 1068 fr.
1152 1038 1208 1069 Or.
1225 1048 1273 1078 pr.
1297 1038 1409 1069 Scaur.
1426 1039 1475 1070 M.
1491 1040 1596 1072 AEmi·

877 1080 940 1111 lius
963 1081 1195 1111 sordidissimae
1224 1083 1329 1121 genti,
1355 1092 1394 1112 ac
1419 1092 1521 1123 prope
1549 1083 1598 1114 di·

878 1134 951 1154 carn
969 1126 1092 1164 pellicis
1113 1125 1254 1154 testibus
1270 1125 1486 1156 condonetur.
1518 1125 1597 1158 Pec-

878 1169 927 1198 liti
960 1173 1040 1198 sunt
1073 1168 1215 1207 proprie,
1239 1169 1378 1208 pellibus
1412 1178 1472 1208 pro
1504 1175 1596 1200 veste

877 1211 973 1248 tecti,
988 1218 1026 1241 ut
1043 1211 1170 1247 rustici,
1194 1211 1249 1250 qui
1267 1210 1343 1241 inde
1355 1213 1461 1251 pelliti
1483 1212 1600 1243 dicun-

879 1260 945 1285 tur.
969 1254 1032 1284 Sed
1054 1255 1132 1293 quia
1153 1254 1207 1284 bic
1233 1254 1343 1285 cultus
1365 1260 1417 1284 est
1432 1256 1533 1285 etiam
1560 1256 1599 1286 iis

880 1298 1034 1337 gentibus
1051 1298 1331 1337 communis‚quae
1348 1297 1493 1328 barbare
1506 1305 1601 1336 sum,

879 1346 913 1371 et
946 1341 987 1371 ab
1021 1340 1083 1371 hoc
1112 1340 1299 1371 humaniori
1331 1340 1427 1371 cultu
1457 1341 1597 1372 absunt:

878 1389 1055 1424 propterea
1079 1383 1208 1414 barbari
1233 1384 1348 1420 etiam,
1372 1391 1412 1414 ut
1429 1383 1461 1414 h.
1483 1384 1505 1414 l.
1520 1390 1600 1415 sunt

874 1429 992 1468 pelliti.
1016 1427 1070 1457 Sic
1093 1436 1149 1457 eos
1173 1426 1353 1467 appellavit
1375 1427 1476 1458 etiam
1502 1427 1603 1458 Clau·

880 1470 999 1500 dianus
1023 1470 1062 1499 de
1086 1470 1128 1500 iv.
1152 1469 1287 1500 Consul.
1312 1469 1450 1500 Honorii
1474 1480 1505 1500 v.
1522 1471 1599 1501 466.

882 1513 943 1544 Est
968 1516 1082 1543 autem
1106 1522 1159 1552 ap.
1191 1512 1383 1543 Ciceronem
1416 1522 1525 1543 sermo
1559 1513 1599 1544 de

880 1556 1004 1594 Sardis,
1016 1556 1070 1595 qui
1081 1557 1187 1595 pelliti
1202 1555 1322 1586 diserte
1338 1564 1500 1587 vocantur
1513 1556 1603 1596 apud

881 1600 953 1630 Liv.
978 1600 1068 1629 xxiii.
1093 1601 1147 1630 40.
1182 1608 1212 1628 v.
1236 1599 1280 1629 ibi
1303 1597 1444 1630 Gronov.
1468 1609 1487 1628 a
1510 1599 1604 1629 Cice-

883 1652 960 1673 rone
999 1642 1077 1672 alibi
1114 1643 1320 1672 mastrucati.
1354 1651 1384 1670 v.
1422 1647 1601 1672 mastruca.

881 1687 938 1716 sed
961 1685 1112 1726 inprimis
1142 1685 1305 1715 Patricius
1337 1685 1378 1715 ad
1400 1684 1439 1715 fr.
1463 1685 1520 1715 Or.
1544 1695 1603 1725 pro

881 1730 1005 1760 Scauro
1026 1732 1050 1759 t.
1064 1729 1112 1759 iii.
1136 1739 1169 1768 p.
1186 1729 1220 1759 ii.
1244 1738 1276 1769 p.
1307 1731 1397 1760 1015.
1422 1727 1472 1758 ed.
1496 1727 1604 1759 Graev.

883 1772 958 1803 add.
975 1771 1068 1802 Varr.
1082 1772 1120 1803 R.
1132 1771 1172 1802 R.
1190 1772 1224 1802 ii.
1240 1771 1303 1802 ult.

926 1814 1110 1846 Pellucens.
1133 1814 1270 1845 nitidus.
1285 1813 1421 1854 politus.
1441 1813 1537 1846 Brut.
1549 1817 1605 1849 79.

883 1858 993 1889 mollis
1006 1863 1041 1888 et
1050 1860 1217 1898 pellacem
1227 1858 1343 1888 oratio.

926 1900 1083 1939 Penates,
1098 1900 1186 1932 unde
1203 1900 1307 1931 dicti?
1332 1900 1394 1931 vid.
1411 1899 1491 1930 Nat.
1508 1900 1552 1931 D.
1567 1900 1604 1931 ii.

882 1946 935 1979 527.
958 1945 1052 1976 Vei-r.
1081 1945 1124 1975 iv.
1154 1947 1185 1976 8.
1217 1943 1299 1974 Suu.
1324 1946 1377 1974 31.
1401 1947 1535 1983 penates
1563 1949 1604 1973 ae

882 1988 939 2019 Dii
964 1989 1075 2028 patrii.
1099 1986 1141 2017 cf.
1167 1987 1268 2018 Dom.
1296 1990 1348 2020 57.
1371 1985 1451 2017 Har.
1478 1986 1518 2017 R.
1553 1988 1604 2019 17.

883 2031 1013 2071 Nempe
1030 2036 1165 2071 penates
1186 2040 1224 2060 ac
1239 2030 1295 2060 Dii
1319 2029 1432 2069 patrii,
1448 2029 1531 2060 item
1555 2028 1601 2059 l'a-

885 2074 1042 2112 miliares,
1068 2079 1149 2104 sunt
1174 2073 1274 2104 iidem
1290 2084 1300 2110 3
1325 2072 1358 2103 h.
1375 2082 1404 2104 e.
1421 2072 1457 2109 ii,
1473 2081 1553 2111 quos
1568 2076 1605 2103 et

884 2128 1023 2156 quaeque
1041 2118 1117 2148 urbs
1133 2117 1356 2147 communiter
1381 2125 1400 2145 a
1426 2114 1605 2154 majoribus

883 2161 1034 2198 traditos,
1065 2165 1099 2190 et
1123 2169 1260 2199 quaeque
1285 2158 1412 2188 familia
1439 2158 1501 2189 sibi
1530 2166 1605 2197 pro-

884 2205 971 2245 prios
987 2204 1168 2234 adsciverat
1180 2208 1215 2232 et
1229 2201 1368 2232 colebat.
1405 2200 1607 2232 Colebantur

885 2252 998 2277 autem
1017 2246 1169 2287 privatim
1187 2246 1221 2275 in
1243 2244 1414 2285 impluvio.
1459 2243 1511 2274 1111
1526 2250 1608 2274 sunt

880 2293 1015 2331 penales
1029 2289 1166 2330 publici,
1183 2288 1216 2318 hi
1240 2288 1371 2328 privati.
1410 2286 1450 2317 ln
1473 2286 1606 2320 illorum

885 2333 995 2364 tutela
1008 2340 1060 2363 est
1084 2337 1159 2363 tota
1182 2332 1271 2368 urbs,
1288 2331 1504 2371 inprimisque
1520 2334 1607 2360 tem-

886 2376 953 2417 pla,
969 2377 1003 2407 in
1019 2376 1135 2406 horum
1152 2375 1238 2405 aedes
1256 2375 1390 2414 privatae
1410 2377 1446 2404 et
1470 2371 1609 2404 familia.

886 2420 1002 2460 Virgil.
1035 2419 1111 2449 AEn.
1135 2418 1170 2448 ii.
1193 2420 1267 2451 70‘2.
1301 2417 1358 2447 ubi
1382 2427 1412 2447 v.
1448 2415 1531 2447 lntt.
1565 2414 1610 2445 cf.

886 2463 932 2493 iii.
959 2465 1029 2494 148.
1054 2461 1169 2500 ltaque
1185 2461 1243 2491 hos
1260 2459 1369 2490 aufert
1390 2458 1524 2496 Ainea,
1540 2467 1610 2490 non

886 2505 999 2536 Lares.
1031 2504 1114 2535 lbid.
1141 2504 1175 2535 ii.
1199 2504 1274 2538 716.
1312 2501 1457 2534 Penates
1489 2501 1611 2542 privati

886 2555 966 2580 sunt
995 2549 1094 2579 Doni.
1117 2550 1170 2578 41.
1206 2545 1290 2577 Phil.
1313 2545 1348 2576 ii.
1371 2549 1424 2577 30.
1455 2555 1486 2575 ν.
1511 2544 1614 2584 inpri-

887 2593 964 2629 mis,
986 2600 1085 2630 quem
1121 2590 1269 2620 Graevius
1291 2588 1334 2620 ad
1355 2588 1412 2618 Or.
1442 2597 1493 2628 pr.
1519 2586 1612 2617 Sulla

888 2635 910 2665 1.
939 2645 966 2664 c.
995 2634 1123 2670 laudat,
1146 2633 1291 2663 Gronov.
1316 2631 1462 2663 Dian-ib.
1488 2631 1522 2661 in
1540 2630 1612 2660 Sta-

886 2679 985 2709 tium.
1009 2687 1038 2708 c.
1051 2679 1104 2708 44.
1119 2686 1153 2716 p.
1169 2677 1243 2710 290.
1259 2684 1329 2714 sqq.
1347 2674 1430 2706 adde
1452 2679 1486 2704 et
1501 2675 1535 2703 in
1551 2673 1614 2703 im·

886 2721 1050 2762 pluvium.
1074 2720 1093 2738 ⁸
1107 2718 1190 2751 Phil.
1207 2719 1274 2753 viii.
1291 2720 1323 2749 3.
1343 2717 1614 2758 templa—pena-

888 2769 948 2802 tes,
971 2773 1057 2801 arae,
1085 2762 1188 2793 focos.
1212 2761 1329 2793 Lectio
1346 2765 1483 2802 penates
1513 2758 1615 2790 dubia

889 2812 952 2838 est.
981 2806 1046 2837 vid.
1077 2805 1201 2837 Ferrar.
1219 2804 1260 2835 nd
1282 2803 1316 2835 h.
1332 2803 1355 2835 1.
1378 2804 1471 2834 abest
1496 2802 1536 2832 ab
1563 2801 1614 2830 ed.

890 2849 1037 2883 Manutii
1058 2848 1123 2882 hoc
1144 2848 1296 2881 verbum.
1329 2846 1395 2878 Sed
1416 2849 1528 2888 potent
1549 2853 1617 2878 nes·-
