1815 3209
188 177 244 215 42

188 270 353 302 Misenum
381 273 416 302 et
450 272 608 304 Minervae
642 275 904 314 promontorium

190 314 441 353 amoenissimus,
455 315 494 346 de
516 326 580 355 quo
595 326 625 346 ν.
649 317 766 347 Strabo
781 317 803 348 l.
825 328 856 348 v.
871 318 904 348 in

189 364 229 385 eo
245 360 279 385 et
294 356 395 387 Baiae.

236 396 343 435 Creta,
360 398 467 430 insula
481 399 596 430 Graeca
605 400 692 430 inter
705 401 855 441 AEgaeum
871 405 905 432 et

187 438 403 479 Cyrenaicum
420 451 520 472 mare.

236 481 355 519 Cretes,
370 483 400 514 T
403 493 469 514 use.
486 485 519 514 ii.
537 486 584 514 14.
601 484 717 514 incolae
733 485 851 515 Cretae.

235 523 435 562 Crodunum,
460 536 519 566 pro
546 526 673 556 Fontei.
698 529 726 557 5.
756 536 814 566 pro
841 537 904 566 quo

187 563 243 595 alii
270 565 457 597 Crodimum
484 568 620 606 legunt:
644 568 733 598 locus
762 569 825 599 fuit
848 570 904 599 ob-

185 617 298 637 scurus
322 609 356 638 in
386 610 554 648 provincia
578 609 697 648 Gallia,
724 611 809 641 forte
837 621 904 641 non

186 649 299 690 procul
313 650 445 682 Tolosa.

234 691 515 729 &ommia-Aera,
542 692 581 723 ad
601 692 677 724 Div.
700 693 755 723 xii.
776 703 826 734 ep.
854 685 911 725 13.

183 736 447 773 promontorium
470 736 581 775 Cypri,
595 735 730 778 κρομμύε
747 736 825 779 o'c'ngoe
844 737 901 768 Gr.

183 780 301 806 contra
321 777 549 813 Anemurium,
564 779 827 817 promontorium
850 779 904 810 Ci-

181 816 276 849 liciae.
292 829 322 848 v.
336 819 459 849 Victor.
475 819 515 848 ad
528 818 598 849 hfl.
791 816 794 820 ’

231 859 358 897 Croton,
375 861 415 891 ad
436 860 506 891 Att.
528 861 570 891 ix.
598 865 645 895 19.
668 861 744 892 urbs
768 862 801 892 in
820 863 904 893 Bru-

181 901 257 931 tiis:
282 903 367 933 unde
388 902 590 940 manniam,
606 904 645 933 de
662 903 790 936 Invent.
805 905 838 936 ii.
855 909 882 936 l.

228 943 442 974 Crustumina
457 945 574 981 tribus,
590 946 701 977 Plane.
723 948 770 977 16.

229 985 361 1023 Cularo,
378 997 407 1016 ν.
429 986 556 1019 Οιζυανο.
750 991 754 994 ’

228 1027 349 1065 emme,
377 1030 454 1059 urbs
481 1030 690 1069 Campaniae3
724 1029 810 1059 unde
843 1030 904 1061 Cu-

179 1072 284 1106 mani,
309 1071 425 1101 incolae
443 1072 544 1108 urbis,
569 1078 603 1101 et
627 1072 794 1102 Cumanus
815 1083 903 1112 ager,

179 1111 258 1151 Agr.
275 1113 307 1142 ii.
321 1113 371 1143 26.

228 1155 425 1191 C'mnanum,
448 1155 489 1186 ad
509 1155 581 1186 Att.
604 1156 646 1187 iv.
672 1159 719 1186 10.
745 1156 904 1196 praedium

179 1196 326 1236 Pompeii
341 1207 441 1238 prope
457 1199 588 1229 Cumas.

226 1238 423 1277 Cumanum,
438 1240 538 1271 Acad.
554 1242 575 1271 i.
597 1244 623 1271 l.
644 1240 801 1281 praedium
822 1240 904 1271 Var-

177 1289 277 1311 roma.

225 1323 337 1361 Cares,
350 1324 392 1355 ad
413 1325 488 1355 Div.
508 1335 559 1354 xV.
574 1336 626 1365 ep.
648 1326 699 1355 20.
721 1325 798 1354 urbs
814 1325 903 1354 Sabi-

178 1374 297 1397 norum
313 1368 474 1407 princeps,
490 1366 576 1397 unde
597 1367 696 1398 Cures
711 1366 841 1397 Sahinoe
855 1366 902 1396 di-

177 1413 310 1437 cuntur.

226 1450 395 1488 Cg'qbirntau
409 1461 439 1481 v.
458 1451 633 1492 Cibyratae.

225 1492 384 1531 Cybistra,
401 1493 441 1523 ad
463 1493 538 1524 Div.
561 1502 614 1524 xv.
635 1503 686 1533 ep.
710 1493 740 1524 2.
756 1495 788 1523 4.
811 1492 904 1533 oppi-

178 1533 256 1564 dum
272 1535 497 1575 Cappadociae.

226 1576 368 1615 Cydnus,
379 1578 503 1608 flumen
515 1577 550 1607 in
561 1576 689 1616 Cilicia,
700 1576 784 1607 Phil.
800 1577 832 1607 ii.
855 1580 902 1607 ll.

225 1618 372 1658 Cymoeus
386 1619 533 1657 Fimdus,
550 1629 608 1659 pro
627 1619 700 1650 Fac.
716 1621 767 1650 20.
783 1620 823 1650 ad
844 1620 903 1659 Cy-

176 1670 265 1697 men,
278 1661 396 1692 AEoliae
411 1662 577 1702 oppidum.

226 1703 362 1743 Cyprus,
379 1704 486 1734 insula
506 1703 650 1734 Asiatica
665 1713 683 1733 e
698 1703 830 1742 regione
848 1703 903 1733 Ci-

177 1744 262 1775 lieiae
281 1756 414 1785 asperae,
430 1746 516 1776 unde
539 1746 704 1776 Ciceronis
727 1746 903 1786 provinciae

179 1787 304 1818 Cilieiae
318 1789 480 1819 attributa
491 1793 572 1818 erat.

225 1829 368 1868 Curenoe,
383 1841 442 1870 pro
458 1831 569 1860 Plane.
584 1833 613 1860 5.
624 1829 702 1860 urbs
715 1829 902 1868 Cyrenaicae

177 1873 318 1911 regionis
332 1872 365 1902 in
373 1873 495 1909 Africa,
508 1873 594 1902 unde
608 1871 790 1911 cyrensem,
803 1872 901 1902 Tusc.

176 1913 241 1953 Ωιι.
257 1914 278 1944 i.
295 1917 347 1945 42³.
363 1921 397 1945 et
416 1916 622 1955 Cyrenaicus,
638 1913 738 1944 Aead.
753 1914 794 1944 iv,
807 1917 859 1945 42.

225 1955 495 1995 Cyrrhestica,ad
517 1957 589 1987 Att.
613 1967 642 1986 V.
674 1959 722 1986 18.
746 1966 819 1995 pars
843 1958 901 1996 Sy-

175 1997 245 2035 riae,
274 2000 412 2028 confinis
435 1999 572 2035 Ciliciae,
606 2008 726 2028 nomen
754 1998 853 2028 habet
882 2009 902 2029 a

183 2039 305 2079 (yrrho
321 2042 413 2078 urbe,
430 2042 515 2071 Plin.
532 2052 561 2071 ν.
577 2043 628 2073 23.
653 2050 726 2079 quae
741 2049 807 2069 non
822 2051 900 2070 oon-

176 2082 342 2112 fundenda
357 2089 407 2113 est
421 2093 495 2113 eum
514 2083 635 2121 Cyri-Im
651 2082 866 2119 Macedoniae,
882 2094 902 2113 a

178 2134 242 2163 qua
265 2125 470 2163 qurlaeesta'ca
492 2126 645 2156 Minerva
665 2124 796 2161 dicitur,
816 2125 901 2163 quod

177 2166 211 2195 in
227 2177 266 2199 ea
278 2167 357 2197 urbe
372 2168 532 2207 templum
553 2168 711 2197 Minervae
726 2166 900 2197 Alexandri

176 2208 225 2239 M.
234 2210 323 2249 juszu
334 2215 535 2240 exstructum
550 2216 609 2239 est.
620 2207 823 2239 vid.Dio‹lor.
835 2209 898 2239 Sic.

176 2250 198 2280 l.
213 2251 299 2282 xviii.
312 2262 341 2291 p.
357 2255 428 2282 584.
443 2262 520 2282 nam
537 2252 581 2282 ibi
594 2261 653 2291 pro
667 2252 691 2281 ἔν
705 2249 794 2293 κῦξνῳ
806 2249 832 2280 ἓξ.
848 2254 899 2284 τῆς

173 2294 315 2330 Ἀθηνᾶς,
338 2303 382 2324 se.
405 2294 568 2333 templum
591 2295 714 2324 exstrui
729 2295 840 2331 jussit,
855 2294 901 2323 le-

175 2336 330 2375 gendum,
338 2341 470 2365 auctore
479 2336 694 2373 WVesselingio
704 2336 742 2366 ad
749 2336 900 2366 Itinerar.

176 2378 305 2408 Hieros,
322 2389 353 2417 p.
365 2379 436 2408 606.
450 2380 473 2408 {v
490 2378 589 2420 κύῤῥῳ.
629 2378 707 2408 Inde
721 2382 844 2413 autern,
861 2382 900 2408 ut

143 2419 149 2422 “
174 2420 236 2449 hoe
259 2420 426 2455 addamuS,
451 2422 559 2450 cuitus
583 2421 735 2458 migravit
758 2420 790 2448 in
813 2421 900 2459 Syri-

174 2473 240 2498 am,
256 2463 310 2491 u'oi
328 2463 489 2502 templum
514 2463 725 2502 Cszsrrlzescica’
742 2462 900 2492 lffinerroe

174 2509 335 2534 memorat
357 2505 475 2534 Strabo
498 2505 520 2536 l.
546 2506 609 2535 xvi.
633 2515 663 2543 p.
691 2507 780 2538 1090.
828 2504 900 2543 Ipsa

173 2548 250 2576 urbs
279 2546 424 2585 Cyrrhum
440 2548 539 2587 Syriae
561 2547 602 2577 ab
620 2547 725 2576 altera
746 2546 899 2576 Macedo-

173 2590 238 2618 nice
262 2598 382 2617 nomen
405 2590 542 2618 traxisse
565 2589 706 2623 videtur,
730 2593 768 2618 ut
790 2587 899 2627 plnres

172 2631 246 2660 alia·
269 2630 364 2660 urbe&
396 2632 496 2670 Syriae
525 2632 736 2665 cognominee
765 2630 899 2659 urbibuq

173 2673 377 2703 Macedoniff·
397 2678 430 2702 et
445 2673 624 2702 leszaliae
641 2673 797 2707 invenias,
814 2672 900 2711 quod

172 2715 211 2744 iis
225 2714 372 2745 Thessali
387 2720 420 2744 ct
442 2714 635 2745 Maeedoneq
655 2724 788 2745 suarum
811 2715 899 2743 urbi-

172 2766 229 2786 um
255 2757 389 2786 nomina
405 2758 558 2787 tribuere.
574 2767 604 2786 ν.
617 2757 750 2787 Vossius
772 2756 813 2786 ad
827 2756 900 2786 Me-

172 2798 238 2829 lam
255 2809 285 2838 p.
301 2801 374 2828 448.

220 2841 368 2879 Cyzicum
389 2845 423 2870 et
447 2840 590 2878 Cuzieus,
607 2841 682 2870 urbs
706 2840 820 2878 Mysiae
837 2841 899 2870 rni-

172 2884 273 2918 noris,
295 2882 336 2912 ad
364 2884 606 2922 Propontidem,
630 2893 654 2912 s.
680 2883 898 2922 Hellesponti.

170 2924 258 2954 Nam
287 2926 321 2954 in
350 2925 510 2955 Hieroclis
538 2925 735 2962 Synecdcmo
762 2926 898 2964 Cyzicus

173 2966 382 3007 Hellesponti
398 2968 588 3007 metropolis
605 2972 668 3005 ent,
689 2967 899 3006 quemadmo-

639 189 798 218 anzx
826 187 1230 218 GEOGRAPfflcus.

947 274 1022 304 dum
1053 284 1083 305 v.
1112 285 1140 305 c.
1165 274 1376 313 Lampsacus,
1403 271 1489 312 quod
1517 282 1568 313 ap.
1597 271 1678 304 Cic:

947 317 1038 346 Verr.
1054 318 1076 347 i.
1097 319 1148 347 24.
1165 316 1318 356 oppidum
1334 316 1366 345 in
1384 315 1598 355 Hellesponto
1619 314 1668 344 di-

946 359 1044 394 citur,
1060 358 1146 398 quod
1165 359 1204 388 ab
1219 358 1289 388 aliis
1305 357 1344 387 ad
1364 357 1501 397 Mysiam
1518 354 1667 386 refertur.

946 410 975 430 ν.
992 401 1024 430 in
1039 401 1273 440 Hellespontus.
1291 400 1328 429 ln
1342 399 1426 430 bello
1442 398 1667 429 Mithridatico

948 443 1048 472 nobili
1066 443 1232 472 obsidione
1247 441 1412 478 inclaruit,
1427 446 1461 471 et
1476 441 1537 470 hoc
1560 440 1662 470 nomi-

947 492 987 514 ne
1006 494 1091 524 saepe
1114 484 1199 524 apud
1219 485 1410 514 Ciceronem
1431 491 1667 514 commemora-

946 530 1012 556 tur.
1056 526 1136 557 Inde
1155 525 1336 566 Cyzicenus.

1288 610 1332 641 D.

987 691 1180 730 Dalmatia,
1204 694 1292 733 regio
1312 693 1465 735 Europae,
1481 693 1611 734 Illyrico
1629 695 1665 724 et

946 735 1070 766 Moesiae
1086 737 1234 766 confinis.

987 777 1118 815 Danai,
1133 779 1252 814 Graeci,
1269 789 1288 809 a
1302 779 1430 809 Danao.

987 820 1146 851 Dardani
1161 821 1248 851 Sext.
1263 823 1315 851 43.
1333 819 1449 850 incolae
1471 819 1662 854 Dardaniae,

946 871 1017 901 quae
1036 868 1086 893 est
1101 873 1173 902 pars
1189 863 1313 893 Moesiae
1331 862 1516 902 superiorss,
1532 861 1664 902 Illyrico

945 912 979 934 et
995 904 1197 935 Maccdoniae
1214 906 1366 935 finitima.

987 946 1105 983 Delus,
1121 947 1225 977 insula
1238 947 1371 977 celebris
1383 951 1516 986 propter
1527 944 1667 975 Latonae

946 993 1077 1027 partum
1101 994 1134 1019 et
1150 990 1354 1029 religionem,
1369 990 1403 1019 in
1426 988 1507 1018 mari
1528 987 1664 1026 AEgaeo3

946 1030 1032 1060 unde
1044 1030 1214 1067 Benacus,
1224 1032 1355 1061 Orator.
1369 1034 1420 1064 70.
1436 1036 1470 1061 ct
1484 1030 1614 1065 Delius,
1625 1028 1665 1058 de

947 1072 1058 1102 Divin.
1075 1073 1095 1103 i.
1113 1076 1163 1103 54.
1208 1074 1350 1104 Deliaca
1364 1082 1456 1109 vasa,
1480 1072 1576 1102 Rosc.
1591 1071 1665 1101 Am.

946 1115 998 1143 46.
1021 1115 1112 1145 Verr.
1134 1117 1175 1146 iv.
1194 1119 1220 1146 l.
1237 1116 1378 1146 Deliaca
1395 1116 1551 1155 supellex,
1572 1115 1666 1144 Verr.

946 1156 979 1185 ii.
999 1159 1048 1188 732.
1076 1167 1105 1187 ν.
1132 1158 1293 1188 Harduin.
1309 1157 1350 1187 ad
1373 1157 1458 1187 Plin.
1479 1156 1588 1186 xxxiii.
1616 1158 1665 1185 ll.

946 1198 1106 1229 Deliae-us
1125 1200 1343 1235 Gallium-ius,
1358 1199 1455 1229 Acad.
1470 1199 1502 1228 ii.
1518 1208 1546 1228 c.
1560 1197 1610 1228 26.
1624 1197 1666 1227 cs.

946 1251 974 1270 c.
992 1243 1037 1271 18.
1051 1251 1080 1272 v,
1093 1241 1216 1282 Taylor
1232 1242 1272 1272 ad
1284 1242 1432 1272 Marmor
1451 1239 1666 1271 Sandvicense

972 1307 978 1313 .
995 1286 1045 1317 57.

946 1293 967 1323 P
987 1325 1122 1365 Delphi,
1135 1325 1210 1355 urbs
1225 1324 1385 1354 Phocidis.
1560 1360 1563 1363 ι

988 1367 1156 1408 Delphivm
1170 1367 1303 1403 Mmzsoe,
1325 1367 1354 1396 V
1356 1377 1417 1397 err.
1429 1367 1471 1397 iv.
1492 1369 1542 1400 59.
1563 1374 1667 1404 genus

947 1410 1052 1446 abaci,
1067 1410 1118 1439 vel
1135 1419 1255 1440 mensae
1270 1420 1287 1439 e
1300 1418 1475 1443 marmore,
1497 1408 1582 1448 quod
1600 1408 1668 1448 pri-

946 1461 1036 1482 mum
1052 1451 1188 1492 Delphis
1199 1452 1322 1481 factum
1334 1457 1368 1481 et
1381 1452 1563 1481 inventum.
1580 1450 1665 1480 Plin.

945 1494 1052 1524 xxxiv.
1075 1497 1103 1524 5.
1125 1495 1179 1523 ubi
1197 1504 1226 1523 v.
1251 1493 1415 1524 Harduin.
1438 1494 1510 1524 add.
1539 1492 1667 1524 Ruben.

945 1535 1051 1566 Elect.
1065 1537 1086 1566 i.
1098 1536 1158 1566 ult.
1168 1535 1303 1566 Salmas.
1315 1535 1416 1575 adjus
1430 1535 1469 1566 R.
1479 1540 1513 1566 et
1524 1535 1562 1565 A.
1573 1545 1600 1565 c.
1615 1537 1666 1566 23.

987 1577 1180 1614 Denseletae,
1196 1579 1228 1608 in
1246 1579 1354 1608 Pison.
1370 1581 1421 1609 34.
1443 1578 1472 1608 T
1475 1578 1593 1608 hraciae
1607 1587 1666 1617 po-

945 1620 1014 1660 puli
1028 1632 1036 1658 ;
1060 1621 1159 1651 etiam
1176 1619 1358 1651 Denteletoe
1370 1619 1536 1650 dicuntur.

988 1661 1172 1698 ΒενιΙιοηα,
1188 1662 1228 1692 ad
1242 1662 1317 1692 Div.
1333 1662 1374 1692 xi.
1389 1672 1439 1702 ep.
1458 1665 1504 1692 lo.
1519 1661 1595 1691 urbs
1611 1659 1667 1690 Li-

944 1705 1059 1743 guriae,
1086 1705 1174 1734 inter
1206 1705 1355 1733 Genuam
1390 1709 1425 1734 et
1463 1703 1666 1734 Placentiam

945 1747 1020 1782 sita,
1037 1747 1175 1778 Colonia
1188 1747 1426 1777 Romanorum.

985 1787 1165 1823 Dianium,
1188 1789 1221 1818 in
1244 1788 1336 1818 Verr.
1365 1789 1419 1818 lib.
1442 1789 1463 1819 i.
1481 1791 1532 1819 34.
1555 1797 1586 1817 ν.
1612 1788 1665 1818 36.

943 1831 1098 1870 oppidum
1119 1831 1151 1860 in
1169 1831 1328 1870 Hispania
1343 1831 1468 1862 Baetica
1486 1829 1665 1867 maritima,

944 1872 1068 1902 dictum
1084 1883 1103 1903 a
1117 1873 1238 1909 Diana,
1254 1873 1415 1913 prasi-ipae
1431 1873 1475 1902 ibi
1490 1873 1592 1903 culta.

985 1915 1241 1954 Dioupssipolz'ta’‚
1257 1915 1297 1944 ad
1319 1915 1358 1954 Ω.
1385 1915 1436 1946 Fr.
1459 1915 1481 1945 i.
1503 1917 1534 1945 2.
1551 1917 1583 1945 ⁴2.
1607 1923 1668 1954 pro

943 1967 1006 1995 quo
1023 1957 1178 1987 Ursinus:
1197 1957 1458 1996 Dionysopolitoe,
1473 1967 1493 1987 a
1509 1957 1667 1996 Dionyso.

937 2000 1007 2039 poli
1034 1999 1183 2039 Phrygiae
1208 2000 1300 2034 urbe,
1329 2009 1400 2038 quae
1429 1999 1468 2029 ad
1499 1999 1667 2030 Ciceronis

943 2041 1143 2080 provinciam
1170 2041 1318 2071 Ciliciam
1344 2041 1518 2082 pertinuit,
1540 2041 1579 2072 de
1604 2051 1669 2080 qua

942 2083 1089 2122 loquitur
1104 2084 1229 2113 Cicero.

984 2125 1136 2160 Dodona,
1149 2126 1226 2154 urbs
1240 2125 1344 2165 Epiri,
1358 2126 1391 2156 in
1407 2128 1498 2164 cujus
1513 2128 1666 2165 querceto

941 2167 1102 2207 templum
1123 2168 1213 2197 Jovis
1225 2172 1259 2197 et
1280 2168 1463 2206 oraculum,
1486 2167 1571 2209 quod
1586 2167 1666 2198 dici-

940 2214 998 2240 tur
1016 2210 1226 2244 Dodonawzrn,
1240 2209 1278 2239 de
1295 2210 1372 2239 Div.
1387 2210 1408 2240 i.
1428 2213 1455 2241 1.

983 2251 1135 2291 Dolopes,
1153 2252 1262 2291 populi
1279 2252 1381 2291 Epiri.

984 2293 1135 2324 Domitia
1165 2295 1236 2331 Via,
1265 2294 1322 2324 Or.
1351 2303 1411 2333 pro
1443 2292 1540 2324 Font.
1568 2296 1600 2324 4.
1631 2293 1666 2324 in

942 2336 1050 2366 Gallia
1076 2336 1254 2375 provincia,
1282 2346 1380 2374 quam
1408 2344 1529 2366 nomen
1551 2335 1666 2366 tulisse

942 2382 1039 2418 putat
1060 2378 1291 2409 Hotomannus
1307 2389 1325 2407 a
1346 2379 1408 2408 Cn.
1432 2377 1595 2414 Domitio,
1609 2378 1664 2417 qui

943 2420 1098 2450 Pro-Cos.
1125 2431 1201 2451 cum
1237 2420 1339 2450 Gallis
1368 2423 1403 2450 et
1434 2419 1667 2460 Allobrogibus

942 2462 1064 2492 bellum
1081 2464 1191 2501 gessit.

984 2504 1103 2539 Dares,
1126 2503 1239 2545 populi
1261 2503 1408 2538 Graeciae,
1432 2503 1465 2532 in
1488 2504 1625 2540 AEtolia,
1647 2514 1667 2535 a

942 2546 1033 2577 Doro
1061 2547 1129 2576 filio
1156 2545 1316 2582 Hellenis,
1342 2546 1397 2584 qui
1424 2550 1545 2577 terram
1574 2546 1665 2577 illam

942 2589 1064 2628 primus
1081 2589 1261 2628 occupavit.

984 2630 1192 2669 Dorylenses,
1206 2640 1266 2670 pro
1288 2628 1392 2659 Flaco.
1412 2631 1460 2662 17.
1477 2628 1594 2659 incolae
1608 2639 1668 2670 op-

941 2672 1006 2712 pidi
1021 2673 1180 2711 Doryloez',
1195 2672 1280 2711 qnod
1293 2676 1363 2700 erat
1378 2672 1411 2701 in
1427 2670 1576 2710 Phrygia.

984 2714 1248 2754 Drepanitanm,
1264 2714 1297 2743 in
1318 2713 1412 2743 verr.
1428 2713 1462 2743 ii.
1481 2715 1531 2745 57.
1545 2723 1565 2743 a
1578 2712 1667 2743 Dre-

935 2766 1026 2796 pana
1042 2757 1160 2786 Siciliae
1172 2756 1290 2796 oppido
1302 2759 1335 2785 et
1351 2755 1589 2794 promontorio.

984 2798 1129 2837 Dyma'i,
1145 2799 1184 2828 ad
1206 2799 1278 2828 Att.
1293 2797 1356 2827 xvi.
1378 2801 1402 2827 l.
1419 2807 1437 2826 a
1452 2797 1567 2835 Dyma
1583 2797 1664 2827 urbe

944 2840 1086 2877 Achaim,
1101 2841 1238 2879 inquam
1255 2839 1425 2878 Pompeius
1435 2839 1520 2868 bello
1531 2839 1668 2878 piratico

943 2893 1100 2921 magnum
1116 2892 1290 2912 numerum
1301 2881 1480 2921 piratarum
1491 2880 1666 2917 locaverat,

944 2930 995 2959 ut,
1019 2926 1173 2964 quoniam
1195 2935 1233 2954 ea
1255 2924 1331 2952 urba
1355 2923 1592 2953 mediterranea
1618 2932 1669 2952 es·

945 2972 1008 3004 set,
1024 2978 1043 2997 a
1058 2967 1179 3007 rapinis
1198 2965 1372 2996 maritimis
1385 2965 1666 2996 abstraherentur.
