1790 3219
135 87 220 125 412

135 184 348 222 resigmzsset:
370 181 405 214 h.
420 192 449 213 e.
465 184 707 224 corrumpendo
722 183 876 215 sustulis-

133 230 196 258 net.
233 227 282 258 ita
307 230 342 257 et
366 227 497 258 Servius
525 226 566 258 ad
591 226 709 269 Virgil.
733 229 809 259 AEn.
832 228 876 258 iv.

134 271 210 303 244.
252 271 465 301 Burmannus
503 271 548 302 ibi
584 281 651 302 non
689 271 874 303 audiendus

135 313 176 344 de
199 313 272 345 loco
296 314 478 353 Ciceronis,
504 325 604 357 quem
631 325 698 347 non
722 316 872 356 inspexe-

134 360 199 389 rat.

178 401 328 432 Res-ilire.
359 403 457 433 Rosc.
475 402 586 434 Amer.
601 405 653 437 29.
685 403 787 433 resilit
811 402 875 431 cri-

134 454 213 475 men
238 445 279 475 ab
301 456 359 477 eo:
384 446 416 477 h.
441 455 470 476 e.
496 455 562 476 non
591 446 709 483 haeret,
733 444 815 475 falso
839 445 874 474 in

135 498 212 519 eum
229 489 371 520 conferri
387 489 598 528 intelligitur.
624 500 653 520 v.
671 489 807 519 haerere.

179 532 343 572 Resipere,
366 543 425 574 pro
456 534 629 574 respirare,
653 533 800 572 recipere
827 541 874 561 se.

134 577 226 606 Sext.
242 579 294 611 37.

180 620 351 658 Resistere,
369 620 563 657 consistere,
577 619 766 649 subsistere.
784 618 874 649 Mur.

133 666 187 698 39.
227 664 280 693 ubi
310 663 391 703 lapsi
418 664 649 694 resisteremus.
680 663 710 693 T
713 661 818 693 uscul.
846 672 874 692 v.

135 708 188 738 28.
218 709 341 737 resistet
363 711 457 737 extra
478 706 574 736 fores.
612 716 642 736 v.
667 705 707 736 de
731 705 793 736 hac
817 715 875 736 no·

132 751 226 780 tione
246 751 409 781 Schwarz.
440 749 482 779 ad
505 749 590 780 Plin.
607 749 686 780 Pan.
703 760 732 779 c.
754 753 800 780 10.
833 748 876 779 ad

135 793 206 826 Att.
223 795 257 824 ii.
275 796 305 825 2.
335 794 481 833 negavit,
496 803 530 823 se
546 803 695 833 unquam
713 803 791 823 cum
808 793 874 822 Cu-

134 837 226 868 rione
251 839 416 874 restitisse,
440 847 486 867 sc.
515 836 724 876 colloquendi
754 847 873 867 causa:

134 891 306 920 nunquam
324 891 358 910 se
375 890 452 911 cum
470 880 506 911 C.
523 880 686 911 locutum.

177 924 350 955 Resonare.
381 923 482 954 Tusc.
513 924 558 955 iii.
586 926 617 955 2.
654 924 725 954 laus
756 923 873 953 virtuti

133 973 276 1006 resonat,
306 973 480 1007 tamquam
519 969 629 1007 imago
666 968 726 1007 (sc.
756 965 873 1005 vocis).

133 1011 222 1042 Nam
239 1011 321 1041 echo
339 1012 449 1051 imago
472 1012 561 1042 vocis
578 1011 709 1042 Latinis
725 1014 873 1041 vocatur.

134 1055 317 1086 Lambinus
333 1055 415 1085 adeo
431 1055 573 1086 addebat
588 1056 678 1085 voci:
704 1054 790 1094 quod
807 1063 874 1084 non

134 1108 218 1138 opus
233 1108 303 1129 esse
325 1098 468 1129 videtur.
516 1099 643 1129 Ceterae
666 1098 875 1128 emendatio-

134 1150 193 1173 nes
211 1142 307 1172 nihili
331 1147 422 1173 sunt.
455 1142 533 1173 Nat.
547 1143 592 1173 D.
607 1143 641 1173 ii.
660 1145 712 1176 57.
744 1143 778 1172 in
802 1141 877 1171 fidi-

133 1185 195 1216 bus
218 1185 390 1217 testudine
414 1190 604 1217 resonatur.-
629 1186 661 1217 h.
682 1196 711 1215 e.
734 1185 877 1215 testudi-

135 1229 186 1260 nis
203 1229 343 1260 durities
360 1229 493 1270 repellit
516 1235 550 1260 et
574 1234 676 1269 auget
699 1239 818 1259 sonum
838 1229 876 1258 fi-

134 1272 239 1304 dium.
264 1273 338 1303 Div.
351 1273 385 1304 ii.
404 1276 452 1305 14.
476 1283 593 1304 nervos
610 1274 644 1304 in
661 1273 780 1303 fidibus
797 1271 876 1302 alios

131 1317 204 1347 aliis
220 1327 380 1348 resonare.

178 1359 384 1400 Respectare,
436 1360 637 1397 desiderare,
689 1362 876 1400 expectare.

134 1403 247 1435 Plane.
283 1407 331 1435 18.
376 1408 558 1444 respectare
590 1414 714 1434 munus
745 1413 805 1443 par
836 1403 876 1433 ab

136 1447 260 1487 aliquo.
284 1447 468 1479 Lambinus
484 1452 599 1479 autem
615 1447 752 1487 corrigit
763 1456 877 1487 exspe-

135 1495 238 1522 ctare.

180 1534 366 1575 Respectus,
383 1535 586 1576 perfugium.
616 1533 701 1565 Phil.
719 1545 750 1564 x.
763 1536 795 1564 4.
825 1544 877 1564 re-

133 1583 259 1619 spectus
281 1579 524 1619 pulcherrimus
547 1584 582 1609 et
606 1577 795 1619 praesidium
821 1577 876 1607 fir-

135 1623 324 1653 missimum
354 1623 435 1663 reip.
467 1622 551 1653 Phil.
578 1623 621 1653 xi.
652 1625 701 1652 ll.
741 1631 806 1651 non
837 1625 877 1651 ut

134 1671 315 1706 respectum
331 1666 527 1697 haberemus
545 1677 585 1697 ex
599 1666 679 1696 acie.
712 1664 810 1694 aliter
826 1665 876 1694 in-

135 1713 369 1750 terpretantur
379 1710 440 1740 viri
454 1710 556 1748 docti,
569 1716 607 1740 ut
618 1709 776 1739 Schottus
788 1707 876 1738 Nod.

138 1753 207 1783 Cic.
222 1753 245 1783 i.
267 1756 313 1784 15.
345 1758 379 1784 et
395 1754 468 1783 alii:
493 1754 551 1784 sed
567 1754 722 1783 aberrant
746 1762 766 1782 a
781 1752 876 1782 Cice-

133 1797 226 1828 ronis
242 1801 366 1827 mente.
391 1797 410 1815 ²*
422 1802 516 1827 actus
534 1796 742 1837 respiciendi.
760 1795 835 1826 Div.
855 1796 876 1825 i.

135 1843 189 1871 32.
219 1841 425 1879 fugientibus
451 1840 673 1871 miserabilem
697 1843 875 1880 respectum

135 1884 382 1914 incendiorum.
413 1884 637 1915 *reverentia
666 1883 750 1914 Phil.
774 1893 804 1913 v.
825 1886 874 1914 18.

136 1927 194 1958 sed
219 1938 294 1958 cum
325 1933 502 1967 respectum
531 1927 572 1958 ad
598 1930 753 1958 senatum
776 1929 811 1956 et
833 1926 876 1956 ad

133 1971 238 2002 bonos
255 1981 321 2001 non
338 1971 474 2002 haberet
492 1972 550 2001 &c.
574 1971 613 2001 de
630 1971 692 2001 hac
707 1970 874 2010 significa-

133 2016 227 2045 tione
243 2015 308 2045 vid.
324 2014 450 2046 Schott.
467 2015 489 2045 l.
505 2026 534 2046 c.

179 2059 359 2098 Respicere,
375 2069 581 2090 succurrere.
613 2058 653 2089 ad
677 2059 752 2089 Div.
773 2068 804 2088 x.
825 2061 874 2088 11.

135 2102 162 2132 si
191 2103 291 2133 modo
322 2103 486 2142 rempubl.
515 2103 672 2142 respicere
701 2102 792 2131 velit.
830 2102 873 2132 cf.

135 2146 206 2176 Att.
223 2146 277 2176 vii.
297 2149 325 2177 1.
357 2149 376 2168 *ἓ
390 2147 431 2177 ad
448 2147 524 2177 Div.
541 2157 571 2176 x.
588 2148 641 2177 24.
668 2146 695 2175 si
713 2145 823 2176 Caesar
839 2155 874 2175 se

134 2191 329 2229 respexerit:
353 2190 386 2220 h.
411 2200 439 2220 e.
465 2190 506 2220 ad
530 2190 715 2220 salubriora
737 2189 876 2219 consilia

134 2234 284 2272 redierit,
300 2233 415 2264 salutis
432 2234 575 2274 publicae
591 2238 691 2272 atque
708 2232 790 2263 adeo
805 2242 874 2263 suae

132 2278 299 2307 rationem
325 2277 490 2307 habuerit.
536 2278 624 2308 Nam
653 2282 753 2306 autea
783 2277 874 2306 dixe-

133 2325 199 2357 rat,
216 2322 380 2351 Caesarem
398 2321 438 2351 ad
462 2321 552 2351 mala
573 2320 711 2350 consilia
734 2324 769 2350 et
791 2321 875 2360 reip.

134 2364 245 2394 minus
262 2364 421 2395 salutaria
437 2374 470 2395 se
488 2364 682 2395 contulisse.

178 2407 363 2447 Respz'rare.
386 2408 505 2448 Quint.
527 2411 576 2439 ll.
600 2417 699 2447 quem
716 2416 807 2437 nunc
822 2417 875 2437 re-

133 2451 262 2490 spirare
276 2451 377 2481 libere
395 2461 464 2482 non
486 2452 586 2482 sinis:
613 2451 645 2482 h.
661 2461 690 2480 e.
714 2451 806 2481 omni
823 2460 875 2480 ra-

133 2494 225 2524 tione
247 2505 355 2525 vexas.
386 2496 610 2526 *intermittt
642 2493 726 2525 Phil.
750 2495 817 2524 viii.
840 2498 871 2528 7.

134 2539 340 2578 oppugnatio
356 2540 538 2578 respiravit.

178 2580 374 2621 Respiratio,
397 2582 573 2613 exhalatio.
604 2582 684 2612 Nat.
707 2582 751 2612 D.
768 2582 801 2612 ii.
823 2585 873 2612 10.

133 2627 191 2655 aer
205 2625 311 2654 oritur
327 2635 366 2654 ex
381 2627 590 2665 respiratione
609 2635 783 2664 aquarum.

178 2667 371 2708 Rew'ritus.
401 2669 481 2699 Nat.
498 2670 541 2700 D.
560 2670 593 2699 ii.
611 2673 662 2700 55.
693 2679 767 2709 quae
784 2678 818 2699 se
835 2669 870 2699 in

131 2712 285 2751 respiritn
302 2711 455 2742 dilatant.

178 2754 389 2795 Reqoomlere,
406 2760 456 2785 est
471 2766 585 2786 eorum
611 2757 667 2795 qui
691 2755 874 2786 consulun-

131 2802 202 2836 tur,
219 2806 259 2829 ut
280 2798 443 2829 JCtorum
468 2799 683 2837 Pontificum,
705 2801 873 2839 conjecto—

132 2852 221 2880 rum,
248 2842 462 2873 hariolorum.
492 2843 573 2881 Leg.
601 2843 634 2873 ii.
666 2846 715 2874 12.
745 2852 873 2883 respon-

127 2885 228 2918 dende·
244 2886 331 2928 juris
355 2885 506 2918 facultas.
535 2886 592 2918 Or.
611 2886 633 2918 i.
657 2889 710 2919 45.
740 2887 870 2927 injure

909 1055 951 1082 3.
969 1062 1003 1082 re
1020 1053 1175 1084 familiari
1192 1054 1391 1084 comminuti
1402 1063 1529 1083 sumus.

637 94 782 125 INDEX
812 91 1110 124 LATINITATIS.

918 182 1142 224 respondendo.
1195 180 1235 213 In
1266 191 1331 222 quo
1362 179 1659 214 animadvertenda

919 232 971 257 est
996 227 1121 257 forma:
1150 226 1208 263 jus
1239 226 1438 266 respondere,
1465 236 1525 266 pro
1554 226 1660 258 usita-

918 270 1006 307 tiori,
1025 270 1064 300 dc
1082 271 1159 311 jure
1176 279 1259 310 resp.
1277 274 1317 300 ut
1332 274 1383 300 est
1398 270 1499 300 etiam
1517 270 1619 311 Legg.
1636 270 1660 300 i.

918 316 949 344 4.
980 314 1050 344 Att.
1074 315 1114 344 iv.
1147 317 1173 344 1.
1215 314 1390 344 Pontifices
1415 314 1660 353 responderunt.

919 356 1150 396 *respondere,
1175 358 1297 388 dieitur
1325 357 1366 387 de
1388 356 1599 397 litigantibus
1622 357 1657 387 in

920 400 1004 436 foro,
1031 401 1184 440 petitore,
1209 406 1416 438 accusatore,
1433 406 1469 431 et
1494 410 1562 437 τεο,
1579 409 1658 431 cum

920 444 1044 473 adsunt
1067 444 1118 474 die
1148 445 1247 474 dicta.
1284 445 1377 475 Verr.
1407 445 1427 475 i.
1460 447 1486 474 l.
1521 444 1660 474 Verrem

920 497 986 517 non
1012 497 1251 526 responsurum.
1283 488 1325 518 cf.
1342 488 1435 519 Verr.
1451 488 1485 518 ii.
1503 490 1556 518 40.
1587 486 1663 518 Att.

919 531 961 561 iv.
991 531 1038 560 16.
1076 531 1205 561 *etiam
1230 532 1264 562 in
1289 532 1421 561 delectu
1447 530 1583 561 militari
1607 541 1661 561 re-

919 574 1072 613 spondere
1087 574 1258 612 dicuutur,
1271 577 1326 614 qui
1345 575 1501 605 militiam
1519 583 1586 604 non
1603 574 1662 604 de-

919 621 1080 647 trectant.
1120 617 1198 647 hinc
1228 618 1368 649 ductum
1399 618 1533 649 videtur
1562 617 1660 656 illud,

920 670 997 691 cum
1024 660 1138 701 pedes,
1162 661 1281 700 quibus
1310 663 1441 692 numeri
1469 672 1569 692 causa
1594 661 1663 692 uti-

921 714 1009 741 mur,
1043 704 1124 734 dicit
1153 705 1210 735 Or.
1229 705 1275 734 iii.
1298 708 1351 739 49.
1380 706 1570 744 respondere
1593 714 1663 736 non

920 751 1063 778 vocatos.
1094 747 1186 778 *hoc
1207 748 1307 778 verbo
1330 748 1445 778 Cicero
1468 749 1569 779 etiam
1593 749 1662 779 uti-

921 796 975 822 tur
999 791 1039 821 ad
1061 792 1318 831 exprimendum
1349 791 1503 822 Graeeum
1529 790 1662 835 ἄιτῖςςσ-

919 841 969 875 φον
991 833 1068 865 εἶναι.
1097 836 1155 866 Or.
1178 838 1231 866 32.
1262 835 1451 865 rhetoricen
1473 836 1663 876 respondere

920 889 960 908 ex
977 878 1081 908 altera
1097 884 1190 918 parte
1208 879 1402 909 dialecticae.
1437 878 1524 909 Nam
1541 878 1589 908 sic
1605 888 1663 909 ex-

921 922 1040 962 pressit
1055 922 1135 952 illud
1148 923 1334 953 Aristotelis
1350 922 1485 953 Rhetor.
1499 923 1520 952 i.
1539 925 1564 952 l.
1580 922 1596 954 ἦ
1611 922 1662 963 ῥη-

919 965 1018 1007 τορική
1040 967 1094 998 iem
1108 965 1274 1008 ἀντῖςροφος
1299 967 1337 1009 τῇ
1358 964 1541 1008 διαλεκτικῇ.
1572 966 1663 1006 *pa-

920 1009 969 1039 ria
985 1016 1155 1048 praestare,
1171 1011 1312 1050 gratiam
1334 1010 1467 1040 referre.
1496 1010 1598 1040 Attic.
1616 1010 1660 1040 iv.

1586 1063 1662 1084 um-

921 1097 948 1126 ti
963 1096 1075 1127 fratris
1091 1101 1207 1127 tamen
1222 1096 1416 1128 liberalitati
1435 1106 1495 1137 pro
1517 1054 1662 1127 facssulta-

921 1140 1010 1170 tibus
1029 1140 1163 1178 nostris,
1179 1150 1220 1170 ne
1243 1139 1340 1181 plane
1363 1140 1544 1172 exhaustus
1559 1144 1660 1179 esset,

923 1184 1156 1224 respondemus.
1203 1184 1292 1214 Male
1314 1183 1405 1214 hune
1429 1184 1539 1214 locum
1556 1185 1662 1214 inter-

923 1231 1074 1268 pretatur
1088 1227 1236 1258 Graevius
1254 1238 1293 1258 ex
1317 1237 1357 1257 ea
1379 1227 1478 1266 hujus
1500 1227 1592 1257 verbi
1614 1228 1660 1266 vi,

922 1281 988 1310 qua
1010 1272 1178 1310 significat
1201 1271 1356 1302 *solvere
1373 1271 1414 1301 ad
1431 1271 1518 1301 diem
1536 1272 1661 1302 consti-

921 1319 1044 1345 tutam.
1076 1315 1145 1345 Att.
1163 1315 1226 1345 xvi.
1243 1317 1273 1345 2.
1303 1315 1343 1345 fit
1366 1324 1467 1355 saepe,
1485 1319 1525 1344 ut
1548 1314 1584 1352 ii,
1602 1315 1660 1355 qui

923 1358 1059 1396 debent,
1075 1369 1141 1389 non
1157 1359 1370 1398 respondeant
1392 1358 1434 1388 ad
1454 1362 1600 1398 tempus.
1628 1368 1660 1389 v.

923 1402 1067 1432 Gronov.
1091 1403 1169 1433 Obs.
1196 1403 1230 1433 ii.
1257 1405 1289 1434 4.
1326 1402 1524 1440 *resistere,
1555 1401 1664 1442 repel-

922 1446 1003 1482 lere,
1024 1446 1104 1476 item
1130 1456 1243 1487 parem
1267 1456 1337 1476 esse
1360 1446 1401 1476 ad
1424 1445 1662 1477 resistendum.

923 1489 1021 1520 Catil.
1040 1490 1073 1520 ii.
1095 1493 1144 1521 ll.
1174 1491 1286 1527 urbes,
1303 1489 1441 1520 coloniae
1462 1492 1497 1520 et
1519 1489 1663 1520 munici-

922 1534 977 1573 pia
991 1534 1223 1573 respondebunt
1238 1533 1395 1564 Catilinae
1411 1532 1552 1563 tumulis
1565 1533 1663 1563 silve-

921 1578 1054 1607 stribus.
1087 1577 1159 1607 Att.
1174 1577 1216 1607 iv.
1237 1580 1285 1608 10.
1314 1581 1355 1607 ut
1369 1577 1492 1618 possim
1515 1577 1578 1607 tibi
1600 1576 1663 1608 ali-

922 1621 1002 1660 quid
1016 1621 1214 1661 respondere.

965 1664 1203 1704 Responsitare,
1219 1664 1259 1694 de
1273 1664 1381 1702 JCtis,
1398 1664 1478 1704 Leg.
1498 1665 1520 1695 i.
1535 1667 1567 1696 4.

966 1708 1168 1748 Respublica.
1184 1709 1263 1747 quia
1285 1709 1319 1738 in
1343 1708 1406 1738 hoc
1421 1708 1519 1738 verbo
1533 1709 1661 1739 tirones

921 1752 1074 1792 inprimis
1086 1751 1349 1792 haerent,paullo
1361 1752 1556 1792 explicatius
1567 1751 1608 1782 de
1620 1762 1660 1782 eo

920 1805 1070 1835 agemus.
1098 1796 1290 1835 Respublica
1314 1796 1421 1826 tribus
1449 1795 1554 1826 modis
1578 1795 1662 1826 dici-

919 1843 997 1869 tur:
1030 1839 1151 1879 primo,
1179 1839 1219 1869 de
1250 1840 1405 1870 universa
1436 1839 1571 1869 civitate
1601 1842 1662 1870 aut

921 1883 1060 1923 imperio
1075 1895 1082 1913 t
1101 1883 1188 1922 quod
1207 1883 1264 1913 ubi
1280 1887 1344 1919 est,
1357 1883 1450 1913 reddi
1466 1887 1590 1923 potest,
1601 1882 1662 1913 der

920 1927 1028 1964 Staat,
1044 1927 1096 1957 die
1113 1926 1275 1967 Republic
1292 1939 1299 1956 z
1324 1926 1444 1957 deinde
1465 1927 1505 1956 de
1519 1926 1661 1966 singulis

919 1970 989 2009 ejus
1022 1970 1183 2010 partibus.
1222 1970 1376 2010 Reipubl.
1406 1976 1517 2011 partes
1546 1973 1661 2002 autem

920 2018 1229 2044 commemorantur
1250 2014 1424 2044 commode
1448 2014 1488 2044 ab
1511 2014 1582 2054 ipso
1607 2014 1663 2045 Ci-

920 2067 1040 2088 cerone
1051 2058 1140 2088 Sext.
1155 2059 1208 2089 46.
1224 2057 1412 2097 religiones,
1428 2058 1589 2098 auspicia,
1602 2067 1662 2098 po-

919 2104 1058 2132 testates
1075 2102 1347 2141 magistratuum,
1361 2105 1496 2132 senatus
1515 2101 1662 2132 auctori·

919 2149 985 2182 tem,
1002 2144 1105 2185 leges,
1121 2155 1192 2176 mos
1209 2145 1388 2185 majorum,
1405 2145 1547 2185 judicia,
1558 2145 1663 2185 juris-

921 2188 1036 2227 dictio,
1066 2189 1161 2226 fides,
1188 2189 1379 2229 provinciae,
1409 2189 1502 2225 socii,
1527 2188 1661 2229 imperii

919 2232 1006 2270 laus,
1022 2243 1073 2263 res
1090 2232 1259 2271 militaris,
1276 2233 1442 2263 aerarium.
1478 2232 1595 2263 Tertio
1611 2232 1662 2263 di-

920 2277 1008 2306 citur
1037 2277 1077 2306 de
1107 2286 1306 2316 quacunque
1337 2277 1482 2314 actione,
1512 2276 1663 2316 negotio,

920 2320 1008 2359 quod
1020 2320 1162 2360 publicae
1177 2320 1335 2350 utilitatis
1351 2330 1452 2350 causa
1465 2320 1661 2360 suscipitur,

920 2367 979 2394 aut
994 2373 1192 2403 quocunque
1208 2364 1308 2394 modo
1324 2364 1366 2394 ad
1381 2363 1544 2403 rempubl.
1559 2364 1665 2404 perti-

918 2412 990 2438 net.
1036 2407 1153 2447 Itaque
1176 2408 1210 2437 in
1235 2407 1376 2448 legendo
1393 2407 1551 2437 Cicerone
1570 2406 1661 2447 judi-

920 2461 996 2481 care
1011 2450 1134 2481 debent
1149 2451 1287 2489 tirones,
1303 2451 1345 2481 ad
1360 2450 1449 2491 quod
1464 2460 1569 2490 genus
1589 2451 1664 2490 qui·

921 2504 984 2534 que
997 2494 1089 2525 locus
1102 2495 1292 2526 referendus
1305 2496 1361 2532 sit,
1372 2498 1514 2533 tumque
1524 2494 1661 2525 demum

919 2548 954 2568 se
977 2538 1040 2568 hoc
1063 2539 1214 2577 verbum,
1235 2549 1312 2569 cum
1336 2538 1378 2568 ad
1401 2537 1543 2568 alterum
1565 2538 1664 2568 terti-

919 2592 1045 2622 umque
1075 2592 1182 2622 genus
1206 2583 1365 2623 pertinet,
1391 2585 1514 2621 putent
1536 2581 1664 2612 intelli-

919 2635 1011 2665 gere,
1025 2635 1102 2656 cum
1119 2632 1260 2666 possunt
1276 2629 1404 2666 partem
1420 2624 1512 2655 illam
1527 2624 1662 2656 univer-

919 2679 964 2699 sae
987 2670 1068 2709 reip.
1093 2673 1153 2700 aut
1175 2670 1348 2708 negotium
1366 2668 1538 2709 publicum
1554 2669 1663 2699 nomi·

919 2722 1013 2751 nare,
1029 2712 1069 2743 de
1092 2723 1158 2752 quo
1180 2712 1381 2753 capiendum
1397 2721 1467 2752 esse
1484 2715 1661 2743 contextus

920 2756 1050 2787 doceat.
1084 2757 1204 2787 Primae
1229 2756 1484 2795 significationis
1508 2755 1663 2796 exempla

919 2800 997 2830 dare
1021 2809 1263 2840 supervacuum
1287 2798 1385 2830 foret.
1428 2799 1574 2830 Alterius
1588 2798 1662 2829 haec

917 2848 1031 2874 sunto.
1048 2843 1067 2863 ¹*
1078 2842 1179 2883 leges.
1194 2843 1325 2874 Verrin.
1342 2845 1363 2874 i.
1380 2845 1412 2875 2.
1428 2843 1662 2884 rempublicam

918 2897 1014 2929 posse
1030 2887 1204 2920 Senatorio
1220 2886 1357 2919 consilio
1372 2886 1517 2919 defendi.
1546 2887 1663 2918 Sermo
