1790 3219
604 75 749 104 11⁴an
778 74 1075 103 LA'rlmTA'ms.

66 163 296 195 manantibus
332 161 492 194 literulis:
529 161 645 202 quales
680 171 800 202 nempe

66 212 149 239 sunt
169 217 299 244 eorum,
318 208 388 247 qui,
410 211 545 248 propter
565 205 800 236 infirmitatem

66 250 213 290 aliquam
236 261 255 281 e
271 251 386 281 morbo
400 254 460 281 aut
480 252 654 280 senectute
676 253 798 285 ortam,

62 294 287 325 tremebunda
311 303 414 324 manu
442 293 603 323 scribunt.
642 291 741 322 Catil.
765 291 798 321 ii.

68 339 119 368 10.
157 338 214 377 qui
243 337 365 378 partim
397 335 528 373 inertia,
559 335 681 374 partim
711 334 798 365 male

64 381 210 420 gerendo
232 380 378 420 negotio,
401 379 521 419 partim
547 379 648 408 etiam
678 379 797 409 sumti-

61 423 137 461 bus,
159 424 194 454 in
218 427 327 454 vetere
351 432 415 453 aere
439 421 548 452 alieno
570 424 738 460 vacillant,
764 422 796 452 h.

59 477 92 498 e.
107 466 262 508 expedire
285 475 320 496 se
342 476 384 496 ex
407 475 459 503 eo,
475 470 509 495 et
525 466 704 496 consistere
729 475 795 496 non

59 514 210 551 possunt.

105 553 274 590 Vnt-uitas,
303 551 345 582 de
374 555 538 592 tempore,
569 562 634 592 quo
671 562 794 584 munus

56 595 204 636 aliquod,
217 597 464 635 magistratum,
478 605 577 626 nemo
590 597 729 627 obtinet.
753 597 795 627 ad

55 639 133 672 niv.
159 640 203 670 xi.
233 642 281 670 lo.
315 644 476 679 quantam
508 640 792 680 perturbationem

54 692 167 714 rerum
184 683 388 714 urbanarum
406 683 523 713 afferat
544 683 654 713 obitus
674 693 792 714 consu-

55 724 141 764 lum,
165 732 327 766 quantam
354 726 574 766 cupiditatem
601 726 792 757 bominibus

53 770 186 810 injiciat
211 771 370 801 vacuitas.
401 769 546 800 Gronov.
563 769 606 799 ad
626 769 735 800 Tacit.
751 770 790 800 A.

54 813 89 844 ii.
105 813 159 844 46.
178 814 442 855 interpretatur:
459 813 538 843 orba
555 813 698 852 respubl.
728 814 790 854 Ap.

50 855 211 888 Tacitum
249 857 271 888 Ι.
301 867 329 887 c.
360 866 475 887 ναι-με
513 855 660 896 legiones
697 862 789 895 sunt,

51 909 128 940 quoe
158 900 279 931 ducem
309 909 376 931 non
406 899 540 930 habent.
586 909 616 929 v.
646 899 790 931 Gronov.

49 944 201 975 Graevius
223 953 242 974 e
264 943 412 983 vestigiis
436 942 540 977 Codd.
564 942 657 974 MSS.
675 943 788 984 legen-

49 987 131 1018 dum
151 987 302 1028 judicat:
333 987 498 1018 vac-itritas.
533 996 634 1027 quem
657 987 722 1018 vid.
745 987 788 1018 ad

93 1073 236 1113 Vacuus,
251 1075 389 1105 otiosus.
411 1074 506 1105 Brut.
523 1077 553 1106 5.
581 1084 658 1104 cum
674 1079 709 1105 te
725 1076 787 1106 sci-

47 1127 160 1149 remus
175 1127 246 1149 esse
268 1128 422 1149 vacuum.
453 1121 472 1140 ¹*
488 1117 586 1148 Catil.
603 1119 625 1148 i.
644 1118 675 1148 6.
707 1128 784 1149 cum

46 1165 156 1192 morte
185 1162 364 1202 superioris
393 1161 505 1192 uxoris
536 1161 628 1192 novis
659 1163 785 1203 nuptiis

45 1204 184 1236 domum
198 1215 339 1236 vacuam
357 1205 499 1236 fecisses.
529 1204 601 1235 haec
614 1205 722 1236 forma
737 1205 785 1236 lo-

45 1248 170 1288 quendi
196 1249 377 1289 significat,
403 1249 444 1279 de
474 1248 584 1278 medio
613 1248 783 1280 sublatum

43 1301 292 1332 quemcunque,
309 1303 374 1333 quo
389 1293 566 1332 superstite
584 1293 709 1332 nuptiae
726 1293 784 1323 fie-

44 1337 72 1367 ri
101 1335 204 1367 nullae
234 1340 384 1377 possunt.
431 1336 484 1366 Sic
515 1335 650 1366 Sallust.
682 1336 781 1368 Catil.

48 1381 97 1410 15.
121 1379 258 1411 Aurelia
270 1379 429 1410 Orestilla
444 1389 503 1420 pro
517 1386 608 1410 certo
621 1380 780 1418 creditur,

42 1427 162 1454 necato
192 1423 275 1461 filio,
299 1433 441 1454 vacuam
466 1422 602 1453 domum
634 1423 781 1455 scelestis

41 1468 169 1507 nuptiis
198 1467 326 1497 secisse.
360 1467 416 1497 ubi
446 1467 511 1496 vid.
536 1467 680 1497 Cortius.
718 1467 781 1498 Sed

40 1515 75 1541 et
99 1511 139 1548 is,
155 1512 212 1550 qui
236 1518 388 1541 mortuus
410 1514 475 1547 est,
495 1510 619 1540 dicitur
641 1520 779 1542 vacuam

40 1552 178 1584 domurn
202 1554 325 1591 faeere,
348 1563 401 1594 ap.
432 1552 504 1584 Liv.
535 1554 557 1584 i.
585 1554 638 1585 46.
668 1554 778 1585 Aruns

38 1595 241 1637 Tarquinius
257 1603 292 1628 et
313 1596 427 1628 Tullia
449 1598 560 1627 minor
574 1607 676 1638 prope
700 1608 778 1629 con-

36 1641 178 1672 tinuatis
207 1641 380 1672 funeribus
411 1650 489 1671 cum
517 1641 632 1671 domos
657 1651 778 1672 vacuas

37 1687 122 1714 no'vo
145 1685 361 1715 matrimonio
383 1684 558 1715 fecissent:
583 1685 604 1715 i.
628 1695 658 1714 e.
689 1695 777 1716 mor-

36 1729 89 1758 tui
123 1732 249 1765 essent,
280 1737 388 1768 neque
425 1727 568 1768 amplius
604 1729 777 1759 obstarent

34 1771 131 1802 fratri
153 1772 335 1811 sororique,
352 1781 422 1811 quo
453 1771 564 1802 minus
593 1782 627 1801 se
652 1772 776 1812 junge-

35 1821 112 1845 rent
134 1816 359 1846 matrimonio.
391 1814 463 1846 vide
487 1818 600 1846 tamen
630 1815 671 1846 ad
695 1815 728 1846 h.
751 1815 773 1847 l.

33 1857 107 1889 Jac.
123 1858 266 1890 Gronov.

79 1902 207 1933 Vadam·
252 1906 315 1938 est,
344 1902 463 1941 jubere
500 1901 646 1942 aliquem
686 1901 772 1933 datis

34 1946 247 1986 sponsoribus
274 1945 436 1986 polliceri,
459 1956 494 1977 se
521 1946 562 1976 ad
589 1946 677 1977 diem
700 1956 772 1976 cer-

33 1994 105 2020 tam
127 1989 170 2020 ad
192 1989 361 2030 agendum
384 1989 424 2020 de
448 1999 483 2020 re
506 1989 618 2029 aliqua
639 1994 770 2020 certum

32 2033 75 2063 ad
96 2032 208 2064 locum
231 2038 434 2072 venturum3
459 2038 576 2072 estque
599 2034 768 2073 petitoris:

30 2075 120 2107 unde
143 2082 256 2108 autem
280 2077 421 2117 petitur,
442 2076 669 2107 vadimonium
695 2087 770 2118 pro-

31 2121 152 2151 mittit.
178 2120 297 2161 Quint.
312 2121 343 2151 6.
371 2130 406 2150 se
423 2120 495 2158 jam
520 2129 627 2160 neque
649 2121 769 2152 vadari

29 2163 188 2204 amplius,
222 2173 329 2204 neque
366 2163 592 2194 vadimonium
629 2165 768 2204 promit-

28 2204 113 2238 te're.
151 2208 245 2239 Verr.
270 2208 316 2238 iii.
347 2210 397 2239 15.
436 2217 513 2238 cum
538 2207 704 2248 Apronius
726 2218 767 2239 ex

29 2250 197 2283 Leontino
212 2261 316 2291 usque
338 2250 523 2291 Lilybaeum
539 2250 685 2291 aliquem
708 2261 766 2282 va-

27 2294 168 2325 daretur
181 2305 221 2325 ex
235 2295 364 2325 miseris
377 2294 573 2325 aratoribus.
592 2294 634 2325 cf.
645 2294 765 2336 Quint.

32 2340 81 2372 19.
106 2337 149 2369 cf.
165 2338 304 2369 Salmas.
321 2338 409 2369 mod.
425 2338 524 2369 Usur.
540 2347 569 2368 c.
585 2338 634 2369 16.

71 2381 302 2413 Vadimonium
326 2386 377 2412 est
402 2385 430 2412 1.
445 2382 624 2421 praesentia
645 2387 705 2413 aut
723 2382 764 2414 ab

25 2433 79 2461 eo,
102 2435 203 2465 quem
226 2426 300 2466 quis
322 2431 372 2455 est
395 2425 547 2463 vadatus,
566 2424 652 2456 datis
674 2426 764 2458 vadi-

25 2468 99 2506 bus,
136 2478 163 2500 s.
194 2469 421 2510 sponsoribus,
450 2468 626 2508 promissa,
655 2473 716 2500 aut
743 2479 765 2501 a

23 2512 250 2552 sponsoribus,
272 2514 330 2553 qui
356 2512 400 2550 ei,
423 2511 481 2552 qui
503 2511 656 2550 vadatur,
678 2521 763 2553 prae-

23 2555 168 2586 sentiam
198 2556 334 2587 alterius
363 2565 425 2586 sua
455 2555 519 2585 fide
548 2562 584 2586 et
612 2556 762 2596 periculo

23 2607 84 2628 suo
97 2600 317 2639 promittunt.
360 2599 450 2629 Hinc
468 2598 621 2629 formulae
641 2598 763 2640 Quint.

23 2642 55 2672 6.
83 2642 306 2674 vadimonium
322 2643 531 2684 promittere.
554 2642 634 2674 ibid.
649 2646 681 2677 7.
704 2653 762 2674 νω-

21 2684 200 2717 dimonium
216 2687 332 2718 sistere
356 2686 415 2717 ἃς.
447 2688 477 2718 2.
493 2687 564 2726 ipsa
578 2686 761 2726 postulatio

22 2731 57 2758 et
80 2729 254 2768 promissio
270 2730 469 2770 praesentiae.
496 2730 574 2760 ibid.
592 2730 623 2760 6.
654 2729 762 2761 homi-

22 2780 101 2802 nem
117 2771 152 2802 in
167 2773 346 2812 praesentia
361 2783 428 2804 non
443 2772 600 2804 vadatur:
625 2773 673 2803 ita
687 2774 760 2804 sine

20 2815 202 2846 vadimonio
226 2815 419 2848 disceditur.
448 2817 527 2848 ibid.
551 2819 581 2848 5.
610 2825 662 2847 res
688 2826 760 2848 esse

19 2857 56 2889 in
81 2858 304 2892 vadimonium
328 2860 447 2903 coepit:
473 2860 509 2893 h.
533 2869 563 2892 e.
589 2860 651 2892 sibi
676 2860 762 2892 invi-

1505 60 1590 108 467

845 171 918 193 cem
935 162 1146 202 praesentiam
1163 166 1255 193 certo
1277 161 1330 192 die
1347 162 1584 202 promiserant.

844 204 923 234 ibid.
943 208 991 235 18.
1023 205 1187 244 quaesivit,
1204 215 1269 245 quo
1292 206 1343 236 die
1358 206 1581 236 vadimonium

842 247 932 278 istud
954 247 1080 278 factum
1105 257 1174 278 esse
1195 249 1330 280 diceres.
1362 249 1403 278 ad
1417 248 1458 288 Ω.
1477 248 1528 279 Fr.
1543 249 1578 280 ii.

845 293 893 322 15.
933 300 1032 320 nemo
1062 291 1126 321 fuit
1158 292 1192 321 in
1222 298 1318 322 tanta
1344 291 1578 330 multitudine,

840 335 896 373 qui
910 334 1131 365 vadimonium
1155 336 1327 374 concipere
1351 341 1471 375 posset.
1499 335 1530 366 h.
1547 345 1578 366 e.

837 377 957 415 dctus,
984 378 1039 418 qui
1070 377 1249 407 formulam
1280 384 1390 417 posset
1419 379 1576 416 scribere,

838 431 904 460 qua
933 422 1153 452 vadimonium
1183 421 1408 460 postularetur
1436 429 1469 452 ct
1502 432 1578 462 pro-

837 466 1038 496 mitteretur.
1069 468 1099 496 3.
1116 465 1187 504 ipsa
1208 464 1291 501 dieS,
1311 474 1376 504 qua
1399 466 1578 505 pra-sentia

835 508 1004 548 postulata
1019 516 1053 540 et
1070 510 1232 549 promissa
1248 514 1317 538 est:
1342 507 1400 537 der
1421 508 1573 540 Termin.

837 552 921 582 Cato
933 557 963 587 7.
983 553 1164 583 meminere
1177 551 1361 582 vadimonia
1377 553 1574 583 constituta.

834 595 952 635 Quint.
969 599 999 626 5.
1023 606 1099 626 cum
1125 595 1312 626 vadimonia
1327 594 1430 624 dilnta
1449 600 1573 626 essent.

834 639 922 670 cons.
938 639 980 670 ad
999 639 1075 670 Div.
1092 640 1125 670 ii.
1143 642 1173 670 8.
1205 639 1322 679 Quint.
1342 638 1390 668 16.
1422 637 1462 668 ad
1479 639 1573 668 vadi-

834 686 979 713 monium
998 683 1122 713 venire.
1154 682 1232 713 ibid.
1263 681 1412 712 deserere
1428 682 1573 712 vadimo-

833 727 935 757 nium.
965 727 1055 757 obire
1078 727 1310 757 vadimonium.
1355 725 1408 756 De
1430 725 1573 756 vadimo—

831 770 885 799 nio
914 769 1013 809 longa
1042 775 1093 801 est
1130 769 1311 810 disputatio
1348 779 1402 809 ap.
1433 769 1572 800 Salmas.

833 813 920 844 mod.
946 813 1045 844 Usur.
1068 823 1097 844 c.
1122 814 1169 844 16.
1204 813 1251 854 (in
1276 823 1341 852 qua
1363 817 1478 843 tamen
1502 822 1570 844 non

830 857 945 886 omnia
962 867 1049 895 vera,
1064 860 1251 896 tamquam,
1268 856 1356 896 quod
1369 866 1400 896 p.
1417 857 1492 892 696.
1520 856 1571 887 di-

830 900 888 938 cit,
912 901 1135 931 vadimonium
1151 902 1343 940 promittere
1370 900 1471 930 fuisse
1494 904 1571 931 tan-

829 947 903 974 tum
927 954 1138 984 sponsorum,
1154 954 1231 974 cum
1256 943 1296 973 de
1314 953 1370 973 reo
1385 945 1430 974 sit
1446 943 1569 976 diserte

829 987 919 1027 apud
942 988 1048 1018 Cicer.
1071 988 1189 1028 Quint.
1212 987 1244 1018 6.
1275 987 1399 1025 sejam
1423 996 1491 1018 non
1514 997 1572 1018 va-

829 1030 899 1061 dari
929 1031 1086 1072 amplius,
1113 1040 1220 1071 neque
1246 1031 1466 1061 vadimonium
1490 1041 1569 1072 pro·

828 1074 981 1114 mittere.)
1019 1074 1062 1105 cf.
1085 1074 1249 1106 Budaeum
1273 1074 1314 1104 ad
1338 1074 1441 1105 Pand.
1466 1085 1497 1116 p.
1522 1085 1569 1107 m.

826 1120 879 1148 40.
895 1127 964 1158 sqq.

871 1161 985 1202 Vasbr,
1010 1162 1149 1202 peritus,
1171 1165 1303 1199 acutus,
1326 1161 1468 1193 honesto
1491 1171 1566 1193 sen-

825 1214 881 1235 su:
915 1205 992 1236 Nat.
1011 1206 1053 1236 D.
1071 1207 1092 1236 i.
1119 1210 1168 1238 15.
1194 1206 1403 1236 somniorum
1425 1205 1566 1246 vqf'ervi-

825 1258 898 1279 mus
919 1250 1092 1290 interpres.
1137 1251 1191 1280 Sic
1214 1249 1309 1280 Ovid.
1332 1250 1413 1280 Her.
1436 1260 1490 1280 xx.
1512 1253 1566 1281 30.

817 1292 905 1332 juris
939 1292 1054 1333 vqfer:
1099 1299 1216 1333 estque
1253 1293 1425 1333 proprium
1461 1293 1567 1324 Jcto-

823 1346 910 1366 rum.
941 1337 1005 1367 vid.
1028 1337 1148 1368 Horat.
1173 1337 1242 1367 Sat.
1266 1337 1288 1367 i.
1307 1340 1339 1368 3.
1361 1340 1432 1369 130.
1462 1340 1497 1367 et
1520 1337 1566 1368 ibi

822 1379 919 1410 Acro.

866 1423 1005 1464 Vagari.
1035 1425 1130 1455 Offic.
1155 1424 1190 1455 ii.
1209 1426 1240 1456 2.
1271 1423 1310 1455 de
1333 1424 1562 1455 Academicis:

821 1475 887 1497 non
903 1469 994 1498 enim
1014 1477 1130 1498 sumus
1146 1468 1182 1506 ii,
1198 1477 1340 1508 quorum
1356 1469 1489 1499 animus
1506 1479 1565 1500 va-

817 1515 920 1549 getur
949 1521 1076 1542 errore:
1107 1511 1140 1541 h.
1163 1522 1193 1542 e.
1223 1512 1364 1550 neseiat,
1389 1512 1469 1551 quid
1495 1517 1564 1543 sta-

818 1558 907 1592 tuat,
925 1555 1005 1594 quid
1020 1554 1188 1585 decernat.
1212 1555 1297 1586 *On
1315 1556 1336 1586 i.
1353 1558 1406 1587 48.
1432 1565 1473 1586 ne
1488 1565 1563 1586 ora-

818 1598 867 1627 tio
889 1601 1009 1638 vagari
1031 1607 1184 1638 cogatur,
1199 1598 1239 1629 de
1263 1599 1456 1639 λογομαχὲιι
1479 1599 1563 1630 dici-

817 1645 887 1679 tur,
905 1642 998 1673 nulla
1021 1643 1190 1683 proposita
1213 1642 1274 1680 rei,
1290 1642 1330 1672 de
1354 1652 1420 1682 qua
1434 1643 1558 1682 agitur,

817 1684 1026 1723 definitione,
1043 1696 1068 1716 s.
1085 1686 1129 1716 de
1143 1686 1198 1724 iis,
1213 1686 1269 1725 qui
1284 1687 1441 1716 nesciunt
1455 1687 1508 1718 via
1523 1691 1560 1718 et

817 1729 958 1767 ratione,
989 1730 1085 1759 initio
1115 1740 1135 1760 a
1163 1729 1416 1760 definitionibus
1453 1730 1558 1770 facto,

815 1772 996 1813 disputare.
1034 1773 1123 1804 *On
1147 1773 1194 1803 iii.
1215 1776 1270 1804 44.
1300 1775 1422 1812 vagari
1444 1774 1557 1813 verba,

815 1822 850 1846 et
871 1819 925 1851 49.
949 1818 1071 1856 vagari
1093 1817 1198 1847 oratio
1221 1817 1357 1854 dicitur,
1381 1827 1459 1848 cum
1482 1827 1556 1848 ver-

814 1859 856 1889 ba
886 1868 953 1890 uon
982 1866 1064 1891 sunt
1092 1861 1142 1890 ita
1170 1861 1304 1900 juncta,
1334 1870 1443 1900 neque
1472 1862 1554 1902 ipsae

813 1904 992 1934 sententiae
1028 1903 1172 1944 periodis
1214 1903 1477 1944 comprehensae,
1515 1908 1556 1936 ut

813 1955 972 1978 numerus
996 1948 1128 1978 existat.
1159 1947 1290 1979 *Tusa
1306 1948 1352 1978 iii.
1369 1948 1400 1978 6.
1431 1948 1553 1979 deinde

810 1992 1009 2030 vagabimur
1035 1996 1149 2022 nostro
1176 1992 1352 2022 instituto:
1388 1991 1420 2022 h.
1445 2001 1474 2022 e.
1506 1992 1556 2022 la-

810 2034 878 2065 tius
891 2039 926 2066 et
937 2036 1100 2075 copiosius
1113 2034 1313 2066 disseremus
1325 2035 1365 2064 de
1377 2044 1422 2066 re.
1434 2035 1551 2066 *Mar-

810 2077 884 2108 cell.
907 2083 938 2113 9.
975 2079 1154 2118 vagabitur
1178 2087 1301 2109 nomen
1327 2085 1426 2109 tuum
1452 2078 1552 2119 longe

809 2127 910 2161 atque
933 2121 1012 2162 late,
1034 2128 1162 2153 certam
1186 2122 1322 2163 quidem
1344 2121 1458 2153 sedem
1481 2132 1550 2154 non

808 2164 952 2198 habebit.

855 2208 996 2249 Vagimi.
1043 2208 1128 2240 Cato
1160 2212 1211 2242 15.
1249 2208 1396 2240 viriditas
1433 2209 1552 2241 herbe-

807 2261 902 2283 scens
925 2253 1036 2283 culmo
1059 2258 1172 2284 erecta
1194 2252 1399 2293 geniculato,
1418 2255 1549 2294 vaginis

800 2295 871 2335 jam
890 2297 984 2336 quasi
1001 2296 1184 2337 pubescens
1200 2296 1397 2328 includitur.

851 2339 975 2379 Vagus.
1005 2340 1102 2370 Brut.
1118 2342 1172 2371 31.
1200 2349 1323 2380 vagum
1340 2339 1472 2371 dicendi
1488 2350 1547 2380 ge-

805 2391 879 2414 nus.
894 2383 927 2415 h.
943 2393 973 2414 e.
991 2384 1175 2424 copiosum.
1198 2383 1286 2414 conf.
1303 2385 1433 2423 vagari.
1457 2384 1544 2417 *On

805 2426 840 2456 ii.
863 2427 912 2458 16.
937 2436 1026 2466 vaga
1042 2428 1183 2466 quaestio
1198 2432 1262 2465 est,
1279 2437 1353 2467 quae
1369 2428 1404 2458 in
1421 2437 1543 2468 genere

804 2475 968 2508 versatur,
984 2480 1052 2501 non
1074 2471 1172 2501 certis
1193 2471 1342 2511 personis
1357 2473 1392 2501 et
1412 2477 1546 2513 tempo-

803 2513 895 2544 ribus
917 2514 1088 2544 adstn'cta.
1118 2514 1309 2545 *incertus
1339 2513 1419 2546 Nat.
1441 2515 1486 2546 D.
1507 2517 1542 2548 ii.

806 2559 834 2586 1.
865 2561 901 2588 et
917 2556 958 2588 de
982 2557 1055 2588 Diis
1078 2557 1200 2588 habere
1223 2567 1290 2588 non
1313 2562 1482 2590 errantem
1505 2565 1542 2591 et

799 2609 938 2638 vagam,
963 2604 1002 2631 ut
1029 2600 1234 2639 Academici,
1256 2601 1327 2638 sed,
1351 2606 1391 2632 ut
1421 2603 1539 2641 nostri,

801 2643 954 2674 stabilem
993 2649 1186 2684 certamque
1217 2645 1432 2677 sententiam.
1470 2646 1540 2682 *de

799 2687 951 2718 oratione
968 2696 1036 2718 non
1053 2688 1250 2728 composita,
1267 2698 1328 2718 nec
1351 2698 1542 2722 numerosa.

800 2732 895 2761 Orat.
909 2732 962 2762 23.
990 2730 1138 2762 solutum
1155 2731 1313 2771 quiddam
1331 2733 1389 2771 sit,
1405 2742 1468 2763 nec
1482 2743 1541 2763 va-

797 2783 882 2813 gum
903 2778 1033 2812 tamen,
1057 2778 1097 2805 ut
1119 2774 1249 2815 ingredi
1270 2775 1385 2815 libere,
1409 2785 1476 2807 non
1499 2780 1540 2808 ut

800 2816 944 2848 licenter
957 2827 1066 2849 errare
1081 2818 1242 2850 videatur.

845 2860 959 2936 Veffde.
990 2861 1060 2894 Att.
1077 2861 1121 2894 xi.
1141 2865 1192 2896 15.
1223 2871 1332 2903 neque
1353 2862 1448 2895 valde
1469 2861 1540 2904 opi-

841 2911 864 2935 n
918 2905 939 2936 2
