1804 3178
613 145 759 176 mmsx
788 147 921 177 Lanu
927 149 1082 180 rmus.

92 234 140 267 tis
162 236 294 268 consilii
330 246 402 267 esse
431 235 591 267 decreras.
634 236 761 277 Quint.
791 239 824 268 2.

95 278 172 311 Uno
180 280 310 320 judicio
326 280 367 311 de
380 279 526 310 fortunis
540 280 698 310 omnibus
717 280 826 311 decer-

94 323 157 354 nie.
195 323 238 354 ad
267 324 337 355 Ait.
367 334 400 354 x.
427 327 459 357 9.
491 332 552 354 suo
578 324 687 363 capite
717 323 828 354 decer-

97 373 190 397 flere.

138 409 298 442 Decessit.
324 409 437 441 Rabir.
455 409 544 440 Post.
566 412 615 439 11.
642 415 757 440 utrum
774 420 829 441 ac-

95 454 282 484 cessionem
307 454 460 494 pecuniae
487 462 530 482 an
557 453 760 485 decessionem
787 455 827 484 de

95 505 231 527 summa
259 496 390 532 fecerit,
421 497 463 526 ib.
496 496 704 527 decessionem
735 498 827 528 mille

94 539 266 571 talentum
281 549 354 570 esse
374 540 508 570 factam.
537 539 638 570 Tusc.
656 542 676 570 i.
693 542 746 572 46.
775 542 828 572 de-

95 584 189 614 cutio
213 583 390 620 bonorum,
413 583 597 623 opponitur
619 585 769 621 cumulo,
793 585 826 616 h.

98 635 130 657 e.
145 627 338 658 accessioni.
360 627 498 657 *abitus
513 627 554 656 de
570 629 739 667 provincia
750 639 827 659 cum

96 671 371 710 magistratuum,
383 675 455 700 tum
469 671 686 710 privatorum.
701 672 766 712 Ωιι.
777 672 828 702 Fr.

98 714 121 744 ὶ.
132 715 163 744 ⁴1.
179 723 210 744 c.
224 716 254 744 l.
268 723 362 754 spem
380 718 520 744 matura·
537 715 716 745 decessionis
735 716 829 745 affer·

97 766 150 788 oe:
167 756 210 787 ad
225 757 302 788 Div.
316 758 357 787 iv.
377 761 424 788 10.
448 757 487 787 de
506 758 664 788 Marcello
680 760 826 798 privato:

97 800 290 837 subvereor,
306 810 347 830 ne
368 806 403 830 te
419 801 564 831 delectet
578 802 674 832 tarda
688 803 827 833 decessio.

95 843 168 874 Att.
185 845 241 874 vii.
257 848 288 875 3.
322 845 356 874 in
380 845 451 885 ipsa
468 845 640 875 decessione
662 846 828 885 significa-

96 887 160 926 vit,
173 897 322 928 sperasse
338 898 373 918 se
389 888 526 927 aliquid.

142 930 313 968 Decessns,
343 931 453 962 abitus
483 931 523 961 de
560 932 741 971 provincia.
787 933 830 963 ad

98 973 177 1006 Div.
202 975 270 1005 viii.
290 978 339 1005 lo.
369 975 458 1014 quod
480 975 522 1004 ad
544 975 715 1006 decessum
730 980 828 1006 tuum

100 1018 233 1048 attinet.
273 1018 358 1048 Phil.
388 1019 422 1048 ii.
451 1021 504 1049 38.
543 1018 642 1049 Creta
675 1026 750 1060 post
781 1020 828 1050 M.

98 1061 196 1093 Bruti
213 1061 374 1092 decessum
388 1063 499 1102 potuit
514 1062 656 1092 liberari.

143 1103 315 1136 Dea-idere.
351 1105 444 1136 Verr.
469 1106 512 1136 iv.
536 1109 590 1137 45.
628 1106 773 1137 decidere
795 1107 830 1137 in

97 1147 263 1179 fiaudem.
286 1149 307 1179 i.
323 1160 353 1179 e.
370 1149 500 1179 facinus
514 1154 657 1189 patrare.

144 1191 318 1230 Decidere,
337 1193 472 1232 pacisci,
495 1193 690 1232 transigere.
712 1193 829 1233 Quint.

98 1237 132 1266 4.
159 1245 221 1276 per
231 1240 267 1266 te
283 1236 400 1266 decidit
416 1236 451 1266 P.
469 1236 640 1275 Quintius,
657 1237 745 1276 qnod
766 1237 831 1267 dis-

98 1277 254 1310 solveret.
291 1280 334 1310 cf.
365 1280 460 1310 Rosc.
501 1281 611 1310 Amer.
644 1283 696 1314 39.
733 1280 831 1310 Rosc.

99 1322 196 1353 Com.
213 1326 263 1353 ll.
292 1322 386 1354 Verr.
411 1323 445 1354 ii.
467 1325 522 1355 32.
545 1325 606 1354 &c.
631 1323 734 1354 Gron.
750 1323 830 1354 obs.

100 1365 136 1396 ii.
152 1366 185 1397 6.

145 1408 312 1449 Deoipm.
348 1409 446 1440 Rosc.
470 1410 546 1440 Am.
570 1412 624 1441 40.
659 1409 831 1447 inducere,

99 1452 256 1494 dec-ipae,
273 1452 466 1484 destituere.
513 1453 595 1483 Haec
618 1453 684 1483 tria
707 1454 754 1483 ita
770 1453 832 1483 dif-

97 1496 233 1527 ferunt:
273 1496 430 1527 inducere
468 1500 519 1526 est
548 1496 663 1527 fallere
694 1497 833 1527 consilio

99 1539 212 1570 dando
239 1543 275 1570 et
302 1539 345 1570 ad
374 1549 444 1570 rem
471 1539 619 1580 aliquam
644 1539 833 1571 faciendam

102 1582 323 1624 impellendo:
349 1583 530 1614 destituere
546 1583 729 1614 deserendo
740 1593 833 1622 eum,

101 1627 173 1666 qui,
189 1627 269 1666 quia
281 1627 481 1667 promiseras
503 1631 564 1658 aut
585 1627 740 1665 debebas,
757 1637 777 1658 a
797 1632 832 1657 te

100 1670 228 1710 aliquid
247 1669 363 1700 auxilii
379 1671 596 1711 expectabat:
619 1671 763 1710 decipere
777 1671 834 1701 de-

102 1714 218 1759 nique,
246 1714 310 1744 sub
342 1713 499 1744 utilitatis
529 1714 638 1755 specie
670 1714 832 1745 nocendo.

101 1755 145 1788 ad
167 1756 244 1788 Div.
267 1767 299 1788 v.
318 1757 368 1788 16.
398 1767 439 1788 ea
460 1758 653 1798 impendere
676 1758 835 1798 reipubli-

102 1809 164 1838 ce,
179 1809 255 1840 (μιν.
270 1801 328 1840 qui
344 1800 528 1841 reliquerit,
546 1801 640 1831 nullo
659 1802 756 1832 modo
773 1802 835 1831 mi-

101 1842 138 1875 hi
159 1843 294 1884 quidem
309 1845 459 1885 deceptus
472 1854 543 1875 esse
560 1844 730 1875 videatur:
756 1845 788 1875 h.
804 1856 834 1875 e.

104 1886 189 1919 nihil
203 1887 400 1918 detrimenti
414 1888 546 1927 fecisse,
563 1889 624 1918 διο.

146 1931 288 1968 Deci-iio,
311 1932 436 1972 pactio,
457 1932 654 1969 transactio,
677 1934 777 1971 atque
800 1941 835 1962 a-

103 1972 167 2005 deo
192 1974 341 2005 conditio
363 1975 584 2015 transigendi.
619 1975 716 2006 Rosc.
740 1975 835 2005 Com.

107 2020 158 2049 13.
181 2024 259 2058 post
271 2019 460 2049 decisionem
475 2022 631 2049 veterem.
660 2018 767 2049 Flacc.
782 2020 835 2050 36.

103 2061 266 2092 decisionis
279 2061 414 2092 arbiter.
439 2062 591 2093 Provinc.
610 2063 708 2094 Cons.
725 2065 757 2093 4.
779 2071 838 2102 pa-

103 2105 233 2136 ctiones
248 2105 468 2146 pecuniarum
484 2115 562 2136 cum
577 2106 740 2146 tyrannis,
755 2106 838 2136 deci-

101 2149 215 2180 siones.
232 2151 294 2179 ue.
322 2148 418 2179 Verr.
435 2149 455 2179 i.
471 2152 524 2180 54.
556 2155 659 2189 negat
681 2158 759 2179 eum
775 2149 837 2180 sibi

104 2191 165 2223 illa
177 2192 332 2223 decisione
345 2191 536 2223 satisfacere
552 2203 658 2233 posse.
689 2192 709 2211 *
720 2192 761 2223 de
784 2202 836 2230 e0,

105 2245 206 2276 super
230 2245 297 2275 quo
322 2237 480 2266 convenit
506 2236 548 2266 ab
573 2241 715 2276 utraque
743 2239 838 2276 parte

105 2279 211 2311 etiam
223 2279 260 2309 in
282 2279 494 2320 disputando.
540 2279 664 2310 Caecin.
679 2284 763 2310 extr.
779 2289 839 2310 no-

105 2328 178 2358 stra
189 2323 304 2354 decisio
317 2322 358 2353 de
373 2323 543 2362 aequitate.

149 2365 363 2404 Declamare,
386 2366 634 2397 exercitationis
663 2375 765 2396 causa
790 2365 840 2396 di·

107 2418 194 2442 cere.
225 2409 297 2441 Fin.
316 2420 346 2440 v.
362 2411 394 2440 2.
424 2410 467 2440 ad
489 2410 644 2446 fluctum,
660 2410 769 2446 aiunt,
785 2409 839 2439 de-

105 2454 255 2485 clamare
275 2452 415 2484 solitum
438 2453 713 2484 Demosthenem.
747 2453 841 2483 *eti-

108 2503 164 2527 am
180 2496 216 2527 in
230 2506 311 2528 vera
324 2506 435 2528 causa.
462 2497 556 2527 Verr.
572 2497 614 2527 iv.
631 2497 682 2527 66.
708 2496 764 2535 qui
781 2505 840 2536 pro

108 2539 174 2571 ism
196 2545 317 2572 contra
339 2548 393 2571 me
420 2540 712 2575 vehementissime
735 2539 841 2570 decla-

106 2587 236 2615 manet.
256 2583 356 2615 Rosc.
375 2583 450 2614 Am.
471 2586 523 2618 29.
548 2593 623 2623 quae
646 2582 730 2613 mihi
753 2583 840 2613 visus

106 2630 159 2659 est
173 2635 215 2657 ex
231 2626 299 2657 alia
311 2628 463 2658 oratione
478 2628 676 2663 declamare,
691 2635 790 2665 quam
807 2626 841 2656 in

108 2669 215 2701 alium
227 2672 324 2701 reum
341 2675 638 2701 commentaretur.
670 2669 690 2688 ⁸
702 2669 744 2699 ad
765 2670 842 2700 Div.

108 2713 157 2744 i'ii.
177 2716 227 2745 ll.
254 2714 410 2754 majestas
426 2718 489 2752 est,
507 2723 548 2744 ne
565 2714 598 2744 in
616 2713 763 2753 quemvis
780 2713 843 2743 im·

107 2763 200 2798 pune
213 2757 399 2789 declamare
413 2757 539 2788 liceret.

152 2798 379 2839 Decus-ator,
402 2801 529 2832 rhetor.
565 2800 623 2832 Or.
650 2802 700 2830 15.
737 2799 844 2829 decla-

106 2847 218 2874 mam
239 2843 281 2874 de
303 2843 394 2875 ludo.
429 2844 488 2876 Or.
511 2845 559 2875 iii.
582 2846 636 2875 34.
671 2852 740 2873 non
764 2852 842 2873 eum

108 2886 310 2918 acchuma-
323 2887 442 2929 aliquis
458 2888 501 2920 ad
520 2886 727 2929 clepsydram
744 2885 844 2917 latra-

109 2937 146 2961 re
159 2929 332 2962 domuerat.

1510 150 1590 189 255

911 238 1146 270 Declamieare.
1173 240 1274 274 Tusc.
1301 243 1323 274 i.
1347 246 1378 275 ⁴.
1408 246 1593 280 declamita-

870 281 943 311 bam
967 291 1094 312 causas.
1125 283 1219 315 Brut.
1239 290 1292 319 90.
1314 295 1519 321 commentor
1539 294 1592 323 de-

869 326 1057 363 clamitans,
1083 326 1130 356 sic
1161 330 1250 359 enim
1282 339 1371 360 nuuc
1402 331 1593 373 loquuntur,

869 377 957 408 saepe
979 378 1057 398 cuni
1082 369 1129 399 M.
1155 370 1282 407 Pisone,
1306 378 1363 403 aut
1386 385 1462 405 cum
1486 377 1594 416 aliquo

870 411 1030 450 quotidie.

914 454 1110 492 Declarare,
1127 455 1169 486 ad
1191 456 1266 486 Div.
1292 458 1325 488 ii.
1341 462 1372 489 3.
1403 460 1506 501 Ruptr
1530 472 1594 493 non

871 497 977 529 defuit
1008 499 1157 529 studium
1185 500 1452 533 declarandorum
1481 515 1596 536 mune·

871 551 958 579 rum,
974 541 1009 572 h.
1025 552 1054 572 e.
1080 542 1202 583 populo
1225 543 1497 583 pollicendorum.
1521 548 1595 579 Mu-

871 594 942 615 ren.
959 587 990 616 9.
1015 585 1049 616 in
1067 586 1195 624 judicio
1211 588 1357 618 consulis
1379 589 1554 629 designati,
1571 593 1597 622 is

872 629 1083 668 potissimum
1107 630 1245 666 Consul,
1269 632 1325 670 qui
1353 634 1522 664 consulem
1545 635 1597 665 de-

870 674 1022 708 claravit,
1048 672 1080 702 h.
1102 683 1133 703 e.
1157 679 1305 705 creatum
1330 685 1349 705 a
1379 677 1500 716 populo
1526 687 1599 718 pro·

872 716 1056 746 nunciavit.

914 758 1285 799 Declinauo‚degressio
1299 761 1331 791 in
1343 763 1504 794 oratione.
1523 764 1599 796 Par·

870 803 923 832 tit.
946 805 993 832 15.
1016 803 1186 833 declinatio
1201 804 1242 834 ari
1259 805 1543 845 amplificandum.

914 845 1117 876 Declinaeus.
1150 847 1221 877 fin.
1247 858 1278 878 v.
1310 852 1340 882 7.
1370 850 1515 889 primum
1545 852 1600 882 de·

870 889 1045 920 climatum.-
1072 891 1094 920 i.
1110 899 1139 920 e.
1154 891 1239 929 quod
1264 891 1414 923 homines
1438 895 1509 924 nati
1532 896 1600 935 pri·

865 942 964 962 rmum
982 938 1175 963 aversantur
1191 939 1224 964 et
1240 934 1387 973 fugiunt.

914 975 1083 1006 Decoctus.
1113 978 1170 1007 Or.
1202 977 1247 1008 iii.
1277 979 1330 1009 26.
1365 980 1509 1011 suavitas
1540 991 1600 1011 au·

871 1024 970 1056 stem,
986 1024 1022 1049 ct
1035 1020 1151 1057 solida,
1167 1029 1234 1051 non
1251 1021 1356 1052 dulcis
1372 1026 1407 1052 et
1420 1023 1559 1063 decocta,
1576 1026 1599 1055 i.

871 1073 899 1093 e.
915 1062 1035 1101 fracta,
1053 1063 1220 1102 languida.

914 1105 1127 1143 Dec-otorano,
1150 1117 1210 1147 pro
1232 1108 1446 1140 coloratione.
1483 1110 1597 1142 Divin.

872 1149 905 1179 ii.
921 1151 974 1183 27.
1005 1151 1190 1181 decoloratio
1211 1161 1251 1181 ex
1273 1152 1384 1191 aliqua
1399 1155 1599 1193 contagione

871 1198 1006 1222 terrena
1035 1199 1147 1233 potest
1176 1195 1347 1233 sauguinis
1375 1196 1491 1227 similis
1517 1207 1600 1229 esse.

872 1236 927 1266 Sic
965 1242 1045 1267 sunt
1084 1246 1202 1267 manus
1239 1239 1423 1269 decoloraeae
1459 1241 1597 1272 Sueton.

872 1279 958 1318 Aug.
976 1282 1006 1310 5.

917 1322 1112 1363 Decoquere,
1144 1332 1338 1355 consumere
1376 1325 1533 1366 impensis
1564 1331 1600 1358 et

873 1371 988 1396 sumtu
1017 1367 1180 1396 faciendo.
1210 1368 1279 1398 Att.
1307 1369 1350 1398 ix.
1377 1373 1408 1403 9.
1441 1370 1600 1409 sciebam,

873 1418 950 1439 eum
967 1419 1085 1449 agrum
1101 1411 1269 1450 decoquere
1282 1416 1385 1450 quoto
1399 1421 1499 1443 anno.
1514 1413 1599 1445 Phil.

874 1453 908 1483 ii.
934 1456 984 1484 18.
1012 1459 1151 1483 tenesne
1175 1455 1348 1492 memoria,
1368 1460 1402 1486 te
1425 1462 1602 1496 praetexta·

872 1501 947 1526 tum
962 1497 1140 1527 decoxisse?

916 1539 1081 1571 Decorum
1103 1544 1291 1580 poc-tarum,
1307 1542 1372 1573 Off.
1396 1542 1418 1573 i.
1439 1545 1491 1575 28.
1522 1543 1603 1584 quid

874 1583 941 1614 sit?

917 1625 1110 1665 Decretum,
1120 1628 1287 1658 sententia
1299 1629 1460 1660 senatoris
1471 1629 1513 1660 ad
1524 1630 1603 1663 Div.

876 1680 928 1700 xv.
945 1674 975 1701 5.
1001 1672 1170 1701 sententia
1185 1681 1259 1702 mea
1274 1678 1308 1702 et
1324 1673 1447 1703 decreto
1461 1673 1604 1706 laudavi.

875 1714 894 1732 ⁷*
907 1713 1093 1754 philosophi
1117 1715 1290 1754 placitum.
1320 1716 1422 1746 Acad.
1436 1717 1479 1746 iv.
1495 1721 1526 1751 9.
1543 1717 1602 1749 ἃς.

875 1757 1110 1797 *Responsum
1124 1757 1214 1789 JCti.
1243 1758 1376 1789 Muren.
1397 1762 1444 1791 13.
1470 1770 1605 1801 respon-

876 1810 913 1830 sa
928 1806 1028 1839 atque
1044 1801 1171 1832 decreta
1191 1809 1301 1832 vestra
1322 1807 1522 1834 evertuntur
1542 1814 1603 1835 ειε-

876 1853 917 1884 pe
947 1844 1102 1875 dicundo.
1139 1845 1408 1884 *jurisdictionis
1437 1848 1604 1886 praetoriae

877 1895 963 1927 pars.
992 1887 1086 1917 Verr.
1104 1888 1137 1918 ii.
1152 1891 1206 1919 48.
1235 1889 1315 1927 quin
1332 1890 1359 1919 is
1374 1890 1415 1919 ab
1429 1889 1547 1920 Siculis
1561 1891 1604 1922 ob

876 1931 1005 1961 decreta
1037 1931 1278 1971 interponenda
1307 1933 1484 1972 pecuniam
1510 1943 1605 1964 acce-

877 1975 976 2014 perit,
993 1975 1048 2013 qui
1065 1974 1112 2004 M.
1128 1975 1306 2006 Octavium
1323 1976 1479 2015 Ligurem
1495 1977 1536 2006 ob
1545 1978 1604 2017 jus

878 2017 1062 2048 dicundum
1078 2019 1276 2058 poposcerit.
1301 2029 1329 2049 v.
1346 2019 1547 2050 Jurisdictio.

922 2061 1148 2100 Dec-amanus,
1162 2061 1254 2092 Verr.
1263 2063 1308 2092 iii.
1318 2063 1348 2093 6.
1364 2072 1442 2102 ager
1452 2063 1606 2094 decuma-

878 2114 957 2138 Μωυ-
974 2104 1008 2134 h.
1020 2114 1050 2134 e.
1062 2114 1080 2134 e
1095 2115 1163 2144 quo
1179 2105 1327 2136 decumae
1343 2105 1476 2136 dantur.
1493 2106 1606 2147 *pub-

880 2148 1020 2184 ficamus,
1046 2149 1102 2187 qui
1129 2148 1287 2179 decumas
1311 2158 1331 2178 a
1361 2149 1484 2189 populo
1511 2149 1605 2180 rede·

880 2193 953 2222 mit.
982 2191 1075 2222 Verr.
1097 2191 1132 2222 ii.
1161 2194 1209 2223 13.
1232 2195 1284 2224 71.
1310 2192 1357 2222 iii.
1381 2195 1411 2223 8.
1434 2195 1488 2223 48.
1510 2193 1607 2224 deeu-

880 2236 971 2265 mam'
993 2235 1159 2275 principes
1181 2240 1216 2265 et
1239 2236 1332 2274 quasi
1357 2240 1494 2266 senatus
1520 2237 1605 2277 pub-

881 2278 1077 2308 licanorum.
1094 2277 1531 2317 Scilicet‚quemadmodum
1548 2279 1610 2310 ho-

882 2322 1123 2359 nestissimum,
1139 2321 1180 2351 de
1204 2331 1294 2352 more
1317 2322 1482 2361 Romano,
1498 2332 1606 2362 genus

881 2366 929 2396 rei
953 2364 1139 2404 quaerendae
1162 2372 1214 2395 est
1235 2365 1452 2404 agricultura,
1475 2366 1523 2396 sic
1544 2367 1609 2397 eti-

882 2419 936 2439 am
959 2409 1049 2438 inter
1071 2407 1264 2448 publicanus
1289 2408 1528 2446 honestissimi,
1550 2411 1607 2449 qui

881 2452 1034 2482 decumas
1055 2451 1254 2481 conduxere.
1276 2451 1460 2491 ‘magnus-v.
1490 2452 1558 2484 Fin.
1573 2454 1609 2484 ii.

883 2499 914 2526 8.
941 2496 1130 2535 acipensere
1154 2504 1231 2524 cum
1255 2495 1443 2526 decumam.
1489 2495 1529 2526 ln
1552 2506 1608 2527 ru-

883 2539 975 2568 sticis
998 2542 1079 2568 sunt
1101 2547 1174 2575 ova,
1192 2547 1291 2577 poma
1311 2538 1503 2569 decumana.
1525 2539 1609 2570 Noti

883 2583 987 2612 etiam
1010 2586 1091 2611 sunt
1112 2581 1266 2612 versiculi
1289 2581 1457 2619 Ovitliani,
1480 2582 1521 2612 de
1547 2583 1610 2614 flu-

884 2631 942 2655 ctu
965 2625 1130 2655 maximo:
1157 2624 1220 2655 Hic
1238 2624 1359 2655 fluct-us
1381 2625 1612 2665 supereminet

883 2677 1012 2705 omnes,
1035 2667 1196 2707 posterior
1218 2677 1306 2698 nono
1328 2671 1394 2705 est,
1415 2667 1611 2700 undecimo·

884 2721 949 2750 que
966 2712 1064 2751 prior.

929 2754 1143 2792 Dec-umbem,
1174 2753 1215 2784 de
1253 2753 1503 2793 gladiatoribus,
1533 2765 1611 2786 cum

885 2797 1035 2837 gladium
1059 2797 1238 2838 recipiunt,
1254 2798 1471 2837 ‚iugularique
1497 2808 1533 2829 ee
1554 2808 1614 2840 pa-

884 2842 1028 2871 tiuntur.
1068 2840 1169 2871 Taso.
1198 2841 1232 2871 ii.
1259 2844 1308 2875 17.
1340 2842 1482 2871 mittunt
1511 2842 1614 2872 etiam

885 2884 1081 2915 vulneribus
1114 2885 1258 2915 confecti
1290 2884 1330 2914 ad
1360 2884 1524 2922 dominos,
1555 2886 1615 2925 qni

886 2932 1052 2968 qum-ant,
1082 2927 1162 2966 qnid
1193 2928 1315 2958 velint:
1346 2928 1374 2958 si
1405 2927 1614 2960 satisfactum
