<?xml version="1.0" encoding="UTF-8"?>
<!DOCTYPE html PUBLIC "-//W3C//DTD XHTML 1.0 Transitional//EN"
    "http://www.w3.org/TR/xhtml1/DTD/xhtml1-transitional.dtd">
<html xmlns="http://www.w3.org/1999/xhtml" xml:lang="en" lang="en">
 <head>
  <title>
</title>
<meta http-equiv="Content-Type" content="text/html;charset=utf-8" />
  <meta name='ocr-system' content='tesseract 3.04.00' />
  <meta name='ocr-capabilities' content='ocr_page ocr_carea ocr_par ocr_line ocrx_word'/>
</head>
<body>
  <div class='ocr_page' id='page_1' title='image "./operaomnia05ciceuoft/operaomnia05ciceuoft_0037.png"; bbox 0 0 1804 3235; ppageno 0'>
   <div class='ocr_carea' id='block_1_1' title="bbox 740 158 1662 202">
    <p class='ocr_par' dir='ltr' id='par_1_1' title="bbox 740 158 1662 202">
     <span class='ocr_line' id='line_1_1' title="bbox 740 158 1662 202; baseline 0.001 -8"><span class='ocrx_word' id='word_1_1' title='bbox 740 167 884 195; x_wconf 66' lang='lat' dir='ltr'>INDEX</span> <span class='ocrx_word' id='word_1_2' title='bbox 910 167 1083 194; x_wconf 73' lang='lat' dir='ltr'>LBGUM.</span> <span class='ocrx_word' id='word_1_3' title='bbox 1612 158 1662 202; x_wconf 78' lang='lat'>27</span> 
     </span>
    </p>
   </div>
   <div class='ocr_carea' id='block_1_2' title="bbox 154 253 892 338">
    <p class='ocr_par' dir='ltr' id='par_1_2' title="bbox 154 253 892 337">
     <span class='ocr_line' id='line_1_2' title="bbox 154 253 892 330; baseline -0.005 -43"><span class='ocrx_word' id='word_1_4' title='bbox 154 255 278 330; x_wconf 54' lang='lat' dir='ltr'>Ed&amp;</span> <span class='ocrx_word' id='word_1_5' title='bbox 270 265 305 287; x_wconf 87' lang='lat' dir='ltr'>m</span> <span class='ocrx_word' id='word_1_6' title='bbox 321 255 533 287; x_wconf 76' lang='lat' dir='ltr'>latitudinem</span> <span class='ocrx_word' id='word_1_7' title='bbox 557 253 836 294; x_wconf 76' lang='lat' dir='ltr'>relinqueruitur,</span> <span class='ocrx_word' id='word_1_8' title='bbox 854 260 892 283; x_wconf 87' lang='lat' dir='ltr'>nt</span> 
     </span>
     <span class='ocr_line' id='line_1_3' title="bbox 205 309 249 338; baseline 0 -6"><span class='ocrx_word' id='word_1_9' title='bbox 205 309 249 338; x_wconf 54' lang='grc' dir='ltr'>ἐξ</span> 
     </span>
    </p>
   </div>
   <div class='ocr_carea' id='block_1_3' title="bbox 146 299 892 2989">
    <p class='ocr_par' dir='ltr' id='par_1_3' title="bbox 153 299 892 849">
     <span class='ocr_line' id='line_1_4' title="bbox 283 299 892 334; baseline -0.005 -4"><span class='ocrx_word' id='word_1_10' title='bbox 283 308 339 330; x_wconf 82' lang='lat' dir='ltr'>xn.</span> <span class='ocrx_word' id='word_1_11' title='bbox 364 300 452 330; x_wconf 75' lang='lat' dir='ltr'>tabb.</span> <span class='ocrx_word' id='word_1_12' title='bbox 482 299 703 328; x_wconf 68' lang='lat' dir='ltr'>‹austum-uu</span> <span class='ocrx_word' id='word_1_13' title='bbox 733 305 832 334; x_wconf 67' lang='lat' dir='ltr'>esst-,t</span> <span class='ocrx_word' id='word_1_14' title='bbox 857 305 892 327; x_wconf 77' lang='lat' dir='ltr'>et</span> 
     </span>
     <span class='ocr_line' id='line_1_5' title="bbox 154 341 890 381; baseline -0.003 -9"><span class='ocrx_word' id='word_1_15' title='bbox 154 343 276 381; x_wconf 72' lang='lat' dir='ltr'>singuli</span> <span class='ocrx_word' id='word_1_16' title='bbox 293 343 407 373; x_wconf 74' lang='lat' dir='ltr'>arbitri</span> <span class='ocrx_word' id='word_1_17' title='bbox 424 341 573 381; x_wconf 73' lang='lat' dir='ltr'>regendis</span> <span class='ocrx_word' id='word_1_18' title='bbox 588 342 706 371; x_wconf 81' lang='lat' dir='ltr'>finibus</span> <span class='ocrx_word' id='word_1_19' title='bbox 718 341 890 377; x_wconf 69' lang='lat' dir='ltr'>(iurentur,</span> 
     </span>
     <span class='ocr_line' id='line_1_6' title="bbox 155 384 889 426; baseline -0.004 -10"><span class='ocrx_word' id='word_1_20' title='bbox 155 395 233 416; x_wconf 80' lang='lat' dir='ltr'>eum</span> <span class='ocrx_word' id='word_1_21' title='bbox 250 397 268 415; x_wconf 83' lang='lat' dir='ltr'>e</span> <span class='ocrx_word' id='word_1_22' title='bbox 286 385 564 426; x_wconf 70' lang='lat' dir='ltr'>1aegg.xn.tabb.</span> <span class='ocrx_word' id='word_1_23' title='bbox 582 391 648 414; x_wconf 80' lang='lat' dir='ltr'>tres</span> <span class='ocrx_word' id='word_1_24' title='bbox 666 391 788 420; x_wconf 76' lang='lat' dir='ltr'>ess‹·,nt</span> <span class='ocrx_word' id='word_1_25' title='bbox 805 385 831 414; x_wconf 84' lang='lat' dir='ltr'>si</span> <span class='ocrx_word' id='word_1_26' title='bbox 849 384 889 413; x_wconf 65' lang='lat' dir='ltr'>ile</span> 
     </span>
     <span class='ocr_line' id='line_1_7' title="bbox 156 427 888 465; baseline -0.001 -6"><span class='ocrx_word' id='word_1_27' title='bbox 156 429 278 459; x_wconf 79' lang='lat' dir='ltr'>finibus</span> <span class='ocrx_word' id='word_1_28' title='bbox 293 436 367 459; x_wconf 74' lang='lat' dir='ltr'>orta</span> <span class='ocrx_word' id='word_1_29' title='bbox 382 428 607 458; x_wconf 73' lang='lat' dir='ltr'>controversia</span> <span class='ocrx_word' id='word_1_30' title='bbox 621 434 718 458; x_wconf 73' lang='lat' dir='ltr'>esset.</span> <span class='ocrx_word' id='word_1_31' title='bbox 734 428 773 456; x_wconf 75' lang='lat' dir='ltr'>‹lc</span> <span class='ocrx_word' id='word_1_32' title='bbox 789 427 888 465; x_wconf 58' lang='lat' dir='ltr'>ngz.</span> 
     </span>
     <span class='ocr_line' id='line_1_8' title="bbox 157 468 888 504; baseline -0.003 -2"><span class='ocrx_word' id='word_1_33' title='bbox 157 468 179 502; x_wconf 78' lang='lat' dir='ltr'>i.</span> <span class='ocrx_word' id='word_1_34' title='bbox 195 474 248 504; x_wconf 83' lang='lat'>21.</span> <span class='ocrx_word' id='word_1_35' title='bbox 293 471 394 502; x_wconf 78' lang='lat' dir='ltr'>Hum-</span> <span class='ocrx_word' id='word_1_36' title='bbox 411 472 520 502; x_wconf 79' lang='lat' dir='ltr'>locum</span> <span class='ocrx_word' id='word_1_37' title='bbox 540 481 604 501; x_wconf 90' lang='lat' dir='ltr'>non</span> <span class='ocrx_word' id='word_1_38' title='bbox 629 471 711 500; x_wconf 60' lang='lat' dir='ltr'>sidit</span> <span class='ocrx_word' id='word_1_39' title='bbox 735 470 783 500; x_wconf 75' lang='lat' dir='ltr'>el.</span> <span class='ocrx_word' id='word_1_40' title='bbox 810 471 888 500; x_wconf 78' lang='lat' dir='ltr'>Hei-</span> 
     </span>
     <span class='ocr_line' id='line_1_9' title="bbox 155 513 887 555; baseline -0.003 -9"><span class='ocrx_word' id='word_1_41' title='bbox 155 516 289 546; x_wconf 76' lang='lat' dir='ltr'>neccius</span> <span class='ocrx_word' id='word_1_42' title='bbox 306 515 349 546; x_wconf 87' lang='grc' dir='ltr'>Η.</span> <span class='ocrx_word' id='word_1_43' title='bbox 365 515 396 545; x_wconf 73' lang='lat' dir='ltr'>J.</span> <span class='ocrx_word' id='word_1_44' title='bbox 415 515 451 545; x_wconf 89' lang='lat' dir='ltr'>C.</span> <span class='ocrx_word' id='word_1_45' title='bbox 469 515 508 545; x_wconf 82' lang='lat' dir='ltr'>R.</span> <span class='ocrx_word' id='word_1_46' title='bbox 526 525 558 555; x_wconf 90' lang='lat' dir='ltr'>p.</span> <span class='ocrx_word' id='word_1_47' title='bbox 576 518 626 545; x_wconf 62' lang='lat'>35.</span> <span class='ocrx_word' id='word_1_48' title='bbox 638 515 688 545; x_wconf 57' lang='lat'>2³⁴3.</span> <span class='ocrx_word' id='word_1_49' title='bbox 706 514 760 544; x_wconf 75' lang='lat' dir='ltr'>ubi</span> <span class='ocrx_word' id='word_1_50' title='bbox 786 513 887 554; x_wconf 79' lang='lat' dir='ltr'>pluri-</span> 
     </span>
     <span class='ocr_line' id='line_1_10' title="bbox 154 557 887 599; baseline -0.003 -10"><span class='ocrx_word' id='word_1_51' title='bbox 154 558 216 589; x_wconf 78' lang='lat' dir='ltr'>bus</span> <span class='ocrx_word' id='word_1_52' title='bbox 245 558 286 589; x_wconf 83' lang='lat' dir='ltr'>de</span> <span class='ocrx_word' id='word_1_53' title='bbox 316 558 378 589; x_wconf 81' lang='lat' dir='ltr'>hac</span> <span class='ocrx_word' id='word_1_54' title='bbox 402 558 473 598; x_wconf 80' lang='lat' dir='ltr'>lege</span> <span class='ocrx_word' id='word_1_55' title='bbox 503 560 556 599; x_wconf 78' lang='lat' dir='ltr'>(ex</span> <span class='ocrx_word' id='word_1_56' title='bbox 580 557 702 588; x_wconf 70' lang='lat' dir='ltr'>Goesio‘·</span> <span class='ocrx_word' id='word_1_57' title='bbox 730 557 887 588; x_wconf 75' lang='lat' dir='ltr'>disserere</span> 
     </span>
     <span class='ocr_line' id='line_1_11' title="bbox 153 601 887 641; baseline 0 -9"><span class='ocrx_word' id='word_1_58' title='bbox 153 602 316 639; x_wconf 83' lang='lat' dir='ltr'>instituit,</span> <span class='ocrx_word' id='word_1_59' title='bbox 347 602 435 641; x_wconf 89' lang='lat' dir='ltr'>quod</span> <span class='ocrx_word' id='word_1_60' title='bbox 473 611 494 632; x_wconf 77' lang='lat' dir='ltr'>a</span> <span class='ocrx_word' id='word_1_61' title='bbox 525 601 637 640; x_wconf 71' lang='lat' dir='ltr'>paucis</span> <span class='ocrx_word' id='word_1_62' title='bbox 669 601 887 640; x_wconf 68' lang='lat' dir='ltr'>intelligatur.</span> 
     </span>
     <span class='ocr_line' id='line_1_12' title="bbox 156 643 886 685; baseline -0.001 -10"><span class='ocrx_word' id='word_1_63' title='bbox 156 643 279 676; x_wconf 75' lang='lat' dir='ltr'>Nihil·</span> <span class='ocrx_word' id='word_1_64' title='bbox 271 646 374 685; x_wconf 74' lang='lat' dir='ltr'>igitur</span> <span class='ocrx_word' id='word_1_65' title='bbox 399 645 439 675; x_wconf 86' lang='lat' dir='ltr'>de</span> <span class='ocrx_word' id='word_1_66' title='bbox 470 645 613 675; x_wconf 86' lang='lat' dir='ltr'>arbitris.</span> <span class='ocrx_word' id='word_1_67' title='bbox 658 644 815 675; x_wconf 81' lang='lat' dir='ltr'>Ceterum</span> <span class='ocrx_word' id='word_1_68' title='bbox 847 644 886 674; x_wconf 82' lang='lat' dir='ltr'>de</span> 
     </span>
     <span class='ocr_line' id='line_1_13' title="bbox 155 687 887 728; baseline 0 -10"><span class='ocrx_word' id='word_1_69' title='bbox 155 687 218 718; x_wconf 80' lang='lat' dir='ltr'>hac</span> <span class='ocrx_word' id='word_1_70' title='bbox 240 687 312 728; x_wconf 80' lang='lat' dir='ltr'>lege</span> <span class='ocrx_word' id='word_1_71' title='bbox 335 688 399 718; x_wconf 71' lang='grc' dir='ltr'>ιιιΙ.</span> <span class='ocrx_word' id='word_1_72' title='bbox 416 690 443 718; x_wconf 77' lang='lat' dir='ltr'>(i</span> <span class='ocrx_word' id='word_1_73' title='bbox 445 689 543 718; x_wconf 62' lang='lat' dir='ltr'>nesius</span> <span class='ocrx_word' id='word_1_74' title='bbox 567 688 608 718; x_wconf 73' lang='lat' dir='ltr'>ad</span> <span class='ocrx_word' id='word_1_75' title='bbox 630 689 744 728; x_wconf 83' lang='lat' dir='ltr'>script.</span> <span class='ocrx_word' id='word_1_76' title='bbox 760 688 837 727; x_wconf 83' lang='lat' dir='ltr'>Agr.</span> <span class='ocrx_word' id='word_1_77' title='bbox 855 699 887 728; x_wconf 90' lang='lat' dir='ltr'>p.</span> 
     </span>
     <span class='ocr_line' id='line_1_14' title="bbox 154 731 886 772; baseline -0.003 -9"><span class='ocrx_word' id='word_1_78' title='bbox 154 735 229 766; x_wconf 78' lang='lat'>339.</span> <span class='ocrx_word' id='word_1_79' title='bbox 245 739 281 762; x_wconf 87' lang='lat' dir='ltr'>et</span> <span class='ocrx_word' id='word_1_80' title='bbox 297 732 331 762; x_wconf 90' lang='lat' dir='ltr'>in</span> <span class='ocrx_word' id='word_1_81' title='bbox 347 739 417 762; x_wconf 83' lang='lat' dir='ltr'>not.</span> <span class='ocrx_word' id='word_1_82' title='bbox 435 742 466 772; x_wconf 88' lang='lat' dir='ltr'>p.</span> <span class='ocrx_word' id='word_1_83' title='bbox 487 734 557 762; x_wconf 62' lang='lat'>152.</span> <span class='ocrx_word' id='word_1_84' title='bbox 578 735 648 765; x_wconf 84' lang='lat'>191.</span> <span class='ocrx_word' id='word_1_85' title='bbox 671 734 730 761; x_wconf 62' lang='lat' dir='ltr'>dcc.</span> <span class='ocrx_word' id='word_1_86' title='bbox 758 731 886 761; x_wconf 84' lang='lat' dir='ltr'>Primus</span> 
     </span>
     <span class='ocr_line' id='line_1_15' title="bbox 153 774 888 815; baseline 0 -11"><span class='ocrx_word' id='word_1_87' title='bbox 153 774 378 814; x_wconf 80' lang='lat' dir='ltr'>fragmentum</span> <span class='ocrx_word' id='word_1_88' title='bbox 395 775 466 813; x_wconf 79' lang='lat' dir='ltr'>ejus</span> <span class='ocrx_word' id='word_1_89' title='bbox 483 775 623 815; x_wconf 88' lang='lat' dir='ltr'>protulit</span> <span class='ocrx_word' id='word_1_90' title='bbox 640 774 769 815; x_wconf 81' lang='lat' dir='ltr'>Lipsius</span> <span class='ocrx_word' id='word_1_91' title='bbox 783 774 888 805; x_wconf 81' lang='lat' dir='ltr'>Elect.</span> 
     </span>
     <span class='ocr_line' id='line_1_16' title="bbox 154 817 699 849; baseline 0 -1"><span class='ocrx_word' id='word_1_92' title='bbox 154 819 175 849; x_wconf 88' lang='lat' dir='ltr'>i.</span> <span class='ocrx_word' id='word_1_93' title='bbox 196 821 245 849; x_wconf 91' lang='grc'>15.</span> <span class='ocrx_word' id='word_1_94' title='bbox 292 817 375 849; x_wconf 78' lang='lat' dir='ltr'>Lata</span> <span class='ocrx_word' id='word_1_95' title='bbox 390 819 494 849; x_wconf 79' lang='lat' dir='ltr'>estA.</span> <span class='ocrx_word' id='word_1_96' title='bbox 513 818 553 849; x_wconf 91' lang='lat' dir='ltr'>U.</span> <span class='ocrx_word' id='word_1_97' title='bbox 571 826 699 848; x_wconf 73' lang='lat' dir='ltr'>ncxm.</span> 
     </span>
    </p>

    <p class='ocr_par' dir='ltr' id='par_1_4' title="bbox 146 860 889 1771">
     <span class='ocr_line' id='line_1_17' title="bbox 197 860 888 893; baseline -0.001 -1"><span class='ocrx_word' id='word_1_98' title='bbox 197 861 381 892; x_wconf 59' lang='lat' dir='ltr'>Manum</span> <span class='ocrx_word' id='word_1_99' title='bbox 374 872 407 892; x_wconf 91' lang='grc' dir='ltr'>ιιι</span> <span class='ocrx_word' id='word_1_100' title='bbox 425 861 531 892; x_wconf 83' lang='lat' dir='ltr'>Bruto</span> <span class='ocrx_word' id='word_1_101' title='bbox 547 872 575 892; x_wconf 89' lang='lat' dir='ltr'>c.</span> <span class='ocrx_word' id='word_1_102' title='bbox 591 865 644 893; x_wconf 77' lang='lat'>33.</span> <span class='ocrx_word' id='word_1_103' title='bbox 661 864 715 892; x_wconf 77' lang='lat'>3.⁴</span> <span class='ocrx_word' id='word_1_104' title='bbox 760 860 798 891; x_wconf 90' lang='lat' dir='ltr'>In</span> <span class='ocrx_word' id='word_1_105' title='bbox 814 861 888 892; x_wconf 81' lang='lat' dir='ltr'>edd.</span> 
     </span>
     <span class='ocr_line' id='line_1_18' title="bbox 153 905 889 947; baseline 0 -12"><span class='ocrx_word' id='word_1_106' title='bbox 153 905 266 947; x_wconf 74' lang='lat' dir='ltr'>vulgg.</span> <span class='ocrx_word' id='word_1_107' title='bbox 288 911 339 936; x_wconf 84' lang='lat' dir='ltr'>est</span> <span class='ocrx_word' id='word_1_108' title='bbox 361 905 518 942; x_wconf 76' lang='lat' dir='ltr'>Manilia,</span> <span class='ocrx_word' id='word_1_109' title='bbox 542 914 615 944; x_wconf 82' lang='lat' dir='ltr'>quae</span> <span class='ocrx_word' id='word_1_110' title='bbox 646 905 782 934; x_wconf 87' lang='lat' dir='ltr'>nomina</span> <span class='ocrx_word' id='word_1_111' title='bbox 811 916 889 935; x_wconf 88' lang='lat' dir='ltr'>con-</span> 
     </span>
     <span class='ocr_line' id='line_1_19' title="bbox 153 948 888 990; baseline 0 -11"><span class='ocrx_word' id='word_1_112' title='bbox 153 949 343 979; x_wconf 84' lang='lat' dir='ltr'>funduntur</span> <span class='ocrx_word' id='word_1_113' title='bbox 356 949 538 990; x_wconf 75' lang='lat' dir='ltr'>saepissiiiie</span> <span class='ocrx_word' id='word_1_114' title='bbox 555 949 588 978; x_wconf 90' lang='lat' dir='ltr'>in</span> <span class='ocrx_word' id='word_1_115' title='bbox 607 948 709 978; x_wconf 80' lang='lat' dir='ltr'>libris.</span> <span class='ocrx_word' id='word_1_116' title='bbox 754 949 813 979; x_wconf 85' lang='lat' dir='ltr'>Est</span> <span class='ocrx_word' id='word_1_117' title='bbox 838 959 888 979; x_wconf 86' lang='lat' dir='ltr'>ro-</span> 
     </span>
     <span class='ocr_line' id='line_1_20' title="bbox 153 991 885 1032; baseline 0.001 -9"><span class='ocrx_word' id='word_1_118' title='bbox 153 993 245 1032; x_wconf 70' lang='lat' dir='ltr'>gatiu</span> <span class='ocrx_word' id='word_1_119' title='bbox 261 1002 313 1030; x_wconf 82' lang='lat' dir='ltr'>ea,</span> <span class='ocrx_word' id='word_1_120' title='bbox 328 991 369 1022; x_wconf 88' lang='lat' dir='ltr'>de</span> <span class='ocrx_word' id='word_1_121' title='bbox 385 1002 451 1032; x_wconf 87' lang='lat' dir='ltr'>qua</span> <span class='ocrx_word' id='word_1_122' title='bbox 466 991 599 1022; x_wconf 82' lang='lat' dir='ltr'>Sallust.</span> <span class='ocrx_word' id='word_1_123' title='bbox 622 991 660 1022; x_wconf 93' lang='lat' dir='ltr'>B.</span> <span class='ocrx_word' id='word_1_124' title='bbox 682 991 760 1031; x_wconf 69' lang='lat' dir='ltr'>«lug.</span> <span class='ocrx_word' id='word_1_125' title='bbox 778 1003 806 1023; x_wconf 93' lang='lat' dir='ltr'>c.</span> <span class='ocrx_word' id='word_1_126' title='bbox 823 996 885 1024; x_wconf 89' lang='lat'>40:</span> 
     </span>
     <span class='ocr_line' id='line_1_21' title="bbox 155 1035 888 1067; baseline 0.001 -1"><span class='ocrx_word' id='word_1_127' title='bbox 155 1036 250 1066; x_wconf 75' lang='lat' dir='ltr'>Inter</span> <span class='ocrx_word' id='word_1_128' title='bbox 270 1046 310 1066; x_wconf 78' lang='lat' dir='ltr'>ea</span> <span class='ocrx_word' id='word_1_129' title='bbox 337 1035 371 1067; x_wconf 90' lang='lat' dir='ltr'>C.</span> <span class='ocrx_word' id='word_1_130' title='bbox 393 1035 568 1066; x_wconf 80' lang='lat' dir='ltr'><em>Mamilius</em></span> <span class='ocrx_word' id='word_1_131' title='bbox 590 1035 785 1065; x_wconf 76' lang='lat' dir='ltr'><strong><em>Limetanus</em></strong></span> <span class='ocrx_word' id='word_1_132' title='bbox 815 1037 888 1067; x_wconf 76' lang='lat' dir='ltr'>tnb.</span> 
     </span>
     <span class='ocr_line' id='line_1_22' title="bbox 147 1079 887 1119; baseline 0.001 -10"><span class='ocrx_word' id='word_1_133' title='bbox 147 1080 199 1119; x_wconf 80' lang='lat' dir='ltr'>pl.</span> <span class='ocrx_word' id='word_1_134' title='bbox 222 1079 422 1118; x_wconf 74' lang='lat' dir='ltr'><em>rogationem</em></span> <span class='ocrx_word' id='word_1_135' title='bbox 443 1079 490 1109; x_wconf 79' lang='lat' dir='ltr'>ad</span> <span class='ocrx_word' id='word_1_136' title='bbox 501 1080 661 1118; x_wconf 77' lang='lat' dir='ltr'>populum</span> <span class='ocrx_word' id='word_1_137' title='bbox 679 1081 887 1119; x_wconf 71' lang='lat' dir='ltr'><em>promulgat,</em></span> 
     </span>
     <span class='ocr_line' id='line_1_23' title="bbox 156 1123 889 1162; baseline 0.001 -9"><span class='ocrx_word' id='word_1_138' title='bbox 156 1123 207 1153; x_wconf 76' lang='lat' dir='ltr'>uei</span> <span class='ocrx_word' id='word_1_139' title='bbox 228 1127 430 1162; x_wconf 71' lang='lat' dir='ltr'>qum-eremr</span> <span class='ocrx_word' id='word_1_140' title='bbox 452 1123 486 1152; x_wconf 79' lang='lat' dir='ltr'>in</span> <span class='ocrx_word' id='word_1_141' title='bbox 509 1133 570 1158; x_wconf 79' lang='lat' dir='ltr'>eos,</span> <span class='ocrx_word' id='word_1_142' title='bbox 594 1132 730 1162; x_wconf 82' lang='lat' dir='ltr'>quorum</span> <span class='ocrx_word' id='word_1_143' title='bbox 761 1126 889 1154; x_wconf 77' lang='lat' dir='ltr'>consilio</span> 
     </span>
     <span class='ocr_line' id='line_1_24' title="bbox 153 1165 886 1205; baseline 0.001 -9"><span class='ocrx_word' id='word_1_144' title='bbox 153 1165 330 1205; x_wconf 78' lang='lat' dir='ltr'>Jugurtlm</span> <span class='ocrx_word' id='word_1_145' title='bbox 362 1165 478 1196; x_wconf 71' lang='lat' dir='ltr'>Senon·</span> <span class='ocrx_word' id='word_1_146' title='bbox 516 1166 644 1196; x_wconf 76' lang='lat' dir='ltr'>decreta</span> <span class='ocrx_word' id='word_1_147' title='bbox 680 1167 886 1205; x_wconf 62' lang='lat' dir='ltr'>neglexisset,</span> 
     </span>
     <span class='ocr_line' id='line_1_25' title="bbox 153 1210 887 1249; baseline 0.003 -10"><span class='ocrx_word' id='word_1_148' title='bbox 153 1211 270 1249; x_wconf 77' lang='lat' dir='ltr'>quique</span> <span class='ocrx_word' id='word_1_149' title='bbox 284 1210 326 1239; x_wconf 77' lang='lat' dir='ltr'>ab</span> <span class='ocrx_word' id='word_1_150' title='bbox 341 1219 375 1240; x_wconf 85' lang='lat' dir='ltr'>eo</span> <span class='ocrx_word' id='word_1_151' title='bbox 390 1211 424 1240; x_wconf 83' lang='lat' dir='ltr'>in</span> <span class='ocrx_word' id='word_1_152' title='bbox 442 1210 654 1248; x_wconf 66' lang='lat' dir='ltr'>tegat-‘onibus</span> <span class='ocrx_word' id='word_1_153' title='bbox 669 1215 729 1240; x_wconf 80' lang='lat' dir='ltr'>aut</span> <span class='ocrx_word' id='word_1_154' title='bbox 745 1212 887 1249; x_wconf 76' lang='lat' dir='ltr'>imperiis</span> 
     </span>
     <span class='ocr_line' id='line_1_26' title="bbox 146 1254 886 1294; baseline 0.001 -11"><span class='ocrx_word' id='word_1_155' title='bbox 146 1254 306 1293; x_wconf 76' lang='lat' dir='ltr'>pecunias</span> <span class='ocrx_word' id='word_1_156' title='bbox 319 1254 529 1292; x_wconf 57' lang='lat' dir='ltr'>accepisse-nn</span> <span class='ocrx_word' id='word_1_157' title='bbox 553 1254 608 1293; x_wconf 81' lang='lat' dir='ltr'>qui</span> <span class='ocrx_word' id='word_1_158' title='bbox 623 1254 819 1292; x_wconf 74' lang='lat' dir='ltr'><em>elephantos,</em></span> <span class='ocrx_word' id='word_1_159' title='bbox 831 1256 886 1294; x_wconf 75' lang='lat' dir='ltr'>qm⁴</span> 
     </span>
     <span class='ocr_line' id='line_1_27' title="bbox 146 1295 887 1336; baseline 0.003 -10"><span class='ocrx_word' id='word_1_160' title='bbox 146 1295 312 1336; x_wconf 67' lang='lat' dir='ltr'>perjiaegas</span> <span class='ocrx_word' id='word_1_161' title='bbox 334 1297 556 1333; x_wconf 54' lang='lat' dir='ltr'>tradidissent,</span> <span class='ocrx_word' id='word_1_162' title='bbox 573 1298 648 1326; x_wconf 74' lang='lat' dir='ltr'>item</span> <span class='ocrx_word' id='word_1_163' title='bbox 671 1298 726 1336; x_wconf 77' lang='lat' dir='ltr'>qui</span> <span class='ocrx_word' id='word_1_164' title='bbox 748 1297 787 1327; x_wconf 86' lang='lat' dir='ltr'>de</span> <span class='ocrx_word' id='word_1_165' title='bbox 803 1308 887 1336; x_wconf 81' lang='lat' dir='ltr'>pace</span> 
     </span>
     <span class='ocr_line' id='line_1_28' title="bbox 152 1339 884 1380; baseline 0.001 -10"><span class='ocrx_word' id='word_1_166' title='bbox 152 1345 212 1370; x_wconf 82' lang='lat' dir='ltr'>aut</span> <span class='ocrx_word' id='word_1_167' title='bbox 224 1340 303 1370; x_wconf 76' lang='lat' dir='ltr'>bello</span> <span class='ocrx_word' id='word_1_168' title='bbox 313 1350 385 1370; x_wconf 82' lang='lat' dir='ltr'>cum</span> <span class='ocrx_word' id='word_1_169' title='bbox 398 1341 537 1369; x_wconf 75' lang='lat' dir='ltr'>hostibus</span> <span class='ocrx_word' id='word_1_170' title='bbox 547 1341 712 1379; x_wconf 75' lang='lat' dir='ltr'>pactiones</span> <span class='ocrx_word' id='word_1_171' title='bbox 716 1339 884 1380; x_wconf 52' lang='lat' dir='ltr'>fecissent</span> 
     </span>
     <span class='ocr_line' id='line_1_29' title="bbox 153 1382 886 1423; baseline 0.003 -10"><span class='ocrx_word' id='word_1_172' title='bbox 153 1382 203 1413; x_wconf 85' lang='lat' dir='ltr'>lbi</span> <span class='ocrx_word' id='word_1_173' title='bbox 234 1383 353 1423; x_wconf 84' lang='lat' dir='ltr'>optimi</span> <span class='ocrx_word' id='word_1_174' title='bbox 384 1383 486 1413; x_wconf 82' lang='lat' dir='ltr'>Codd.</span> <span class='ocrx_word' id='word_1_175' title='bbox 517 1389 552 1412; x_wconf 80' lang='lat' dir='ltr'>et</span> <span class='ocrx_word' id='word_1_176' title='bbox 584 1383 730 1423; x_wconf 80' lang='lat' dir='ltr'>plerique</span> <span class='ocrx_word' id='word_1_177' title='bbox 762 1384 886 1416; x_wconf 78' lang='lat' dir='ltr'>liabent</span> 
     </span>
     <span class='ocr_line' id='line_1_30' title="bbox 152 1426 885 1459; baseline 0.001 -2"><span class='ocrx_word' id='word_1_178' title='bbox 152 1426 346 1459; x_wconf 64' lang='lat' dir='ltr'>Manutius,-</span> <span class='ocrx_word' id='word_1_179' title='bbox 371 1427 428 1457; x_wconf 86' lang='lat' dir='ltr'>sed</span> <span class='ocrx_word' id='word_1_180' title='bbox 449 1426 600 1456; x_wconf 79' lang='lat' dir='ltr'>nonnulli</span> <span class='ocrx_word' id='word_1_181' title='bbox 622 1433 738 1456; x_wconf 84' lang='lat' dir='ltr'>tamen</span> <span class='ocrx_word' id='word_1_182' title='bbox 759 1427 885 1458; x_wconf 78' lang='lat' dir='ltr'>Manil-</span> 
     </span>
     <span class='ocr_line' id='line_1_31' title="bbox 152 1469 884 1510; baseline 0.001 -10"><span class='ocrx_word' id='word_1_183' title='bbox 152 1472 217 1500; x_wconf 79' lang='lat' dir='ltr'>lius</span> <span class='ocrx_word' id='word_1_184' title='bbox 232 1477 267 1501; x_wconf 82' lang='lat' dir='ltr'>et</span> <span class='ocrx_word' id='word_1_185' title='bbox 281 1470 430 1501; x_wconf 71' lang='lat' dir='ltr'>Allallae&#39;us.</span> <span class='ocrx_word' id='word_1_186' title='bbox 476 1469 562 1500; x_wconf 85' lang='lat' dir='ltr'>Item</span> <span class='ocrx_word' id='word_1_187' title='bbox 578 1469 666 1510; x_wconf 85' lang='lat' dir='ltr'>apud</span> <span class='ocrx_word' id='word_1_188' title='bbox 682 1469 825 1501; x_wconf 84' lang='lat' dir='ltr'>Gellium</span> <span class='ocrx_word' id='word_1_189' title='bbox 842 1473 884 1502; x_wconf 80' lang='lat' dir='ltr'>vi.</span> 
     </span>
     <span class='ocr_line' id='line_1_32' title="bbox 157 1513 887 1554; baseline 0.003 -10"><span class='ocrx_word' id='word_1_190' title='bbox 157 1516 207 1544; x_wconf 84' lang='grc'>11.</span> <span class='ocrx_word' id='word_1_191' title='bbox 250 1513 423 1544; x_wconf 72' lang='grc' dir='ltr'>Λ1αηιὶίὶπιε</span> <span class='ocrx_word' id='word_1_192' title='bbox 444 1513 593 1543; x_wconf 79' lang='lat' dir='ltr'><strong>defendit</strong></span> <span class='ocrx_word' id='word_1_193' title='bbox 623 1514 725 1543; x_wconf 84' lang='lat' dir='ltr'>etiam</span> <span class='ocrx_word' id='word_1_194' title='bbox 753 1513 887 1554; x_wconf 85' lang='lat' dir='ltr'>Pighius</span> 
     </span>
     <span class='ocr_line' id='line_1_33' title="bbox 154 1556 887 1598; baseline 0.003 -11"><span class='ocrx_word' id='word_1_195' title='bbox 154 1556 274 1587; x_wconf 69' lang='lat' dir='ltr'>Annas.</span> <span class='ocrx_word' id='word_1_196' title='bbox 289 1556 329 1587; x_wconf 86' lang='lat' dir='ltr'>T.</span> <span class='ocrx_word' id='word_1_197' title='bbox 346 1557 392 1587; x_wconf 88' lang='lat' dir='ltr'>iii.</span> <span class='ocrx_word' id='word_1_198' title='bbox 409 1567 441 1597; x_wconf 86' lang='lat' dir='ltr'>p.</span> <span class='ocrx_word' id='word_1_199' title='bbox 461 1559 531 1588; x_wconf 69' lang='lat'>123.</span> <span class='ocrx_word' id='word_1_200' title='bbox 554 1556 620 1587; x_wconf 78' lang='lat' dir='ltr'>vid.</span> <span class='ocrx_word' id='word_1_201' title='bbox 635 1556 722 1596; x_wconf 91' lang='lat' dir='ltr'>plur.</span> <span class='ocrx_word' id='word_1_202' title='bbox 739 1567 790 1598; x_wconf 88' lang='lat' dir='ltr'>ap.</span> <span class='ocrx_word' id='word_1_203' title='bbox 807 1558 887 1589; x_wconf 91' lang='lat' dir='ltr'>Cor-</span> 
     </span>
     <span class='ocr_line' id='line_1_34' title="bbox 151 1599 888 1633; baseline 0.004 -3"><span class='ocrx_word' id='word_1_204' title='bbox 151 1601 241 1631; x_wconf 85' lang='lat' dir='ltr'>tium</span> <span class='ocrx_word' id='word_1_205' title='bbox 256 1601 300 1630; x_wconf 75' lang='lat' dir='ltr'>ad</span> <span class='ocrx_word' id='word_1_206' title='bbox 313 1600 447 1630; x_wconf 81' lang='lat' dir='ltr'>Sallust.</span> <span class='ocrx_word' id='word_1_207' title='bbox 464 1599 484 1630; x_wconf 95' lang='lat' dir='ltr'>l.</span> <span class='ocrx_word' id='word_1_208' title='bbox 503 1611 530 1630; x_wconf 78' lang='lat' dir='ltr'>c.</span> <span class='ocrx_word' id='word_1_209' title='bbox 562 1600 612 1631; x_wconf 90' lang='lat' dir='ltr'>De</span> <span class='ocrx_word' id='word_1_210' title='bbox 626 1601 799 1631; x_wconf 88' lang='lat' dir='ltr'>nominum</span> <span class='ocrx_word' id='word_1_211' title='bbox 817 1602 888 1633; x_wconf 86' lang='lat' dir='ltr'>illo·</span> 
     </span>
     <span class='ocr_line' id='line_1_35' title="bbox 153 1643 885 1676; baseline 0.003 -2"><span class='ocrx_word' id='word_1_212' title='bbox 153 1654 229 1674; x_wconf 88' lang='lat' dir='ltr'>rum</span> <span class='ocrx_word' id='word_1_213' title='bbox 253 1644 445 1674; x_wconf 80' lang='lat' dir='ltr'>confusione</span> <span class='ocrx_word' id='word_1_214' title='bbox 461 1644 525 1674; x_wconf 86' lang='lat' dir='ltr'>vid.</span> <span class='ocrx_word' id='word_1_215' title='bbox 541 1652 576 1673; x_wconf 84' lang='lat' dir='ltr'>et</span> <span class='ocrx_word' id='word_1_216' title='bbox 599 1643 732 1674; x_wconf 82' lang='lat' dir='ltr'>Gruter.</span> <span class='ocrx_word' id='word_1_217' title='bbox 752 1645 794 1675; x_wconf 80' lang='lat' dir='ltr'>ad</span> <span class='ocrx_word' id='word_1_218' title='bbox 817 1645 885 1676; x_wconf 83' lang='lat' dir='ltr'>Cic.</span> 
     </span>
     <span class='ocr_line' id='line_1_36' title="bbox 152 1686 885 1728; baseline 0.004 -11"><span class='ocrx_word' id='word_1_219' title='bbox 152 1686 194 1717; x_wconf 90' lang='lat' dir='ltr'>de</span> <span class='ocrx_word' id='word_1_220' title='bbox 225 1686 282 1718; x_wconf 91' lang='lat' dir='ltr'>Or.</span> <span class='ocrx_word' id='word_1_221' title='bbox 313 1688 333 1718; x_wconf 93' lang='lat' dir='ltr'>i.</span> <span class='ocrx_word' id='word_1_222' title='bbox 358 1691 410 1719; x_wconf 72' lang='lat'>53.</span> <span class='ocrx_word' id='word_1_223' title='bbox 455 1686 603 1728; x_wconf 88' lang='lat' dir='ltr'>Interpp.</span> <span class='ocrx_word' id='word_1_224' title='bbox 626 1687 669 1717; x_wconf 86' lang='lat' dir='ltr'>ad</span> <span class='ocrx_word' id='word_1_225' title='bbox 690 1687 763 1719; x_wconf 84' lang='lat' dir='ltr'>Liv.</span> <span class='ocrx_word' id='word_1_226' title='bbox 786 1691 885 1720; x_wconf 83' lang='lat' dir='ltr'>xxvii.</span> 
     </span>
     <span class='ocr_line' id='line_1_37' title="bbox 152 1730 734 1771; baseline 0 -9"><span class='ocrx_word' id='word_1_227' title='bbox 152 1734 207 1763; x_wconf 82' lang='lat'>35.</span> <span class='ocrx_word' id='word_1_228' title='bbox 224 1738 258 1761; x_wconf 85' lang='lat' dir='ltr'>et</span> <span class='ocrx_word' id='word_1_229' title='bbox 275 1741 351 1762; x_wconf 77' lang='lat' dir='ltr'>mox</span> <span class='ocrx_word' id='word_1_230' title='bbox 368 1732 402 1761; x_wconf 89' lang='lat' dir='ltr'>iu</span> <span class='ocrx_word' id='word_1_231' title='bbox 419 1730 616 1761; x_wconf 52' lang='lat' dir='ltr'>Manilianas</span> <span class='ocrx_word' id='word_1_232' title='bbox 632 1730 734 1771; x_wconf 71' lang='lat' dir='ltr'>Legg.</span> 
     </span>
    </p>

    <p class='ocr_par' dir='ltr' id='par_1_5' title="bbox 152 1773 886 1902">
     <span class='ocr_line' id='line_1_38' title="bbox 196 1773 886 1815; baseline 0 -9"><span class='ocrx_word' id='word_1_233' title='bbox 196 1774 363 1812; x_wconf 68' lang='lat' dir='ltr'>MAquA,</span> <span class='ocrx_word' id='word_1_234' title='bbox 380 1785 400 1804; x_wconf 86' lang='lat' dir='ltr'>a</span> <span class='ocrx_word' id='word_1_235' title='bbox 420 1773 511 1804; x_wconf 78' lang='lat' dir='ltr'>Trib.</span> <span class='ocrx_word' id='word_1_236' title='bbox 534 1774 580 1815; x_wconf 85' lang='lat' dir='ltr'>pl.</span> <span class='ocrx_word' id='word_1_237' title='bbox 603 1773 640 1804; x_wconf 93' lang='lat' dir='ltr'>C.</span> <span class='ocrx_word' id='word_1_238' title='bbox 657 1774 797 1805; x_wconf 85' lang='lat' dir='ltr'>Manilio</span> <span class='ocrx_word' id='word_1_239' title='bbox 816 1775 886 1806; x_wconf 82' lang='lat' dir='ltr'>lata</span> 
     </span>
     <span class='ocr_line' id='line_1_39' title="bbox 152 1817 885 1859; baseline 0.003 -11"><span class='ocrx_word' id='word_1_240' title='bbox 152 1822 190 1848; x_wconf 87' lang='lat' dir='ltr'>et</span> <span class='ocrx_word' id='word_1_241' title='bbox 219 1827 240 1848; x_wconf 86' lang='lat' dir='ltr'>a</span> <span class='ocrx_word' id='word_1_242' title='bbox 269 1817 413 1848; x_wconf 85' lang='lat' dir='ltr'>Praetore</span> <span class='ocrx_word' id='word_1_243' title='bbox 452 1818 610 1848; x_wconf 79' lang='lat' dir='ltr'>Cicerone</span> <span class='ocrx_word' id='word_1_244' title='bbox 642 1817 788 1857; x_wconf 83' lang='lat' dir='ltr'>defensa,</span> <span class='ocrx_word' id='word_1_245' title='bbox 820 1830 885 1859; x_wconf 90' lang='lat' dir='ltr'>qua</span> 
     </span>
     <span class='ocr_line' id='line_1_40' title="bbox 154 1861 886 1902; baseline 0 -9"><span class='ocrx_word' id='word_1_246' title='bbox 154 1862 309 1901; x_wconf 77' lang='lat' dir='ltr'>Pompeio</span> <span class='ocrx_word' id='word_1_247' title='bbox 324 1861 513 1892; x_wconf 75' lang='lat' dir='ltr'>Mithridat.</span> <span class='ocrx_word' id='word_1_248' title='bbox 532 1862 606 1892; x_wconf 79' lang='lat' dir='ltr'>belli</span> <span class='ocrx_word' id='word_1_249' title='bbox 621 1863 765 1902; x_wconf 79' lang='lat' dir='ltr'>reliquioe</span> <span class='ocrx_word' id='word_1_250' title='bbox 774 1872 886 1902; x_wconf 80' lang='lat' dir='ltr'>perse-</span> 
     </span>
    </p>

    <p class='ocr_par' dir='ltr' id='par_1_6' title="bbox 153 1905 886 2033">
     <span class='ocr_line' id='line_1_41' title="bbox 261 1905 886 1946; baseline 0.003 -11"><span class='ocrx_word' id='word_1_251' title='bbox 261 1915 286 1936; x_wconf 86' lang='lat' dir='ltr'><em>ae</em></span> <span class='ocrx_word' id='word_1_252' title='bbox 302 1905 432 1936; x_wconf 66' lang='lat' dir='ltr'>tradite</span> <span class='ocrx_word' id='word_1_253' title='bbox 447 1909 537 1935; x_wconf 85' lang='lat' dir='ltr'>sunt.</span> <span class='ocrx_word' id='word_1_254' title='bbox 553 1905 619 1935; x_wconf 87' lang='lat' dir='ltr'>vid.</span> <span class='ocrx_word' id='word_1_255' title='bbox 630 1905 707 1945; x_wconf 82' lang='lat' dir='ltr'>Arg.</span> <span class='ocrx_word' id='word_1_256' title='bbox 717 1906 810 1936; x_wconf 83' lang='lat' dir='ltr'>Orat.</span> <span class='ocrx_word' id='word_1_257' title='bbox 826 1917 886 1946; x_wconf 88' lang='lat' dir='ltr'>pro</span> 
     </span>
     <span class='ocr_line' id='line_1_42' title="bbox 153 1948 886 1989; baseline 0 -9"><span class='ocrx_word' id='word_1_258' title='bbox 153 1949 243 1989; x_wconf 78' lang='lat' dir='ltr'>Lege</span> <span class='ocrx_word' id='word_1_259' title='bbox 259 1948 375 1979; x_wconf 88' lang='lat' dir='ltr'>Manil.</span> <span class='ocrx_word' id='word_1_260' title='bbox 391 1948 486 1979; x_wconf 85' lang='lat' dir='ltr'>Orat.</span> <span class='ocrx_word' id='word_1_261' title='bbox 502 1959 531 1980; x_wconf 93' lang='lat' dir='ltr'>c.</span> <span class='ocrx_word' id='word_1_262' title='bbox 543 1950 595 1983; x_wconf 74' lang='lat'>⁶29.</span> <span class='ocrx_word' id='word_1_263' title='bbox 641 1948 839 1980; x_wconf 80' lang='lat' dir='ltr'>Plutarchus</span> <span class='ocrx_word' id='word_1_264' title='bbox 850 1951 886 1981; x_wconf 90' lang='lat' dir='ltr'>in</span> 
     </span>
     <span class='ocr_line' id='line_1_43' title="bbox 154 1991 695 2033; baseline 0 -11"><span class='ocrx_word' id='word_1_265' title='bbox 154 1991 324 2033; x_wconf 83' lang='lat' dir='ltr'>Pompeio.</span> <span class='ocrx_word' id='word_1_266' title='bbox 340 2002 372 2032; x_wconf 90' lang='lat' dir='ltr'>p.</span> <span class='ocrx_word' id='word_1_267' title='bbox 388 1994 462 2023; x_wconf 81' lang='lat'>643.</span> <span class='ocrx_word' id='word_1_268' title='bbox 479 1992 530 2022; x_wconf 86' lang='lat' dir='ltr'>ed.</span> <span class='ocrx_word' id='word_1_269' title='bbox 549 1991 695 2022; x_wconf 80' lang='lat' dir='ltr'>Wechel.</span> 
     </span>
    </p>

    <p class='ocr_par' dir='ltr' id='par_1_7' title="bbox 152 2033 890 2641">
     <span class='ocr_line' id='line_1_44' title="bbox 197 2033 886 2075; baseline 0.001 -9"><span class='ocrx_word' id='word_1_270' title='bbox 197 2035 351 2066; x_wconf 69' lang='lat' dir='ltr'>MAMLM</span> <span class='ocrx_word' id='word_1_271' title='bbox 374 2035 414 2066; x_wconf 88' lang='lat' dir='ltr'>de</span> <span class='ocrx_word' id='word_1_272' title='bbox 435 2033 675 2075; x_wconf 59' lang='lat' dir='ltr'>sqffiagiorum</span> <span class='ocrx_word' id='word_1_273' title='bbox 690 2034 886 2075; x_wconf 70' lang='lat' dir='ltr'>corficsz&#39;one,</span> 
     </span>
     <span class='ocr_line' id='line_1_45' title="bbox 152 2076 887 2120; baseline 0.001 -10"><span class='ocrx_word' id='word_1_274' title='bbox 152 2089 214 2120; x_wconf 85' lang='lat' dir='ltr'>pro</span> <span class='ocrx_word' id='word_1_275' title='bbox 229 2076 318 2110; x_wconf 81' lang='lat' dir='ltr'>Mu&#39;r.</span> <span class='ocrx_word' id='word_1_276' title='bbox 335 2089 364 2110; x_wconf 87' lang='lat' dir='ltr'>c.</span> <span class='ocrx_word' id='word_1_277' title='bbox 379 2081 431 2110; x_wconf 71' lang='lat'>533.</span> <span class='ocrx_word' id='word_1_278' title='bbox 448 2088 469 2108; x_wconf 90' lang='lat' dir='ltr'>a</span> <span class='ocrx_word' id='word_1_279' title='bbox 488 2079 521 2110; x_wconf 88' lang='lat' dir='ltr'>C.</span> <span class='ocrx_word' id='word_1_280' title='bbox 537 2079 678 2109; x_wconf 70' lang='lat' dir='ltr'>Alunilc&#39;o</span> <span class='ocrx_word' id='word_1_281' title='bbox 693 2080 770 2110; x_wconf 90' lang='lat' dir='ltr'>trib.</span> <span class='ocrx_word' id='word_1_282' title='bbox 786 2080 831 2120; x_wconf 93' lang='lat' dir='ltr'>pl.</span> <span class='ocrx_word' id='word_1_283' title='bbox 847 2081 887 2111; x_wconf 81' lang='lat' dir='ltr'>A.</span> 
     </span>
     <span class='ocr_line' id='line_1_46' title="bbox 155 2121 886 2161; baseline 0 -7"><span class='ocrx_word' id='word_1_284' title='bbox 155 2122 198 2154; x_wconf 91' lang='lat' dir='ltr'>U.</span> <span class='ocrx_word' id='word_1_285' title='bbox 228 2130 406 2154; x_wconf 83' lang='lat' dir='ltr'>ncxxcvn.</span> <span class='ocrx_word' id='word_1_286' title='bbox 438 2121 517 2153; x_wconf 90' lang='lat' dir='ltr'>lata.</span> <span class='ocrx_word' id='word_1_287' title='bbox 562 2121 644 2152; x_wconf 79' lang='lat' dir='ltr'>Haec</span> <span class='ocrx_word' id='word_1_288' title='bbox 675 2129 726 2153; x_wconf 88' lang='lat' dir='ltr'>est</span> <span class='ocrx_word' id='word_1_289' title='bbox 757 2124 886 2161; x_wconf 85' lang='lat' dir='ltr'>eadem,</span> 
     </span>
     <span class='ocr_line' id='line_1_47' title="bbox 153 2165 888 2206; baseline 0 -9"><span class='ocrx_word' id='word_1_290' title='bbox 153 2175 229 2206; x_wconf 79' lang='lat' dir='ltr'>quae</span> <span class='ocrx_word' id='word_1_291' title='bbox 250 2166 285 2196; x_wconf 90' lang='lat' dir='ltr'>in</span> <span class='ocrx_word' id='word_1_292' title='bbox 308 2165 507 2196; x_wconf 89' lang='lat' dir='ltr'>Corneliana</span> <span class='ocrx_word' id='word_1_293' title='bbox 528 2165 651 2196; x_wconf 82' lang='lat' dir='ltr'>dicitur</span> <span class='ocrx_word' id='word_1_294' title='bbox 666 2166 705 2196; x_wconf 85' lang='lat' dir='ltr'>de</span> <span class='ocrx_word' id='word_1_295' title='bbox 727 2167 888 2198; x_wconf 80' lang='lat' dir='ltr'>libertino-</span> 
     </span>
     <span class='ocr_line' id='line_1_48' title="bbox 153 2206 887 2250; baseline 0 -9"><span class='ocrx_word' id='word_1_296' title='bbox 153 2219 231 2243; x_wconf 77' lang='lat' dir='ltr'>rum</span> <span class='ocrx_word' id='word_1_297' title='bbox 259 2206 444 2250; x_wconf 52' lang='lat' dir='ltr'>suffragiis.</span> <span class='ocrx_word' id='word_1_298' title='bbox 489 2209 538 2240; x_wconf 86' lang='lat' dir='ltr'>Ea</span> <span class='ocrx_word' id='word_1_299' title='bbox 568 2209 657 2239; x_wconf 89' lang='lat' dir='ltr'>enim</span> <span class='ocrx_word' id='word_1_300' title='bbox 682 2209 766 2250; x_wconf 83' lang='lat' dir='ltr'>lege,</span> <span class='ocrx_word' id='word_1_301' title='bbox 794 2212 887 2249; x_wconf 89' lang='lat' dir='ltr'>cujus</span> 
     </span>
     <span class='ocr_line' id='line_1_49' title="bbox 153 2250 889 2285; baseline 0.001 -1"><span class='ocrx_word' id='word_1_302' title='bbox 153 2250 185 2284; x_wconf 78' lang='lat' dir='ltr'>ei</span> <span class='ocrx_word' id='word_1_303' title='bbox 207 2257 378 2284; x_wconf 73' lang='lat' dir='ltr'>auctorem</span> <span class='ocrx_word' id='word_1_304' title='bbox 405 2252 597 2283; x_wconf 87' lang='lat' dir='ltr'>Cornelium</span> <span class='ocrx_word' id='word_1_305' title='bbox 627 2252 728 2283; x_wconf 79' lang='lat' dir='ltr'>fuisse</span> <span class='ocrx_word' id='word_1_306' title='bbox 759 2253 889 2285; x_wconf 82' lang='lat' dir='ltr'>dicebat</span> 
     </span>
     <span class='ocr_line' id='line_1_50' title="bbox 154 2295 888 2334; baseline 0 -6"><span class='ocrx_word' id='word_1_307' title='bbox 154 2302 340 2334; x_wconf 71' lang='lat' dir='ltr'>accusator,</span> <span class='ocrx_word' id='word_1_308' title='bbox 355 2297 522 2327; x_wconf 77' lang='lat' dir='ltr'>sancitum</span> <span class='ocrx_word' id='word_1_309' title='bbox 539 2304 603 2333; x_wconf 84' lang='lat' dir='ltr'>est,</span> <span class='ocrx_word' id='word_1_310' title='bbox 619 2303 659 2326; x_wconf 92' lang='lat' dir='ltr'>ut</span> <span class='ocrx_word' id='word_1_311' title='bbox 674 2295 838 2327; x_wconf 88' lang='lat' dir='ltr'>libertinis</span> <span class='ocrx_word' id='word_1_312' title='bbox 854 2298 888 2328; x_wconf 88' lang='lat' dir='ltr'>in</span> 
     </span>
     <span class='ocr_line' id='line_1_51' title="bbox 155 2340 890 2379; baseline 0 -8"><span class='ocrx_word' id='word_1_313' title='bbox 155 2340 310 2371; x_wconf 83' lang='lat' dir='ltr'>omnibus</span> <span class='ocrx_word' id='word_1_314' title='bbox 332 2340 484 2371; x_wconf 82' lang='lat' dir='ltr'>tribubus</span> <span class='ocrx_word' id='word_1_315' title='bbox 507 2340 703 2379; x_wconf 74' lang='lat' dir='ltr'>suffrag-ium</span> <span class='ocrx_word' id='word_1_316' title='bbox 726 2348 826 2378; x_wconf 85' lang='lat' dir='ltr'>esset,</span> <span class='ocrx_word' id='word_1_317' title='bbox 850 2346 890 2371; x_wconf 87' lang='lat' dir='ltr'>ut</span> 
     </span>
     <span class='ocr_line' id='line_1_52' title="bbox 155 2383 887 2423; baseline 0 -9"><span class='ocrx_word' id='word_1_318' title='bbox 155 2383 317 2414; x_wconf 79' lang='lat' dir='ltr'>Asconius</span> <span class='ocrx_word' id='word_1_319' title='bbox 333 2384 368 2414; x_wconf 90' lang='lat' dir='ltr'>in</span> <span class='ocrx_word' id='word_1_320' title='bbox 383 2383 602 2414; x_wconf 87' lang='lat' dir='ltr'>Milonianam</span> <span class='ocrx_word' id='word_1_321' title='bbox 619 2383 776 2423; x_wconf 86' lang='lat' dir='ltr'>prodidit.</span> <span class='ocrx_word' id='word_1_322' title='bbox 819 2384 887 2414; x_wconf 90' lang='lat' dir='ltr'>An-</span> 
     </span>
     <span class='ocr_line' id='line_1_53' title="bbox 153 2426 887 2458; baseline 0.001 -1"><span class='ocrx_word' id='word_1_323' title='bbox 153 2433 189 2458; x_wconf 80' lang='lat' dir='ltr'>te</span> <span class='ocrx_word' id='word_1_324' title='bbox 220 2427 310 2458; x_wconf 83' lang='lat' dir='ltr'>enim</span> <span class='ocrx_word' id='word_1_325' title='bbox 342 2426 490 2458; x_wconf 85' lang='lat' dir='ltr'>libertini</span> <span class='ocrx_word' id='word_1_326' title='bbox 524 2436 639 2456; x_wconf 86' lang='lat' dir='ltr'>omnes</span> <span class='ocrx_word' id='word_1_327' title='bbox 670 2427 703 2456; x_wconf 90' lang='lat' dir='ltr'>in</span> <span class='ocrx_word' id='word_1_328' title='bbox 734 2428 887 2458; x_wconf 87' lang='lat' dir='ltr'>tribubus</span> 
     </span>
     <span class='ocr_line' id='line_1_54' title="bbox 155 2471 887 2511; baseline -0.001 -9"><span class='ocrx_word' id='word_1_329' title='bbox 155 2475 316 2511; x_wconf 85' lang='lat' dir='ltr'>quattuor</span> <span class='ocrx_word' id='word_1_330' title='bbox 337 2471 472 2502; x_wconf 89' lang='lat' dir='ltr'>urbanis</span> <span class='ocrx_word' id='word_1_331' title='bbox 493 2471 651 2509; x_wconf 80' lang='lat' dir='ltr'>suffragia</span> <span class='ocrx_word' id='word_1_332' title='bbox 672 2471 835 2509; x_wconf 84' lang='lat' dir='ltr'>ferebant,</span> <span class='ocrx_word' id='word_1_333' title='bbox 853 2472 887 2501; x_wconf 90' lang='lat' dir='ltr'>in</span> 
     </span>
     <span class='ocr_line' id='line_1_55' title="bbox 155 2513 889 2554; baseline 0 -9"><span class='ocrx_word' id='word_1_334' title='bbox 155 2523 236 2554; x_wconf 81' lang='lat' dir='ltr'>quas</span> <span class='ocrx_word' id='word_1_335' title='bbox 252 2524 329 2545; x_wconf 85' lang='lat' dir='ltr'>cum</span> <span class='ocrx_word' id='word_1_336' title='bbox 346 2514 474 2554; x_wconf 87' lang='lat' dir='ltr'>reliqua</span> <span class='ocrx_word' id='word_1_337' title='bbox 490 2514 561 2544; x_wconf 82' lang='lat' dir='ltr'>fece</span> <span class='ocrx_word' id='word_1_338' title='bbox 584 2513 727 2551; x_wconf 83' lang='lat' dir='ltr'>conjecti</span> <span class='ocrx_word' id='word_1_339' title='bbox 751 2520 845 2545; x_wconf 85' lang='lat' dir='ltr'>erant</span> <span class='ocrx_word' id='word_1_340' title='bbox 869 2525 889 2545; x_wconf 90' lang='lat' dir='ltr'>a</span> 
     </span>
     <span class='ocr_line' id='line_1_56' title="bbox 155 2557 888 2597; baseline 0 -9"><span class='ocrx_word' id='word_1_341' title='bbox 155 2557 299 2588; x_wconf 78' lang='lat' dir='ltr'>censore</span> <span class='ocrx_word' id='word_1_342' title='bbox 315 2557 426 2596; x_wconf 85' lang='lat' dir='ltr'>Fabio,</span> <span class='ocrx_word' id='word_1_343' title='bbox 443 2557 499 2597; x_wconf 92' lang='lat' dir='ltr'>qui</span> <span class='ocrx_word' id='word_1_344' title='bbox 515 2557 578 2588; x_wconf 88' lang='lat' dir='ltr'>hoc</span> <span class='ocrx_word' id='word_1_345' title='bbox 593 2557 716 2588; x_wconf 85' lang='lat' dir='ltr'>salubri</span> <span class='ocrx_word' id='word_1_346' title='bbox 731 2557 888 2589; x_wconf 90' lang='lat' dir='ltr'>instituto</span> 
     </span>
     <span class='ocr_line' id='line_1_57' title="bbox 155 2600 647 2641; baseline -0.004 -9"><span class='ocrx_word' id='word_1_347' title='bbox 155 2600 296 2632; x_wconf 84' lang='lat' dir='ltr'>Maximi</span> <span class='ocrx_word' id='word_1_348' title='bbox 311 2610 496 2641; x_wconf 82' lang='lat' dir='ltr'>cognomen</span> <span class='ocrx_word' id='word_1_349' title='bbox 513 2601 647 2631; x_wconf 85' lang='lat' dir='ltr'>meruit.</span> 
     </span>
    </p>

    <p class='ocr_par' dir='ltr' id='par_1_8' title="bbox 152 2641 892 2989">
     <span class='ocr_line' id='line_1_58' title="bbox 197 2641 888 2694; baseline -0.001 -19"><span class='ocrx_word' id='word_1_350' title='bbox 197 2641 404 2675; x_wconf 68' lang='lat' dir='ltr'>MANJMANAE</span> <span class='ocrx_word' id='word_1_351' title='bbox 419 2643 532 2694; x_wconf 82' lang='lat' dir='ltr'>Leges</span> <span class='ocrx_word' id='word_1_352' title='bbox 561 2645 728 2674; x_wconf 75' lang='lat' dir='ltr'>venalium</span> <span class='ocrx_word' id='word_1_353' title='bbox 749 2645 888 2674; x_wconf 75' lang='lat' dir='ltr'>venden-</span> 
     </span>
     <span class='ocr_line' id='line_1_59' title="bbox 153 2681 890 2725; baseline -0.001 -7"><span class='ocrx_word' id='word_1_354' title='bbox 153 2681 284 2725; x_wconf 60' lang='lat' dir='ltr'>dorum,</span> <span class='ocrx_word' id='word_1_355' title='bbox 308 2688 342 2718; x_wconf 87' lang='lat' dir='ltr'>in</span> <span class='ocrx_word' id='word_1_356' title='bbox 372 2687 395 2719; x_wconf 92' lang='lat' dir='ltr'>l.</span> <span class='ocrx_word' id='word_1_357' title='bbox 418 2688 439 2718; x_wconf 92' lang='lat' dir='ltr'>i.</span> <span class='ocrx_word' id='word_1_358' title='bbox 463 2688 503 2717; x_wconf 84' lang='lat' dir='ltr'>de</span> <span class='ocrx_word' id='word_1_359' title='bbox 532 2688 626 2718; x_wconf 84' lang='lat' dir='ltr'>Orat.</span> <span class='ocrx_word' id='word_1_360' title='bbox 651 2698 678 2718; x_wconf 84' lang='lat' dir='ltr'>e.</span> <span class='ocrx_word' id='word_1_361' title='bbox 711 2690 762 2719; x_wconf 76' lang='lat'>58.</span> <span class='ocrx_word' id='word_1_362' title='bbox 793 2694 890 2718; x_wconf 82' lang='lat' dir='ltr'>erant</span> 
     </span>
     <span class='ocr_line' id='line_1_60' title="bbox 153 2731 889 2771; baseline -0.001 -9"><span class='ocrx_word' id='word_1_363' title='bbox 153 2731 319 2769; x_wconf 76' lang='lat' dir='ltr'>formulae,</span> <span class='ocrx_word' id='word_1_364' title='bbox 343 2731 461 2771; x_wconf 84' lang='lat' dir='ltr'>quibus</span> <span class='ocrx_word' id='word_1_365' title='bbox 485 2732 535 2761; x_wconf 88' lang='lat' dir='ltr'>uti</span> <span class='ocrx_word' id='word_1_366' title='bbox 563 2737 698 2771; x_wconf 81' lang='lat' dir='ltr'>possent</span> <span class='ocrx_word' id='word_1_367' title='bbox 727 2732 762 2761; x_wconf 92' lang='lat' dir='ltr'>in</span> <span class='ocrx_word' id='word_1_368' title='bbox 793 2732 889 2761; x_wconf 73' lang='lat' dir='ltr'>rebus</span> 
     </span>
     <span class='ocr_line' id='line_1_61' title="bbox 153 2773 889 2814; baseline 0 -10"><span class='ocrx_word' id='word_1_369' title='bbox 153 2773 335 2806; x_wconf 74' lang='lat' dir='ltr'>vendendis</span> <span class='ocrx_word' id='word_1_370' title='bbox 364 2774 592 2814; x_wconf 84' lang='lat' dir='ltr'>emendisque,</span> <span class='ocrx_word' id='word_1_371' title='bbox 623 2775 680 2814; x_wconf 84' lang='lat' dir='ltr'>qui</span> <span class='ocrx_word' id='word_1_372' title='bbox 717 2784 751 2804; x_wconf 86' lang='lat' dir='ltr'>se</span> <span class='ocrx_word' id='word_1_373' title='bbox 783 2774 889 2814; x_wconf 81' lang='lat' dir='ltr'>decipi</span> 
     </span>
     <span class='ocr_line' id='line_1_62' title="bbox 154 2817 890 2851; baseline -0.005 0"><span class='ocrx_word' id='word_1_374' title='bbox 154 2817 302 2851; x_wconf 84' lang='lat' dir='ltr'>nollent:</span> <span class='ocrx_word' id='word_1_375' title='bbox 328 2818 415 2849; x_wconf 86' lang='lat' dir='ltr'>unde</span> <span class='ocrx_word' id='word_1_376' title='bbox 431 2819 578 2849; x_wconf 74' lang='lat' dir='ltr'>Actiones</span> <span class='ocrx_word' id='word_1_377' title='bbox 598 2824 760 2848; x_wconf 87' lang='lat' dir='ltr'>vocantur</span> <span class='ocrx_word' id='word_1_378' title='bbox 775 2827 794 2847; x_wconf 85' lang='lat' dir='ltr'>a</span> <span class='ocrx_word' id='word_1_379' title='bbox 808 2817 890 2847; x_wconf 84' lang='lat' dir='ltr'>Var-</span> 
     </span>
     <span class='ocr_line' id='line_1_63' title="bbox 156 2860 891 2893; baseline -0.001 -2"><span class='ocrx_word' id='word_1_380' title='bbox 156 2870 236 2891; x_wconf 85' lang='lat' dir='ltr'>rone</span> <span class='ocrx_word' id='word_1_381' title='bbox 251 2860 292 2892; x_wconf 81' lang='lat' dir='ltr'>R.</span> <span class='ocrx_word' id='word_1_382' title='bbox 307 2860 348 2892; x_wconf 89' lang='lat' dir='ltr'>R.</span> <span class='ocrx_word' id='word_1_383' title='bbox 364 2862 398 2892; x_wconf 90' lang='lat' dir='ltr'>ii.</span> <span class='ocrx_word' id='word_1_384' title='bbox 415 2865 446 2892; x_wconf 83' lang='lat'>5.</span> <span class='ocrx_word' id='word_1_385' title='bbox 466 2864 515 2892; x_wconf 92' lang='grc'>11.</span> <span class='ocrx_word' id='word_1_386' title='bbox 537 2861 625 2893; x_wconf 84' lang='lat' dir='ltr'>unde</span> <span class='ocrx_word' id='word_1_387' title='bbox 641 2867 676 2891; x_wconf 90' lang='lat' dir='ltr'>et</span> <span class='ocrx_word' id='word_1_388' title='bbox 692 2861 891 2891; x_wconf 78' lang='lat' dir='ltr'>verbosiores</span> 
     </span>
     <span class='ocr_line' id='line_1_64' title="bbox 155 2903 892 2945; baseline 0 -11"><span class='ocrx_word' id='word_1_389' title='bbox 155 2903 257 2935; x_wconf 74' lang='lat' dir='ltr'>fuisse</span> <span class='ocrx_word' id='word_1_390' title='bbox 276 2904 444 2936; x_wconf 80' lang='lat' dir='ltr'>discimus.</span> <span class='ocrx_word' id='word_1_391' title='bbox 489 2904 689 2945; x_wconf 82' lang='lat' dir='ltr'>Exemplum</span> <span class='ocrx_word' id='word_1_392' title='bbox 711 2904 787 2934; x_wconf 77' lang='lat' dir='ltr'>talis</span> <span class='ocrx_word' id='word_1_393' title='bbox 810 2904 892 2943; x_wconf 79' lang='lat' dir='ltr'>legis</span> 
     </span>
     <span class='ocr_line' id='line_1_65' title="bbox 152 2947 890 2989; baseline -0.004 -9"><span class='ocrx_word' id='word_1_394' title='bbox 152 2953 209 2980; x_wconf 72' lang='lat' dir='ltr'>oet</span> <span class='ocrx_word' id='word_1_395' title='bbox 233 2947 324 2989; x_wconf 82' lang='lat' dir='ltr'>apud</span> <span class='ocrx_word' id='word_1_396' title='bbox 348 2948 492 2980; x_wconf 89' lang='lat' dir='ltr'>eundem</span> <span class='ocrx_word' id='word_1_397' title='bbox 520 2949 554 2979; x_wconf 87' lang='lat' dir='ltr'>ii.</span> <span class='ocrx_word' id='word_1_398' title='bbox 578 2951 609 2980; x_wconf 84' lang='lat'>3.</span> <span class='ocrx_word' id='word_1_399' title='bbox 633 2952 665 2979; x_wconf 91' lang='lat'>5.</span> <span class='ocrx_word' id='word_1_400' title='bbox 711 2948 890 2978; x_wconf 78' lang='lat' dir='ltr'>Auctorem</span> 
     </span>
    </p>
   </div>
   <div class='ocr_carea' id='block_1_4' title="bbox 926 253 1667 2985">
    <p class='ocr_par' dir='ltr' id='par_1_9' title="bbox 933 253 1661 456">
     <span class='ocr_line' id='line_1_66' title="bbox 937 253 1661 292; baseline 0.004 -9"><span class='ocrx_word' id='word_1_401' title='bbox 937 253 1101 284; x_wconf 73' lang='lat' dir='ltr'>habebant</span> <span class='ocrx_word' id='word_1_402' title='bbox 1134 254 1286 284; x_wconf 79' lang='lat' dir='ltr'>Manium</span> <span class='ocrx_word' id='word_1_403' title='bbox 1321 255 1510 292; x_wconf 68' lang='lat' dir='ltr'>Manilium,</span> <span class='ocrx_word' id='word_1_404' title='bbox 1544 257 1661 288; x_wconf 76' lang='lat' dir='ltr'>Ictum</span> 
     </span>
     <span class='ocr_line' id='line_1_67' title="bbox 936 297 1660 336; baseline 0.007 -10"><span class='ocrx_word' id='word_1_405' title='bbox 936 307 1026 332; x_wconf 72' lang='lat' dir='ltr'>vum,</span> <span class='ocrx_word' id='word_1_406' title='bbox 1045 297 1099 336; x_wconf 87' lang='lat' dir='ltr'>qui</span> <span class='ocrx_word' id='word_1_407' title='bbox 1123 297 1161 327; x_wconf 85' lang='lat' dir='ltr'>A.</span> <span class='ocrx_word' id='word_1_408' title='bbox 1186 297 1224 327; x_wconf 87' lang='lat' dir='ltr'>U.</span> <span class='ocrx_word' id='word_1_409' title='bbox 1249 305 1345 328; x_wconf 71' lang='lat' dir='ltr'>ocni.</span> <span class='ocrx_word' id='word_1_410' title='bbox 1369 297 1490 328; x_wconf 75' lang='lat' dir='ltr'>Consul</span> <span class='ocrx_word' id='word_1_411' title='bbox 1521 312 1597 331; x_wconf 67' lang='lat' dir='ltr'>vum</span> <span class='ocrx_word' id='word_1_412' title='bbox 1622 300 1660 331; x_wconf 83' lang='lat' dir='ltr'>L.</span> 
     </span>
     <span class='ocr_line' id='line_1_68' title="bbox 937 339 1660 383; baseline 0.006 -14"><span class='ocrx_word' id='word_1_413' title='bbox 937 339 1062 370; x_wconf 80' lang='lat' dir='ltr'>Marcio</span> <span class='ocrx_word' id='word_1_414' title='bbox 1085 341 1264 370; x_wconf 77' lang='lat' dir='ltr'>Censorino</span> <span class='ocrx_word' id='word_1_415' title='bbox 1286 340 1358 370; x_wconf 84' lang='lat' dir='ltr'>suit.</span> <span class='ocrx_word' id='word_1_416' title='bbox 1406 341 1455 371; x_wconf 82' lang='lat' dir='ltr'>l)··</span> <span class='ocrx_word' id='word_1_417' title='bbox 1479 344 1660 383; x_wconf 66' lang='lat' dir='ltr'>Scriptura,</span> 
     </span>
     <span class='ocr_line' id='line_1_69' title="bbox 937 383 1660 416; baseline 0.007 -4"><span class='ocrx_word' id='word_1_418' title='bbox 937 389 1050 412; x_wconf 81' lang='lat' dir='ltr'>utrum</span> <span class='ocrx_word' id='word_1_419' title='bbox 1070 383 1188 413; x_wconf 66' lang='grc' dir='ltr'><strong>ᾒΙωιιΙ.</strong></span> <span class='ocrx_word' id='word_1_420' title='bbox 1206 393 1246 412; x_wconf 74' lang='lat' dir='ltr'>an</span> <span class='ocrx_word' id='word_1_421' title='bbox 1267 383 1396 413; x_wconf 70' lang='grc' dir='ltr'>ᾹΙιιηιὶΙ.</span> <span class='ocrx_word' id='word_1_422' title='bbox 1420 394 1449 414; x_wconf 77' lang='lat' dir='ltr'>v.</span> <span class='ocrx_word' id='word_1_423' title='bbox 1473 384 1596 416; x_wconf 83' lang='lat' dir='ltr'>Victor.</span> <span class='ocrx_word' id='word_1_424' title='bbox 1620 386 1660 416; x_wconf 81' lang='lat' dir='ltr'>ad</span> 
     </span>
     <span class='ocr_line' id='line_1_70' title="bbox 933 426 1463 456; baseline 0.002 -1"><span class='ocrx_word' id='word_1_425' title='bbox 933 426 1028 456; x_wconf 74' lang='lat' dir='ltr'>Varr.</span> <span class='ocrx_word' id='word_1_426' title='bbox 1046 426 1066 456; x_wconf 91' lang='lat' dir='ltr'>l.</span> <span class='ocrx_word' id='word_1_427' title='bbox 1084 437 1111 456; x_wconf 81' lang='lat' dir='ltr'>c.</span> <span class='ocrx_word' id='word_1_428' title='bbox 1129 427 1255 456; x_wconf 50' lang='lat' dir='ltr'>*ariam</span> <span class='ocrx_word' id='word_1_429' title='bbox 1274 427 1361 456; x_wconf 73' lang='lat' dir='ltr'>enim</span> <span class='ocrx_word' id='word_1_430' title='bbox 1380 426 1463 456; x_wconf 83' lang='lat' dir='ltr'>libri.</span> 
     </span>
    </p>

    <p class='ocr_par' dir='ltr' id='par_1_10' title="bbox 927 469 1667 1023">
     <span class='ocr_line' id='line_1_71' title="bbox 974 469 1658 511; baseline 0.003 -12"><span class='ocrx_word' id='word_1_431' title='bbox 974 469 1090 500; x_wconf 77' lang='grc' dir='ltr'>ΜΑκιΛ</span> <span class='ocrx_word' id='word_1_432' title='bbox 1115 469 1183 499; x_wconf 80' lang='lat' dir='ltr'>lata</span> <span class='ocrx_word' id='word_1_433' title='bbox 1205 480 1224 499; x_wconf 86' lang='lat' dir='ltr'>a</span> <span class='ocrx_word' id='word_1_434' title='bbox 1252 469 1285 500; x_wconf 83' lang='lat'>(.&#39;·.</span> <span class='ocrx_word' id='word_1_435' title='bbox 1309 469 1417 499; x_wconf 77' lang='lat' dir='ltr'>Mario</span> <span class='ocrx_word' id='word_1_436' title='bbox 1440 470 1515 500; x_wconf 83' lang='lat' dir='ltr'>trib.</span> <span class='ocrx_word' id='word_1_437' title='bbox 1539 471 1583 511; x_wconf 81' lang='lat' dir='ltr'>pl.</span> <span class='ocrx_word' id='word_1_438' title='bbox 1606 482 1658 509; x_wconf 78' lang='lat' dir='ltr'>eo,</span> 
     </span>
     <span class='ocr_line' id='line_1_72' title="bbox 933 512 1661 553; baseline 0.004 -10"><span class='ocrx_word' id='word_1_439' title='bbox 933 513 989 552; x_wconf 83' lang='lat' dir='ltr'>qui</span> <span class='ocrx_word' id='word_1_440' title='bbox 1021 520 1136 553; x_wconf 73' lang='lat' dir='ltr'>postea</span> <span class='ocrx_word' id='word_1_441' title='bbox 1166 522 1252 552; x_wconf 73' lang='lat' dir='ltr'>saepe</span> <span class='ocrx_word' id='word_1_442' title='bbox 1292 512 1413 542; x_wconf 82' lang='lat' dir='ltr'>Consul</span> <span class='ocrx_word' id='word_1_443' title='bbox 1445 514 1519 543; x_wconf 80' lang='lat' dir='ltr'>fuit.</span> <span class='ocrx_word' id='word_1_444' title='bbox 1550 515 1587 545; x_wconf 81' lang='lat' dir='ltr'>A.</span> <span class='ocrx_word' id='word_1_445' title='bbox 1621 516 1661 546; x_wconf 87' lang='lat' dir='ltr'>U.</span> 
     </span>
     <span class='ocr_line' id='line_1_73' title="bbox 933 556 1660 590; baseline 0.006 -4"><span class='ocrx_word' id='word_1_446' title='bbox 933 565 1097 587; x_wconf 64' lang='lat' dir='ltr'>uexxmv.</span> <span class='ocrx_word' id='word_1_447' title='bbox 1109 556 1271 586; x_wconf 83' lang='lat' dir='ltr'>ambitum</span> <span class='ocrx_word' id='word_1_448' title='bbox 1286 559 1413 586; x_wconf 62' lang='lat' dir='ltr'>coercet</span> <span class='ocrx_word' id='word_1_449' title='bbox 1427 563 1458 586; x_wconf 76' lang='lat' dir='ltr'>et</span> <span class='ocrx_word' id='word_1_450' title='bbox 1473 557 1660 590; x_wconf 73' lang='lat' dir='ltr'>libertatem</span> 
     </span>
     <span class='ocr_line' id='line_1_74' title="bbox 934 599 1666 639; baseline 0 -9"><span class='ocrx_word' id='word_1_451' title='bbox 934 600 1080 639; x_wconf 74' lang='lat' dir='ltr'>suffragii</span> <span class='ocrx_word' id='word_1_452' title='bbox 1098 599 1222 629; x_wconf 72' lang='lat' dir='ltr'>ferendi</span> <span class='ocrx_word' id='word_1_453' title='bbox 1240 604 1350 636; x_wconf 68' lang='lat' dir='ltr'>auget.</span> <span class='ocrx_word' id='word_1_454' title='bbox 1394 599 1498 630; x_wconf 55' lang='lat' dir='ltr'>«lussit</span> <span class='ocrx_word' id='word_1_455' title='bbox 1523 602 1610 631; x_wconf 86' lang='lat' dir='ltr'>enim</span> <span class='ocrx_word' id='word_1_456' title='bbox 1629 608 1666 633; x_wconf 74' lang='lat' dir='ltr'>ut</span> 
     </span>
     <span class='ocr_line' id='line_1_75' title="bbox 927 642 1664 683; baseline 0.001 -10"><span class='ocrx_word' id='word_1_457' title='bbox 927 649 1039 683; x_wconf 76' lang='lat' dir='ltr'>pontes</span> <span class='ocrx_word' id='word_1_458' title='bbox 1054 642 1399 682; x_wconf 70' lang='lat' dir='ltr'>angustioresflerent,</span> <span class='ocrx_word' id='word_1_459' title='bbox 1417 653 1497 681; x_wconf 88' lang='lat' dir='ltr'>quos</span> <span class='ocrx_word' id='word_1_460' title='bbox 1513 644 1664 682; x_wconf 71' lang='lat' dir='ltr'>suffragi-</span> 
     </span>
     <span class='ocr_line' id='line_1_76' title="bbox 932 686 1665 726; baseline -0.001 -9"><span class='ocrx_word' id='word_1_461' title='bbox 932 698 989 718; x_wconf 89' lang='lat' dir='ltr'>um</span> <span class='ocrx_word' id='word_1_462' title='bbox 1006 689 1148 717; x_wconf 72' lang='lat' dir='ltr'>ferentes</span> <span class='ocrx_word' id='word_1_463' title='bbox 1164 686 1362 722; x_wconf 68' lang='lat' dir='ltr'>transibant,</span> <span class='ocrx_word' id='word_1_464' title='bbox 1380 686 1418 715; x_wconf 82' lang='lat' dir='ltr'>de</span> <span class='ocrx_word' id='word_1_465' title='bbox 1438 686 1536 726; x_wconf 76' lang='lat' dir='ltr'>Legg.</span> <span class='ocrx_word' id='word_1_466' title='bbox 1554 689 1595 718; x_wconf 73' lang='lat' dir='ltr'>iv.</span> <span class='ocrx_word' id='word_1_467' title='bbox 1616 692 1665 722; x_wconf 76' lang='grc'>17.</span> 
     </span>
     <span class='ocr_line' id='line_1_77' title="bbox 933 729 1664 770; baseline 0 -10"><span class='ocrx_word' id='word_1_468' title='bbox 933 741 973 761; x_wconf 85' lang='lat' dir='ltr'>ne</span> <span class='ocrx_word' id='word_1_469' title='bbox 991 731 1062 770; x_wconf 86' lang='lat' dir='ltr'>quis</span> <span class='ocrx_word' id='word_1_470' title='bbox 1083 730 1151 760; x_wconf 88' lang='lat' dir='ltr'>scil.</span> <span class='ocrx_word' id='word_1_471' title='bbox 1176 729 1336 769; x_wconf 70' lang='lat' dir='ltr'>inspicere</span> <span class='ocrx_word' id='word_1_472' title='bbox 1360 729 1515 760; x_wconf 85' lang='lat' dir='ltr'>tabellam</span> <span class='ocrx_word' id='word_1_473' title='bbox 1542 738 1664 770; x_wconf 81' lang='lat' dir='ltr'>posset,</span> 
     </span>
     <span class='ocr_line' id='line_1_78' title="bbox 933 773 1665 813; baseline 0.001 -9"><span class='ocrx_word' id='word_1_474' title='bbox 933 785 973 805; x_wconf 79' lang='lat' dir='ltr'>ne</span> <span class='ocrx_word' id='word_1_475' title='bbox 990 784 1104 813; x_wconf 78' lang='lat' dir='ltr'>rogare</span> <span class='ocrx_word' id='word_1_476' title='bbox 1121 773 1160 802; x_wconf 80' lang='lat' dir='ltr'>(le</span> <span class='ocrx_word' id='word_1_477' title='bbox 1175 773 1345 811; x_wconf 72' lang='lat' dir='ltr'>suffrag-io,</span> <span class='ocrx_word' id='word_1_478' title='bbox 1363 778 1420 802; x_wconf 89' lang='lat' dir='ltr'>aut</span> <span class='ocrx_word' id='word_1_479' title='bbox 1438 773 1601 813; x_wconf 78' lang='lat' dir='ltr'>appellare</span> <span class='ocrx_word' id='word_1_480' title='bbox 1618 775 1665 805; x_wconf 86' lang='lat' dir='ltr'>sc-</span> 
     </span>
     <span class='ocr_line' id='line_1_79' title="bbox 933 816 1666 857; baseline -0.001 -9"><span class='ocrx_word' id='word_1_481' title='bbox 933 824 1073 848; x_wconf 80' lang='lat' dir='ltr'>rentem.</span> <span class='ocrx_word' id='word_1_482' title='bbox 1118 817 1165 847; x_wconf 85' lang='lat' dir='ltr'>Ea</span> <span class='ocrx_word' id='word_1_483' title='bbox 1189 816 1253 853; x_wconf 81' lang='lat' dir='ltr'>lex,</span> <span class='ocrx_word' id='word_1_484' title='bbox 1271 817 1348 855; x_wconf 77' lang='lat' dir='ltr'>quia</span> <span class='ocrx_word' id='word_1_485' title='bbox 1371 818 1529 855; x_wconf 85' lang='lat' dir='ltr'>potentiae</span> <span class='ocrx_word' id='word_1_486' title='bbox 1553 828 1666 857; x_wconf 82' lang='lat' dir='ltr'>proce—</span> 
     </span>
     <span class='ocr_line' id='line_1_80' title="bbox 933 858 1667 901; baseline -0.001 -9"><span class='ocrx_word' id='word_1_487' title='bbox 933 872 1007 892; x_wconf 86' lang='lat' dir='ltr'>rum</span> <span class='ocrx_word' id='word_1_488' title='bbox 1030 861 1181 901; x_wconf 88' lang='lat' dir='ltr'>opposita</span> <span class='ocrx_word' id='word_1_489' title='bbox 1201 867 1286 895; x_wconf 81' lang='lat' dir='ltr'>erat,</span> <span class='ocrx_word' id='word_1_490' title='bbox 1310 870 1328 889; x_wconf 86' lang='lat' dir='ltr'>a</span> <span class='ocrx_word' id='word_1_491' title='bbox 1351 858 1451 889; x_wconf 83' lang='lat' dir='ltr'>Cotta</span> <span class='ocrx_word' id='word_1_492' title='bbox 1473 866 1506 890; x_wconf 81' lang='lat' dir='ltr'>et</span> <span class='ocrx_word' id='word_1_493' title='bbox 1530 859 1667 891; x_wconf 82' lang='lat' dir='ltr'>Metello</span> 
     </span>
     <span class='ocr_line' id='line_1_81' title="bbox 934 902 1665 944; baseline -0.001 -8"><span class='ocrx_word' id='word_1_494' title='bbox 934 906 1024 936; x_wconf 85' lang='lat' dir='ltr'>Coss.</span> <span class='ocrx_word' id='word_1_495' title='bbox 1047 908 1239 944; x_wconf 73' lang='lat' dir='ltr'>oppugnata</span> <span class='ocrx_word' id='word_1_496' title='bbox 1262 902 1348 932; x_wconf 82' lang='lat' dir='ltr'>Scto</span> <span class='ocrx_word' id='word_1_497' title='bbox 1371 909 1433 939; x_wconf 85' lang='lat' dir='ltr'>est,</span> <span class='ocrx_word' id='word_1_498' title='bbox 1450 903 1508 933; x_wconf 85' lang='lat' dir='ltr'>sed</span> <span class='ocrx_word' id='word_1_499' title='bbox 1531 903 1665 936; x_wconf 78' lang='lat' dir='ltr'>frustra.</span> 
     </span>
     <span class='ocr_line' id='line_1_82' title="bbox 934 945 1664 986; baseline -0.001 -7"><span class='ocrx_word' id='word_1_500' title='bbox 934 949 998 979; x_wconf 83' lang='lat' dir='ltr'>vid.</span> <span class='ocrx_word' id='word_1_501' title='bbox 1016 946 1182 978; x_wconf 84' lang='lat' dir='ltr'>Plutarch.</span> <span class='ocrx_word' id='word_1_502' title='bbox 1201 947 1233 976; x_wconf 90' lang='lat' dir='ltr'>in</span> <span class='ocrx_word' id='word_1_503' title='bbox 1251 945 1358 976; x_wconf 83' lang='lat' dir='ltr'>Mario</span> <span class='ocrx_word' id='word_1_504' title='bbox 1375 955 1406 986; x_wconf 90' lang='lat' dir='ltr'>p.</span> <span class='ocrx_word' id='word_1_505' title='bbox 1423 949 1497 980; x_wconf 74' lang='lat'>⁴107.</span> <span class='ocrx_word' id='word_1_506' title='bbox 1520 947 1572 978; x_wconf 90' lang='lat' dir='ltr'>ed.</span> <span class='ocrx_word' id='word_1_507' title='bbox 1587 947 1664 978; x_wconf 85' lang='lat' dir='ltr'>We-</span> 
     </span>
     <span class='ocr_line' id='line_1_83' title="bbox 937 991 1021 1023; baseline 0 -1"><span class='ocrx_word' id='word_1_508' title='bbox 937 991 1021 1023; x_wconf 88' lang='lat' dir='ltr'>chel.</span> 
     </span>
    </p>

    <p class='ocr_par' dir='ltr' id='par_1_11' title="bbox 933 1032 1664 1162">
     <span class='ocr_line' id='line_1_84' title="bbox 977 1032 1663 1073; baseline -0.001 -7"><span class='ocrx_word' id='word_1_509' title='bbox 977 1036 1143 1071; x_wconf 60' lang='lat' dir='ltr'>Mamm,</span> <span class='ocrx_word' id='word_1_510' title='bbox 1167 1042 1240 1073; x_wconf 79' lang='lat' dir='ltr'>quae</span> <span class='ocrx_word' id='word_1_511' title='bbox 1263 1043 1303 1064; x_wconf 82' lang='lat' dir='ltr'>ex</span> <span class='ocrx_word' id='word_1_512' title='bbox 1327 1032 1421 1063; x_wconf 83' lang='lat' dir='ltr'>Orat.</span> <span class='ocrx_word' id='word_1_513' title='bbox 1443 1043 1502 1073; x_wconf 86' lang='lat' dir='ltr'>pro</span> <span class='ocrx_word' id='word_1_514' title='bbox 1525 1033 1557 1064; x_wconf 91' lang='lat' dir='ltr'>S.</span> <span class='ocrx_word' id='word_1_515' title='bbox 1580 1033 1663 1065; x_wconf 75' lang='lat' dir='ltr'>Ros-</span> 
     </span>
     <span class='ocr_line' id='line_1_85' title="bbox 933 1077 1664 1117; baseline -0.003 -7"><span class='ocrx_word' id='word_1_516' title='bbox 933 1080 984 1110; x_wconf 86' lang='lat' dir='ltr'>cio</span> <span class='ocrx_word' id='word_1_517' title='bbox 1007 1079 1174 1114; x_wconf 87' lang='lat' dir='ltr'>laudatur,</span> <span class='ocrx_word' id='word_1_518' title='bbox 1199 1078 1321 1107; x_wconf 87' lang='lat' dir='ltr'>rectius</span> <span class='ocrx_word' id='word_1_519' title='bbox 1346 1077 1498 1107; x_wconf 69' lang='lat' dir='ltr'>Remmia</span> <span class='ocrx_word' id='word_1_520' title='bbox 1528 1077 1664 1117; x_wconf 88' lang='lat' dir='ltr'>dicitur,</span> 
     </span>
     <span class='ocr_line' id='line_1_86' title="bbox 935 1120 1230 1162; baseline -0.01 -9"><span class='ocrx_word' id='word_1_521' title='bbox 935 1124 974 1153; x_wconf 86' lang='lat' dir='ltr'>de</span> <span class='ocrx_word' id='word_1_522' title='bbox 991 1133 1057 1162; x_wconf 85' lang='lat' dir='ltr'>qua</span> <span class='ocrx_word' id='word_1_523' title='bbox 1072 1131 1132 1152; x_wconf 90' lang='lat' dir='ltr'>suo</span> <span class='ocrx_word' id='word_1_524' title='bbox 1148 1120 1230 1151; x_wconf 87' lang='lat' dir='ltr'>loeo.</span> 
     </span>
    </p>

    <p class='ocr_par' dir='ltr' id='par_1_12' title="bbox 929 1162 1665 1815">
     <span class='ocr_line' id='line_1_87' title="bbox 976 1162 1632 1201; baseline -0.005 -3"><span class='ocrx_word' id='word_1_525' title='bbox 976 1166 1094 1197; x_wconf 78' lang='grc' dir='ltr'>ΜυςιΑ</span> <span class='ocrx_word' id='word_1_526' title='bbox 1112 1164 1260 1201; x_wconf 51' lang='lat' dir='ltr'>Licinn,</span> <span class='ocrx_word' id='word_1_527' title='bbox 1277 1162 1342 1193; x_wconf 87' lang='lat' dir='ltr'>vid.</span> <span class='ocrx_word' id='word_1_528' title='bbox 1362 1163 1490 1193; x_wconf 74' lang='lat' dir='ltr'>Licinia</span> <span class='ocrx_word' id='word_1_529' title='bbox 1506 1163 1632 1195; x_wconf 82' lang='lat' dir='ltr'>Mucia.</span> 
     </span>
     <span class='ocr_line' id='line_1_88' title="bbox 974 1206 1660 1240; baseline -0.002 0"><span class='ocrx_word' id='word_1_530' title='bbox 974 1210 1167 1240; x_wconf 73' lang='grc' dir='ltr'>ΜιιιτΑκε5</span> <span class='ocrx_word' id='word_1_531' title='bbox 1184 1215 1249 1238; x_wconf 68' lang='lat' dir='ltr'>Leo</span> <span class='ocrx_word' id='word_1_532' title='bbox 1253 1215 1302 1237; x_wconf 70' lang='lat' dir='ltr'>es.</span> <span class='ocrx_word' id='word_1_533' title='bbox 1348 1206 1409 1236; x_wconf 85' lang='lat' dir='ltr'>Pro</span> <span class='ocrx_word' id='word_1_534' title='bbox 1426 1206 1540 1237; x_wconf 78' lang='lat' dir='ltr'>Flacco</span> <span class='ocrx_word' id='word_1_535' title='bbox 1557 1218 1584 1239; x_wconf 87' lang='lat' dir='ltr'>c.</span> <span class='ocrx_word' id='word_1_536' title='bbox 1599 1211 1660 1240; x_wconf 80' lang='lat'>32:</span> 
     </span>
     <span class='ocr_line' id='line_1_89' title="bbox 931 1250 1662 1294; baseline -0.003 -10"><span class='ocrx_word' id='word_1_537' title='bbox 931 1253 969 1284; x_wconf 77' lang='lat' dir='ltr'>Si</span> <span class='ocrx_word' id='word_1_538' title='bbox 982 1251 1097 1294; x_wconf 77' lang='lat' dir='ltr'>justas</span> <span class='ocrx_word' id='word_1_539' title='bbox 1119 1251 1304 1282; x_wconf 71' lang='lat' dir='ltr'>iuimicitias</span> <span class='ocrx_word' id='word_1_540' title='bbox 1321 1250 1475 1288; x_wconf 76' lang='lat' dir='ltr'>putabas,</span> <span class='ocrx_word' id='word_1_541' title='bbox 1499 1261 1570 1287; x_wconf 80' lang='lat' dir='ltr'>cur,</span> <span class='ocrx_word' id='word_1_542' title='bbox 1587 1262 1662 1282; x_wconf 83' lang='lat' dir='ltr'>cum</span> 
     </span>
     <span class='ocr_line' id='line_1_90' title="bbox 930 1291 1663 1334; baseline -0.003 -8"><span class='ocrx_word' id='word_1_543' title='bbox 930 1297 1002 1327; x_wconf 81' lang='lat' dir='ltr'>trib.</span> <span class='ocrx_word' id='word_1_544' title='bbox 1027 1298 1094 1327; x_wconf 82' lang='lat' dir='ltr'>mil.</span> <span class='ocrx_word' id='word_1_545' title='bbox 1120 1296 1257 1327; x_wconf 74' lang='lat' dir='ltr'>Flaccus</span> <span class='ocrx_word' id='word_1_546' title='bbox 1279 1297 1369 1330; x_wconf 76' lang='lat' dir='ltr'>esset,</span> <span class='ocrx_word' id='word_1_547' title='bbox 1391 1294 1426 1322; x_wconf 80' lang='lat' dir='ltr'>in</span> <span class='ocrx_word' id='word_1_548' title='bbox 1447 1291 1519 1334; x_wconf 77' lang='lat' dir='ltr'>ejus</span> <span class='ocrx_word' id='word_1_549' title='bbox 1541 1296 1663 1333; x_wconf 73' lang='lat' dir='ltr'>legione</span> 
     </span>
     <span class='ocr_line' id='line_1_91' title="bbox 931 1338 1664 1380; baseline -0.003 -9"><span class='ocrx_word' id='word_1_550' title='bbox 931 1342 1021 1371; x_wconf 80' lang='lat' dir='ltr'>mdes</span> <span class='ocrx_word' id='word_1_551' title='bbox 1025 1341 1140 1380; x_wconf 74' lang='lat' dir='ltr'>Juzstz</span> <span class='ocrx_word' id='word_1_552' title='bbox 1156 1348 1231 1368; x_wconf 81' lang='lat' dir='ltr'>cum</span> <span class='ocrx_word' id='word_1_553' title='bbox 1247 1338 1303 1367; x_wconf 75' lang='lat' dir='ltr'>eibi</span> <span class='ocrx_word' id='word_1_554' title='bbox 1313 1347 1376 1375; x_wconf 77' lang='lat' dir='ltr'>per</span> <span class='ocrx_word' id='word_1_555' title='bbox 1398 1338 1484 1375; x_wconf 72' lang='lat' dir='ltr'>leges</span> <span class='ocrx_word' id='word_1_556' title='bbox 1506 1339 1664 1369; x_wconf 65' lang='lat' dir='ltr'>militaret</span> 
     </span>
     <span class='ocr_line' id='line_1_92' title="bbox 929 1380 1663 1424; baseline -0.003 -10"><span class='ocrx_word' id='word_1_557' title='bbox 929 1382 1076 1424; x_wconf 74' lang='lat' dir='ltr'>effugere</span> <span class='ocrx_word' id='word_1_558' title='bbox 1107 1384 1215 1413; x_wconf 65' lang='lat' dir='ltr'>lie-met</span> <span class='ocrx_word' id='word_1_559' title='bbox 1252 1381 1455 1420; x_wconf 72' lang='lat' dir='ltr'>iniquitatem</span> <span class='ocrx_word' id='word_1_560' title='bbox 1495 1380 1633 1411; x_wconf 72' lang='lat' dir='ltr'>Tn&#39;bum&#39;</span> <span class='ocrx_word' id='word_1_561' title='bbox 1647 1384 1663 1412; x_wconf 64' lang='grc' dir='ltr'><em>ἵ</em></span> 
     </span>
     <span class='ocr_line' id='line_1_93' title="bbox 929 1423 1664 1468; baseline -0.003 -11"><span class='ocrx_word' id='word_1_562' title='bbox 929 1428 990 1468; x_wconf 92' lang='lat' dir='ltr'>Ap.</span> <span class='ocrx_word' id='word_1_563' title='bbox 1006 1426 1157 1467; x_wconf 83' lang='lat' dir='ltr'>Lipsium</span> <span class='ocrx_word' id='word_1_564' title='bbox 1174 1425 1213 1456; x_wconf 87' lang='lat' dir='ltr'>de</span> <span class='ocrx_word' id='word_1_565' title='bbox 1231 1435 1264 1454; x_wconf 85' lang='lat' dir='ltr'>re</span> <span class='ocrx_word' id='word_1_566' title='bbox 1283 1423 1380 1454; x_wconf 88' lang='lat' dir='ltr'>milit.</span> <span class='ocrx_word' id='word_1_567' title='bbox 1395 1434 1446 1454; x_wconf 78' lang='lat' dir='ltr'>xv.</span> <span class='ocrx_word' id='word_1_568' title='bbox 1467 1426 1516 1455; x_wconf 85' lang='lat'>15.</span> <span class='ocrx_word' id='word_1_569' title='bbox 1532 1424 1613 1454; x_wconf 79' lang='lat' dir='ltr'>dele</span> <span class='ocrx_word' id='word_1_570' title='bbox 1616 1426 1664 1464; x_wconf 75' lang='lat' dir='ltr'>gi-</span> 
     </span>
     <span class='ocr_line' id='line_1_94' title="bbox 929 1463 1665 1508; baseline -0.001 -7"><span class='ocrx_word' id='word_1_571' title='bbox 929 1471 989 1502; x_wconf 87' lang='lat' dir='ltr'>bus</span> <span class='ocrx_word' id='word_1_572' title='bbox 1013 1463 1211 1500; x_wconf 84' lang='lat' dir='ltr'>militaribus</span> <span class='ocrx_word' id='word_1_573' title='bbox 1233 1467 1356 1507; x_wconf 79' lang='lat' dir='ltr'>agitur,</span> <span class='ocrx_word' id='word_1_574' title='bbox 1379 1467 1437 1497; x_wconf 80' lang='lat' dir='ltr'>sed</span> <span class='ocrx_word' id='word_1_575' title='bbox 1467 1467 1507 1497; x_wconf 89' lang='lat' dir='ltr'>de</span> <span class='ocrx_word' id='word_1_576' title='bbox 1539 1467 1665 1508; x_wconf 75' lang='lat' dir='ltr'>legibus</span> 
     </span>
     <span class='ocr_line' id='line_1_95' title="bbox 931 1511 1665 1550; baseline -0.004 -5"><span class='ocrx_word' id='word_1_577' title='bbox 931 1515 1015 1545; x_wconf 78' lang='lat' dir='ltr'>furti</span> <span class='ocrx_word' id='word_1_578' title='bbox 1030 1519 1178 1550; x_wconf 88' lang='lat' dir='ltr'>tantum,</span> <span class='ocrx_word' id='word_1_579' title='bbox 1192 1511 1273 1543; x_wconf 84' lang='lat' dir='ltr'>nihil</span> <span class='ocrx_word' id='word_1_580' title='bbox 1286 1511 1325 1540; x_wconf 79' lang='lat' dir='ltr'>de</span> <span class='ocrx_word' id='word_1_581' title='bbox 1338 1512 1469 1548; x_wconf 81' lang='lat' dir='ltr'>ceteris,</span> <span class='ocrx_word' id='word_1_582' title='bbox 1482 1516 1540 1541; x_wconf 84' lang='lat' dir='ltr'>aut</span> <span class='ocrx_word' id='word_1_583' title='bbox 1556 1513 1596 1542; x_wconf 85' lang='lat' dir='ltr'>de</span> <span class='ocrx_word' id='word_1_584' title='bbox 1613 1522 1665 1550; x_wconf 93' lang='lat' dir='ltr'>ea,</span> 
     </span>
     <span class='ocr_line' id='line_1_96' title="bbox 932 1554 1662 1597; baseline -0.003 -9"><span class='ocrx_word' id='word_1_585' title='bbox 932 1558 974 1588; x_wconf 88' lang='lat' dir='ltr'>ad</span> <span class='ocrx_word' id='word_1_586' title='bbox 995 1567 1097 1597; x_wconf 88' lang='lat' dir='ltr'>quam</span> <span class='ocrx_word' id='word_1_587' title='bbox 1124 1556 1267 1596; x_wconf 85' lang='lat' dir='ltr'>respexit</span> <span class='ocrx_word' id='word_1_588' title='bbox 1298 1554 1424 1585; x_wconf 80' lang='lat' dir='ltr'>Cicero.</span> <span class='ocrx_word' id='word_1_589' title='bbox 1469 1554 1518 1584; x_wconf 83' lang='lat' dir='ltr'>Ea</span> <span class='ocrx_word' id='word_1_590' title='bbox 1548 1561 1662 1587; x_wconf 80' lang='lat' dir='ltr'>autem</span> 
     </span>
     <span class='ocr_line' id='line_1_97' title="bbox 933 1598 1662 1639; baseline -0.004 -7"><span class='ocrx_word' id='word_1_591' title='bbox 933 1602 1003 1632; x_wconf 83' lang='lat' dir='ltr'>haee</span> <span class='ocrx_word' id='word_1_592' title='bbox 1018 1602 1096 1639; x_wconf 83' lang='lat' dir='ltr'>fuit,</span> <span class='ocrx_word' id='word_1_593' title='bbox 1114 1605 1166 1638; x_wconf 87' lang='lat' dir='ltr'>ut,</span> <span class='ocrx_word' id='word_1_594' title='bbox 1183 1601 1210 1630; x_wconf 88' lang='lat' dir='ltr'>si</span> <span class='ocrx_word' id='word_1_595' title='bbox 1226 1599 1298 1638; x_wconf 84' lang='lat' dir='ltr'>quis</span> <span class='ocrx_word' id='word_1_596' title='bbox 1317 1598 1402 1628; x_wconf 80' lang='lat' dir='ltr'>forte</span> <span class='ocrx_word' id='word_1_597' title='bbox 1420 1598 1452 1628; x_wconf 87' lang='lat' dir='ltr'>in</span> <span class='ocrx_word' id='word_1_598' title='bbox 1470 1600 1540 1638; x_wconf 83' lang='lat' dir='ltr'>ejus</span> <span class='ocrx_word' id='word_1_599' title='bbox 1556 1599 1662 1629; x_wconf 90' lang='lat' dir='ltr'>tribu-</span> 
     </span>
     <span class='ocr_line' id='line_1_98' title="bbox 932 1641 1661 1685; baseline -0.003 -10"><span class='ocrx_word' id='word_1_600' title='bbox 932 1646 966 1675; x_wconf 88' lang='lat' dir='ltr'>ni</span> <span class='ocrx_word' id='word_1_601' title='bbox 982 1645 1146 1685; x_wconf 84' lang='lat' dir='ltr'>legionem</span> <span class='ocrx_word' id='word_1_602' title='bbox 1171 1643 1264 1673; x_wconf 81' lang='lat' dir='ltr'>miles</span> <span class='ocrx_word' id='word_1_603' title='bbox 1287 1641 1424 1672; x_wconf 84' lang='lat' dir='ltr'>allectus</span> <span class='ocrx_word' id='word_1_604' title='bbox 1447 1647 1546 1679; x_wconf 85' lang='lat' dir='ltr'>esset,</span> <span class='ocrx_word' id='word_1_605' title='bbox 1563 1653 1661 1682; x_wconf 80' lang='lat' dir='ltr'>quem</span> 
     </span>
     <span class='ocr_line' id='line_1_99' title="bbox 929 1686 1662 1729; baseline -0.003 -10"><span class='ocrx_word' id='word_1_606' title='bbox 929 1689 991 1719; x_wconf 88' lang='lat' dir='ltr'>sibi</span> <span class='ocrx_word' id='word_1_607' title='bbox 1030 1692 1165 1729; x_wconf 84' lang='lat' dir='ltr'>putaret</span> <span class='ocrx_word' id='word_1_608' title='bbox 1202 1686 1388 1722; x_wconf 88' lang='lat' dir='ltr'>inimicum,</span> <span class='ocrx_word' id='word_1_609' title='bbox 1421 1695 1560 1724; x_wconf 82' lang='lat' dir='ltr'>eamque</span> <span class='ocrx_word' id='word_1_610' title='bbox 1592 1696 1662 1717; x_wconf 87' lang='lat' dir='ltr'>rem</span> 
     </span>
     <span class='ocr_line' id='line_1_100' title="bbox 931 1729 1660 1772; baseline -0.005 -10"><span class='ocrx_word' id='word_1_611' title='bbox 931 1732 1028 1772; x_wconf 89' lang='lat' dir='ltr'>plane</span> <span class='ocrx_word' id='word_1_612' title='bbox 1050 1732 1158 1761; x_wconf 81' lang='lat' dir='ltr'>facere</span> <span class='ocrx_word' id='word_1_613' title='bbox 1181 1734 1303 1770; x_wconf 86' lang='lat' dir='ltr'>posset,</span> <span class='ocrx_word' id='word_1_614' title='bbox 1328 1734 1366 1758; x_wconf 89' lang='lat' dir='ltr'>ut</span> <span class='ocrx_word' id='word_1_615' title='bbox 1389 1729 1429 1766; x_wconf 84' lang='lat' dir='ltr'>is,</span> <span class='ocrx_word' id='word_1_616' title='bbox 1453 1730 1601 1767; x_wconf 89' lang='lat' dir='ltr'>inquam,</span> <span class='ocrx_word' id='word_1_617' title='bbox 1623 1740 1660 1759; x_wconf 79' lang='lat' dir='ltr'>ex</span> 
     </span>
     <span class='ocr_line' id='line_1_101' title="bbox 931 1773 1664 1815; baseline -0.004 -9"><span class='ocrx_word' id='word_1_618' title='bbox 931 1786 970 1806; x_wconf 85' lang='lat' dir='ltr'>ea</span> <span class='ocrx_word' id='word_1_619' title='bbox 992 1776 1120 1815; x_wconf 79' lang='lat' dir='ltr'>legione</span> <span class='ocrx_word' id='word_1_620' title='bbox 1144 1775 1177 1804; x_wconf 92' lang='lat' dir='ltr'>in</span> <span class='ocrx_word' id='word_1_621' title='bbox 1200 1773 1298 1803; x_wconf 81' lang='lat' dir='ltr'>aliam</span> <span class='ocrx_word' id='word_1_622' title='bbox 1321 1773 1463 1802; x_wconf 87' lang='lat' dir='ltr'>transire</span> <span class='ocrx_word' id='word_1_623' title='bbox 1483 1780 1605 1812; x_wconf 90' lang='lat' dir='ltr'>posset,</span> <span class='ocrx_word' id='word_1_624' title='bbox 1622 1782 1664 1803; x_wconf 76' lang='lat' dir='ltr'>ne</span> 
     </span>
    </p>

    <p class='ocr_par' dir='ltr' id='par_1_13' title="bbox 931 1816 1535 1858">
     <span class='ocr_line' id='line_1_102' title="bbox 931 1816 1535 1858; baseline -0.007 -9"><span class='ocrx_word' id='word_1_625' title='bbox 931 1819 1101 1858; x_wconf 84' lang='lat' dir='ltr'>iniquitati</span> <span class='ocrx_word' id='word_1_626' title='bbox 1118 1818 1244 1848; x_wconf 87' lang='lat' dir='ltr'>inimici</span> <span class='ocrx_word' id='word_1_627' title='bbox 1261 1816 1421 1846; x_wconf 80' lang='lat' dir='ltr'>obnoxius</span> <span class='ocrx_word' id='word_1_628' title='bbox 1437 1822 1535 1846; x_wconf 79' lang='lat' dir='ltr'>esset.</span> 
     </span>
    </p>

    <p class='ocr_par' dir='ltr' id='par_1_14' title="bbox 930 1859 1660 1937">
     <span class='ocr_line' id='line_1_103' title="bbox 973 1859 1660 1899; baseline -0.004 -6"><span class='ocrx_word' id='word_1_629' title='bbox 973 1863 1151 1899; x_wconf 60' lang='lat' dir='ltr'>Numnam,</span> <span class='ocrx_word' id='word_1_630' title='bbox 1170 1860 1312 1891; x_wconf 87' lang='lat' dir='ltr'>Cornelii</span> <span class='ocrx_word' id='word_1_631' title='bbox 1331 1859 1442 1890; x_wconf 83' lang='lat' dir='ltr'>Sullae.</span> <span class='ocrx_word' id='word_1_632' title='bbox 1458 1859 1523 1890; x_wconf 87' lang='lat' dir='ltr'>vid.</span> <span class='ocrx_word' id='word_1_633' title='bbox 1545 1859 1660 1890; x_wconf 78' lang='lat' dir='ltr'>Corne-</span> 
     </span>
     <span class='ocr_line' id='line_1_104' title="bbox 930 1907 1160 1937; baseline -0.004 -1"><span class='ocrx_word' id='word_1_634' title='bbox 930 1908 975 1937; x_wconf 81' lang='lat' dir='ltr'>lia</span> <span class='ocrx_word' id='word_1_635' title='bbox 993 1907 1160 1936; x_wconf 73' lang='lat' dir='ltr'>numm-ia.</span> 
     </span>
    </p>

    <p class='ocr_par' dir='ltr' id='par_1_15' title="bbox 931 1946 1662 2028">
     <span class='ocr_line' id='line_1_105' title="bbox 973 1946 1662 1987; baseline -0.003 -7"><span class='ocrx_word' id='word_1_636' title='bbox 973 1950 1127 1980; x_wconf 66' lang='lat' dir='ltr'>Ornoms</span> <span class='ocrx_word' id='word_1_637' title='bbox 1150 1948 1214 1985; x_wconf 87' lang='lat' dir='ltr'>lex,</span> <span class='ocrx_word' id='word_1_638' title='bbox 1232 1957 1304 1987; x_wconf 83' lang='lat' dir='ltr'>quae</span> <span class='ocrx_word' id='word_1_639' title='bbox 1327 1947 1482 1978; x_wconf 87' lang='lat' dir='ltr'>laudatur</span> <span class='ocrx_word' id='word_1_640' title='bbox 1503 1956 1563 1987; x_wconf 88' lang='lat' dir='ltr'>pro</span> <span class='ocrx_word' id='word_1_641' title='bbox 1586 1946 1662 1978; x_wconf 84' lang='lat' dir='ltr'>Mu-</span> 
     </span>
     <span class='ocr_line' id='line_1_106' title="bbox 931 1991 1337 2028; baseline -0.007 -5"><span class='ocrx_word' id='word_1_642' title='bbox 931 2003 1013 2023; x_wconf 88' lang='lat' dir='ltr'>rena</span> <span class='ocrx_word' id='word_1_643' title='bbox 1028 2003 1056 2023; x_wconf 83' lang='lat' dir='ltr'>c.</span> <span class='ocrx_word' id='word_1_644' title='bbox 1077 1996 1125 2028; x_wconf 82' lang='lat'>19.</span> <span class='ocrx_word' id='word_1_645' title='bbox 1143 1998 1193 2022; x_wconf 86' lang='lat' dir='ltr'>est</span> <span class='ocrx_word' id='word_1_646' title='bbox 1210 1991 1337 2022; x_wconf 72' lang='lat' dir='ltr'>Roscia.</span> 
     </span>
    </p>

    <p class='ocr_par' dir='ltr' id='par_1_16' title="bbox 926 2032 1666 2985">
     <span class='ocr_line' id='line_1_107' title="bbox 974 2032 1661 2074; baseline -0.006 -7"><span class='ocrx_word' id='word_1_647' title='bbox 974 2037 1087 2073; x_wconf 55' lang='lat' dir='ltr'>Pam,</span> <span class='ocrx_word' id='word_1_648' title='bbox 1104 2036 1172 2066; x_wconf 82' lang='lat' dir='ltr'>lata</span> <span class='ocrx_word' id='word_1_649' title='bbox 1187 2045 1207 2065; x_wconf 87' lang='lat' dir='ltr'>a</span> <span class='ocrx_word' id='word_1_650' title='bbox 1227 2034 1260 2065; x_wconf 91' lang='lat' dir='ltr'>C.</span> <span class='ocrx_word' id='word_1_651' title='bbox 1278 2034 1396 2074; x_wconf 80' lang='lat' dir='ltr'>Papio,</span> <span class='ocrx_word' id='word_1_652' title='bbox 1413 2033 1490 2064; x_wconf 86' lang='lat' dir='ltr'>trib.</span> <span class='ocrx_word' id='word_1_653' title='bbox 1507 2032 1552 2074; x_wconf 89' lang='lat' dir='ltr'>pl.</span> <span class='ocrx_word' id='word_1_654' title='bbox 1567 2033 1606 2064; x_wconf 85' lang='lat' dir='ltr'>A.</span> <span class='ocrx_word' id='word_1_655' title='bbox 1619 2033 1661 2064; x_wconf 90' lang='lat' dir='ltr'>U.</span> 
     </span>
     <span class='ocr_line' id='line_1_108' title="bbox 931 2077 1664 2116; baseline -0.003 -6"><span class='ocrx_word' id='word_1_656' title='bbox 931 2087 1144 2110; x_wconf 67' lang='lat' dir='ltr'>Dctxxxvni.</span> <span class='ocrx_word' id='word_1_657' title='bbox 1190 2078 1291 2109; x_wconf 85' lang='lat' dir='ltr'>Cotta</span> <span class='ocrx_word' id='word_1_658' title='bbox 1319 2083 1353 2107; x_wconf 81' lang='lat' dir='ltr'>et</span> <span class='ocrx_word' id='word_1_659' title='bbox 1380 2077 1549 2116; x_wconf 84' lang='lat' dir='ltr'>Torquato</span> <span class='ocrx_word' id='word_1_660' title='bbox 1572 2077 1664 2108; x_wconf 87' lang='lat' dir='ltr'>Coss.</span> 
     </span>
     <span class='ocr_line' id='line_1_109' title="bbox 932 2119 1663 2161; baseline -0.001 -10"><span class='ocrx_word' id='word_1_661' title='bbox 932 2134 963 2154; x_wconf 90' lang='lat' dir='ltr'>v.</span> <span class='ocrx_word' id='word_1_662' title='bbox 979 2123 1044 2154; x_wconf 87' lang='lat' dir='ltr'>Dio</span> <span class='ocrx_word' id='word_1_663' title='bbox 1061 2123 1191 2152; x_wconf 76' lang='lat' dir='ltr'>Cassius</span> <span class='ocrx_word' id='word_1_664' title='bbox 1208 2121 1326 2152; x_wconf 71' lang='lat' dir='ltr'>xxxvii.</span> <span class='ocrx_word' id='word_1_665' title='bbox 1344 2130 1375 2161; x_wconf 89' lang='lat' dir='ltr'>p.</span> <span class='ocrx_word' id='word_1_666' title='bbox 1392 2124 1444 2151; x_wconf 81' lang='lat'>33.</span> <span class='ocrx_word' id='word_1_667' title='bbox 1490 2119 1571 2150; x_wconf 86' lang='lat' dir='ltr'>Eam</span> <span class='ocrx_word' id='word_1_668' title='bbox 1590 2120 1663 2160; x_wconf 88' lang='lat' dir='ltr'>plu·</span> 
     </span>
     <span class='ocr_line' id='line_1_110' title="bbox 933 2163 1664 2203; baseline -0.004 -7"><span class='ocrx_word' id='word_1_669' title='bbox 933 2168 1022 2198; x_wconf 87' lang='lat' dir='ltr'>ribus</span> <span class='ocrx_word' id='word_1_670' title='bbox 1039 2166 1118 2196; x_wconf 77' lang='lat' dir='ltr'>locis</span> <span class='ocrx_word' id='word_1_671' title='bbox 1130 2170 1370 2196; x_wconf 83' lang='lat' dir='ltr'>commemorat</span> <span class='ocrx_word' id='word_1_672' title='bbox 1386 2164 1454 2193; x_wconf 85' lang='lat' dir='ltr'>Cic.</span> <span class='ocrx_word' id='word_1_673' title='bbox 1472 2174 1530 2203; x_wconf 90' lang='lat' dir='ltr'>pro</span> <span class='ocrx_word' id='word_1_674' title='bbox 1541 2163 1664 2194; x_wconf 83' lang='lat' dir='ltr'>Archia</span> 
     </span>
     <span class='ocr_line' id='line_1_111' title="bbox 933 2207 1661 2250; baseline -0.003 -11"><span class='ocrx_word' id='word_1_675' title='bbox 933 2220 961 2240; x_wconf 88' lang='lat' dir='ltr'>c.</span> <span class='ocrx_word' id='word_1_676' title='bbox 993 2214 1023 2242; x_wconf 91' lang='lat'>5.</span> <span class='ocrx_word' id='word_1_677' title='bbox 1053 2220 1113 2250; x_wconf 88' lang='lat' dir='ltr'>pro</span> <span class='ocrx_word' id='word_1_678' title='bbox 1143 2208 1245 2239; x_wconf 89' lang='lat' dir='ltr'>Balbo</span> <span class='ocrx_word' id='word_1_679' title='bbox 1267 2210 1320 2240; x_wconf 68' lang='lat'>93.</span> <span class='ocrx_word' id='word_1_680' title='bbox 1344 2207 1386 2237; x_wconf 84' lang='lat' dir='ltr'>ad</span> <span class='ocrx_word' id='word_1_681' title='bbox 1416 2207 1518 2237; x_wconf 77' lang='lat' dir='ltr'>Attio.</span> <span class='ocrx_word' id='word_1_682' title='bbox 1542 2207 1583 2237; x_wconf 86' lang='lat' dir='ltr'>iv.</span> <span class='ocrx_word' id='word_1_683' title='bbox 1612 2210 1661 2238; x_wconf 81' lang='lat'>14.</span> 
     </span>
     <span class='ocr_line' id='line_1_112' title="bbox 933 2250 1664 2290; baseline -0.007 -6"><span class='ocrx_word' id='word_1_684' title='bbox 933 2253 1027 2284; x_wconf 81' lang='lat' dir='ltr'>offic.</span> <span class='ocrx_word' id='word_1_685' title='bbox 1044 2254 1091 2283; x_wconf 90' lang='lat' dir='ltr'>iii.</span> <span class='ocrx_word' id='word_1_686' title='bbox 1111 2255 1159 2283; x_wconf 91' lang='grc'>11.</span> <span class='ocrx_word' id='word_1_687' title='bbox 1204 2252 1333 2289; x_wconf 79' lang='lat' dir='ltr'>sanxit,</span> <span class='ocrx_word' id='word_1_688' title='bbox 1350 2255 1387 2280; x_wconf 79' lang='lat' dir='ltr'>ut</span> <span class='ocrx_word' id='word_1_689' title='bbox 1398 2251 1567 2290; x_wconf 59' lang='lat' dir='ltr'>peregwini</span> <span class='ocrx_word' id='word_1_690' title='bbox 1584 2250 1664 2280; x_wconf 80' lang='lat' dir='ltr'>urbe</span> 
     </span>
     <span class='ocr_line' id='line_1_113' title="bbox 926 2294 1664 2336; baseline -0.005 -9"><span class='ocrx_word' id='word_1_691' title='bbox 926 2299 1142 2336; x_wconf 76' lang='lat' dir='ltr'>pellerentur,</span> <span class='ocrx_word' id='word_1_692' title='bbox 1166 2300 1196 2324; x_wconf 79' lang='lat' dir='ltr'>et</span> <span class='ocrx_word' id='word_1_693' title='bbox 1225 2295 1299 2324; x_wconf 77' lang='lat' dir='ltr'>socii</span> <span class='ocrx_word' id='word_1_694' title='bbox 1329 2294 1444 2324; x_wconf 79' lang='lat' dir='ltr'>Latini</span> <span class='ocrx_word' id='word_1_695' title='bbox 1470 2294 1606 2323; x_wconf 77' lang='lat' dir='ltr'>nominis</span> <span class='ocrx_word' id='word_1_696' title='bbox 1628 2294 1664 2323; x_wconf 80' lang='lat' dir='ltr'>in</span> 
     </span>
     <span class='ocr_line' id='line_1_114' title="bbox 931 2337 1663 2376; baseline -0.007 -5"><span class='ocrx_word' id='word_1_697' title='bbox 931 2350 1009 2370; x_wconf 81' lang='lat' dir='ltr'>suas</span> <span class='ocrx_word' id='word_1_698' title='bbox 1039 2342 1182 2370; x_wconf 70' lang='lat' dir='ltr'>civitates</span> <span class='ocrx_word' id='word_1_699' title='bbox 1212 2339 1450 2376; x_wconf 77' lang='lat' dir='ltr'>redigerentur.</span> <span class='ocrx_word' id='word_1_700' title='bbox 1497 2337 1663 2375; x_wconf 82' lang='lat' dir='ltr'>Peregrini</span> 
     </span>
     <span class='ocr_line' id='line_1_115' title="bbox 932 2379 1662 2422; baseline -0.005 -8"><span class='ocrx_word' id='word_1_701' title='bbox 932 2394 972 2414; x_wconf 87' lang='lat' dir='ltr'>ea</span> <span class='ocrx_word' id='word_1_702' title='bbox 987 2387 1086 2413; x_wconf 64' lang='lat' dir='ltr'>aptate</span> <span class='ocrx_word' id='word_1_703' title='bbox 1103 2384 1159 2422; x_wconf 81' lang='lat' dir='ltr'>qui</span> <span class='ocrx_word' id='word_1_704' title='bbox 1176 2381 1256 2412; x_wconf 79' lang='lat' dir='ltr'>dicti</span> <span class='ocrx_word' id='word_1_705' title='bbox 1272 2382 1353 2418; x_wconf 89' lang='lat' dir='ltr'>sint,</span> <span class='ocrx_word' id='word_1_706' title='bbox 1370 2381 1467 2411; x_wconf 74' lang='lat' dir='ltr'>docet</span> <span class='ocrx_word' id='word_1_707' title='bbox 1484 2379 1662 2419; x_wconf 83' lang='lat' dir='ltr'>Spanhem.</span> 
     </span>
     <span class='ocr_line' id='line_1_116' title="bbox 932 2423 1662 2465; baseline -0.007 -8"><span class='ocrx_word' id='word_1_708' title='bbox 932 2428 966 2457; x_wconf 92' lang='lat' dir='ltr'>in</span> <span class='ocrx_word' id='word_1_709' title='bbox 997 2427 1074 2457; x_wconf 91' lang='lat' dir='ltr'>Orb.</span> <span class='ocrx_word' id='word_1_710' title='bbox 1106 2427 1202 2457; x_wconf 84' lang='lat' dir='ltr'>Rom.</span> <span class='ocrx_word' id='word_1_711' title='bbox 1233 2435 1265 2465; x_wconf 92' lang='lat' dir='ltr'>p.</span> <span class='ocrx_word' id='word_1_712' title='bbox 1297 2434 1341 2454; x_wconf 91' lang='lat' dir='ltr'>m.</span> <span class='ocrx_word' id='word_1_713' title='bbox 1365 2425 1438 2455; x_wconf 79' lang='lat'>363.</span> <span class='ocrx_word' id='word_1_714' title='bbox 1485 2423 1527 2452; x_wconf 87' lang='lat' dir='ltr'>Hi</span> <span class='ocrx_word' id='word_1_715' title='bbox 1555 2423 1662 2463; x_wconf 90' lang='lat' dir='ltr'>primo</span> 
     </span>
     <span class='ocr_line' id='line_1_117' title="bbox 932 2467 1662 2511; baseline -0.007 -11"><span class='ocrx_word' id='word_1_716' title='bbox 932 2471 1040 2511; x_wconf 84' lang='lat' dir='ltr'>capite</span> <span class='ocrx_word' id='word_1_717' title='bbox 1056 2470 1136 2508; x_wconf 72' lang='lat' dir='ltr'>legis</span> <span class='ocrx_word' id='word_1_718' title='bbox 1152 2479 1192 2499; x_wconf 83' lang='lat' dir='ltr'>ex</span> <span class='ocrx_word' id='word_1_719' title='bbox 1209 2469 1288 2498; x_wconf 91' lang='lat' dir='ltr'>urbe</span> <span class='ocrx_word' id='word_1_720' title='bbox 1312 2467 1400 2497; x_wconf 88' lang='lat' dir='ltr'>exire</span> <span class='ocrx_word' id='word_1_721' title='bbox 1410 2467 1495 2505; x_wconf 87' lang='lat' dir='ltr'>jussi</span> <span class='ocrx_word' id='word_1_722' title='bbox 1511 2470 1603 2503; x_wconf 85' lang='lat' dir='ltr'>sunt,</span> <span class='ocrx_word' id='word_1_723' title='bbox 1621 2476 1662 2496; x_wconf 87' lang='lat' dir='ltr'>ne</span> 
     </span>
     <span class='ocr_line' id='line_1_118' title="bbox 931 2489 1663 2553; baseline -0.005 -9"><span class='ocrx_word' id='word_1_724' title='bbox 931 2524 965 2544; x_wconf 87' lang='lat' dir='ltr'>se</span> <span class='ocrx_word' id='word_1_725' title='bbox 989 2524 1047 2553; x_wconf 90' lang='lat' dir='ltr'>pro</span> <span class='ocrx_word' id='word_1_726' title='bbox 1070 2513 1194 2543; x_wconf 85' lang='lat' dir='ltr'>civibus</span> <span class='ocrx_word' id='word_1_727' title='bbox 1217 2512 1313 2542; x_wconf 85' lang='lat' dir='ltr'>Rom.</span> <span class='ocrx_word' id='word_1_728' title='bbox 1343 2514 1509 2549; x_wconf 75' lang='lat' dir='ltr'>gererent,</span> <span class='ocrx_word' id='word_1_729' title='bbox 1533 2489 1620 2548; x_wconf 64' lang='lat' dir='ltr'>quo&#39;d</span> <span class='ocrx_word' id='word_1_730' title='bbox 1643 2519 1663 2540; x_wconf 75' lang='lat' dir='ltr'>a</span> 
     </span>
     <span class='ocr_line' id='line_1_119' title="bbox 933 2553 1663 2592; baseline -0.008 -5"><span class='ocrx_word' id='word_1_731' title='bbox 933 2557 1046 2588; x_wconf 85' lang='lat' dir='ltr'>multis</span> <span class='ocrx_word' id='word_1_732' title='bbox 1063 2557 1176 2592; x_wconf 83' lang='lat' dir='ltr'>fiebat,</span> <span class='ocrx_word' id='word_1_733' title='bbox 1193 2563 1232 2585; x_wconf 87' lang='lat' dir='ltr'>ut</span> <span class='ocrx_word' id='word_1_734' title='bbox 1246 2554 1324 2585; x_wconf 83' lang='lat' dir='ltr'>olim</span> <span class='ocrx_word' id='word_1_735' title='bbox 1342 2553 1565 2584; x_wconf 83' lang='lat' dir='ltr'>Gracchorum</span> <span class='ocrx_word' id='word_1_736' title='bbox 1577 2557 1663 2582; x_wconf 86' lang='lat' dir='ltr'>tem-</span> 
     </span>
     <span class='ocr_line' id='line_1_120' title="bbox 931 2597 1662 2640; baseline -0.005 -11"><span class='ocrx_word' id='word_1_737' title='bbox 931 2601 1064 2640; x_wconf 87' lang='lat' dir='ltr'>poribus</span> <span class='ocrx_word' id='word_1_738' title='bbox 1096 2609 1116 2630; x_wconf 83' lang='lat' dir='ltr'>a</span> <span class='ocrx_word' id='word_1_739' title='bbox 1146 2599 1258 2629; x_wconf 88' lang='lat' dir='ltr'>Penno</span> <span class='ocrx_word' id='word_1_740' title='bbox 1281 2599 1353 2636; x_wconf 83' lang='lat' dir='ltr'>jam</span> <span class='ocrx_word' id='word_1_741' title='bbox 1384 2597 1550 2627; x_wconf 78' lang='lat' dir='ltr'>sancitum</span> <span class='ocrx_word' id='word_1_742' title='bbox 1578 2600 1662 2634; x_wconf 76' lang='lat' dir='ltr'>erat,</span> 
     </span>
     <span class='ocr_line' id='line_1_121' title="bbox 931 2639 1664 2680; baseline -0.007 -7"><span class='ocrx_word' id='word_1_743' title='bbox 931 2650 1018 2673; x_wconf 77' lang='lat' dir='ltr'>teste</span> <span class='ocrx_word' id='word_1_744' title='bbox 1042 2643 1111 2673; x_wconf 77' lang='lat' dir='ltr'>Cic.</span> <span class='ocrx_word' id='word_1_745' title='bbox 1134 2642 1173 2672; x_wconf 90' lang='lat' dir='ltr'>de</span> <span class='ocrx_word' id='word_1_746' title='bbox 1195 2642 1259 2672; x_wconf 77' lang='lat' dir='ltr'>Off.</span> <span class='ocrx_word' id='word_1_747' title='bbox 1276 2641 1321 2672; x_wconf 91' lang='lat' dir='ltr'>iii.</span> <span class='ocrx_word' id='word_1_748' title='bbox 1342 2644 1390 2671; x_wconf 92' lang='grc'>11.</span> <span class='ocrx_word' id='word_1_749' title='bbox 1407 2641 1462 2680; x_wconf 89' lang='lat' dir='ltr'>qui</span> <span class='ocrx_word' id='word_1_750' title='bbox 1480 2639 1565 2669; x_wconf 82' lang='lat' dir='ltr'>hanc</span> <span class='ocrx_word' id='word_1_751' title='bbox 1589 2649 1664 2669; x_wconf 83' lang='lat' dir='ltr'>cru-</span> 
     </span>
     <span class='ocr_line' id='line_1_122' title="bbox 933 2683 1665 2734; baseline -0.008 -17"><span class='ocrx_word' id='word_1_752' title='bbox 933 2687 1105 2717; x_wconf 80' lang='lat' dir='ltr'>delitatem</span> <span class='ocrx_word' id='word_1_753' title='bbox 1121 2696 1139 2713; x_wconf 88' lang='lat' dir='ltr'>v</span> <span class='ocrx_word' id='word_1_754' title='bbox 1142 2684 1214 2715; x_wconf 84' lang='lat' dir='ltr'>alde</span> <span class='ocrx_word' id='word_1_755' title='bbox 1229 2684 1404 2734; x_wconf 78' lang='lat' dir='ltr'>improbat.</span> <span class='ocrx_word' id='word_1_756' title='bbox 1447 2683 1598 2713; x_wconf 87' lang='lat' dir='ltr'>Alterum</span> <span class='ocrx_word' id='word_1_757' title='bbox 1611 2692 1665 2712; x_wconf 88' lang='lat' dir='ltr'>ca-</span> 
     </span>
     <span class='ocr_line' id='line_1_123' title="bbox 933 2726 1663 2770; baseline -0.007 -9"><span class='ocrx_word' id='word_1_758' title='bbox 933 2736 995 2770; x_wconf 90' lang='lat' dir='ltr'>put</span> <span class='ocrx_word' id='word_1_759' title='bbox 1016 2730 1094 2766; x_wconf 81' lang='lat' dir='ltr'>suit,</span> <span class='ocrx_word' id='word_1_760' title='bbox 1112 2738 1153 2758; x_wconf 88' lang='lat' dir='ltr'>ne</span> <span class='ocrx_word' id='word_1_761' title='bbox 1175 2728 1254 2758; x_wconf 81' lang='lat' dir='ltr'>sot-ii</span> <span class='ocrx_word' id='word_1_762' title='bbox 1279 2727 1388 2757; x_wconf 86' lang='lat' dir='ltr'>Latini</span> <span class='ocrx_word' id='word_1_763' title='bbox 1411 2726 1524 2756; x_wconf 67' lang='lat' dir='ltr'>Romae</span> <span class='ocrx_word' id='word_1_764' title='bbox 1540 2730 1663 2762; x_wconf 76' lang='lat' dir='ltr'>essent,</span> 
     </span>
     <span class='ocr_line' id='line_1_124' title="bbox 934 2769 1665 2806; baseline -0.008 -3"><span class='ocrx_word' id='word_1_765' title='bbox 934 2784 976 2803; x_wconf 86' lang='lat' dir='ltr'>ne</span> <span class='ocrx_word' id='word_1_766' title='bbox 992 2773 1087 2804; x_wconf 83' lang='lat' dir='ltr'>urbes</span> <span class='ocrx_word' id='word_1_767' title='bbox 1102 2773 1266 2802; x_wconf 83' lang='lat' dir='ltr'>sociorum</span> <span class='ocrx_word' id='word_1_768' title='bbox 1291 2770 1400 2800; x_wconf 86' lang='lat' dir='ltr'>Latin.</span> <span class='ocrx_word' id='word_1_769' title='bbox 1416 2775 1516 2799; x_wconf 67' lang='lat' dir='ltr'>vastae</span> <span class='ocrx_word' id='word_1_770' title='bbox 1534 2769 1665 2806; x_wconf 79' lang='lat' dir='ltr'>fierent,</span> 
     </span>
     <span class='ocr_line' id='line_1_125' title="bbox 935 2811 1664 2856; baseline -0.007 -10"><span class='ocrx_word' id='word_1_771' title='bbox 935 2816 1022 2856; x_wconf 88' lang='lat' dir='ltr'>quod</span> <span class='ocrx_word' id='word_1_772' title='bbox 1038 2817 1108 2856; x_wconf 85' lang='lat' dir='ltr'>jam</span> <span class='ocrx_word' id='word_1_773' title='bbox 1125 2815 1257 2845; x_wconf 80' lang='lat' dir='ltr'>anteA.</span> <span class='ocrx_word' id='word_1_774' title='bbox 1277 2813 1316 2844; x_wconf 91' lang='lat' dir='ltr'>U.</span> <span class='ocrx_word' id='word_1_775' title='bbox 1333 2821 1470 2844; x_wconf 74' lang='grc' dir='ltr'><strong>οιΧΧνι.</strong></span> <span class='ocrx_word' id='word_1_776' title='bbox 1487 2811 1538 2842; x_wconf 64' lang='lat' dir='ltr'>let</span> <span class='ocrx_word' id='word_1_777' title='bbox 1566 2811 1664 2842; x_wconf 79' lang='lat' dir='ltr'>Clau-</span> 
     </span>
     <span class='ocr_line' id='line_1_126' title="bbox 935 2855 1662 2896; baseline -0.01 -6"><span class='ocrx_word' id='word_1_778' title='bbox 935 2861 990 2890; x_wconf 76' lang='lat' dir='ltr'>daz</span> <span class='ocrx_word' id='word_1_779' title='bbox 1014 2858 1203 2889; x_wconf 86' lang='lat' dir='ltr'>Consularis</span> <span class='ocrx_word' id='word_1_780' title='bbox 1234 2862 1351 2896; x_wconf 78' lang='lat' dir='ltr'>rogatu</span> <span class='ocrx_word' id='word_1_781' title='bbox 1383 2857 1528 2896; x_wconf 86' lang='lat' dir='ltr'>ipsorum</span> <span class='ocrx_word' id='word_1_782' title='bbox 1559 2855 1662 2884; x_wconf 87' lang='lat' dir='ltr'>socio-</span> 
     </span>
     <span class='ocr_line' id='line_1_127' title="bbox 937 2897 1663 2939; baseline -0.008 -6"><span class='ocrx_word' id='word_1_783' title='bbox 937 2913 1010 2933; x_wconf 87' lang='lat' dir='ltr'>rum</span> <span class='ocrx_word' id='word_1_784' title='bbox 1033 2906 1200 2939; x_wconf 76' lang='lat' dir='ltr'>sanxerat,</span> <span class='ocrx_word' id='word_1_785' title='bbox 1218 2911 1298 2931; x_wconf 82' lang='lat' dir='ltr'>neve</span> <span class='ocrx_word' id='word_1_786' title='bbox 1320 2910 1354 2930; x_wconf 80' lang='lat' dir='ltr'>se</span> <span class='ocrx_word' id='word_1_787' title='bbox 1377 2909 1437 2939; x_wconf 85' lang='lat' dir='ltr'>pro</span> <span class='ocrx_word' id='word_1_788' title='bbox 1453 2898 1576 2928; x_wconf 70' lang='lat' dir='ltr'>‹ixibus</span> <span class='ocrx_word' id='word_1_789' title='bbox 1600 2897 1663 2928; x_wconf 82' lang='lat' dir='ltr'>Ro-</span> 
     </span>
     <span class='ocr_line' id='line_1_128' title="bbox 936 2939 1666 2985; baseline -0.008 -9"><span class='ocrx_word' id='word_1_790' title='bbox 936 2947 1043 2978; x_wconf 78' lang='lat' dir='ltr'>manis</span> <span class='ocrx_word' id='word_1_791' title='bbox 1062 2950 1215 2985; x_wconf 82' lang='lat' dir='ltr'>gererent</span> <span class='ocrx_word' id='word_1_792' title='bbox 1231 2955 1261 2974; x_wconf 87' lang='lat' dir='ltr'>v.</span> <span class='ocrx_word' id='word_1_793' title='bbox 1278 2943 1347 2975; x_wconf 90' lang='lat' dir='ltr'>Liv.</span> <span class='ocrx_word' id='word_1_794' title='bbox 1366 2942 1420 2985; x_wconf 72' lang='lat' dir='ltr'>xli.</span> <span class='ocrx_word' id='word_1_795' title='bbox 1438 2945 1467 2972; x_wconf 85' lang='grc'>8.</span> <span class='ocrx_word' id='word_1_796' title='bbox 1479 2946 1510 2976; x_wconf 83' lang='grc'>9.</span> <span class='ocrx_word' id='word_1_797' title='bbox 1526 2946 1561 2971; x_wconf 87' lang='lat' dir='ltr'>et</span> <span class='ocrx_word' id='word_1_798' title='bbox 1571 2939 1666 2981; x_wconf 82' lang='lat' dir='ltr'>paul-</span> 
     </span>
    </p>
   </div>
  </div>
 </body>
</html>
