1800 3131
127 56 213 94 404

175 152 384 195 „Quaestoriuffi
404 149 501 182 verr.
515 149 537 181 i.
548 151 602 182 21.
624 150 755 191 legatus
769 158 855 191 quae-

132 198 263 235 storius,
281 202 345 234 est,
362 195 418 236 qui
433 199 509 235 post
521 198 725 235 quaesturam
740 195 780 225 fit
796 194 856 225 ali-

134 240 231 280 cujus
249 239 462 280 Imperatoris
477 237 620 279 legatus.

178 283 344 326 taoestus,
359 281 399 314 de
415 282 551 314 foenore.
576 282 641 313 Pis.
652 285 704 313 35.
727 282 760 312 in
772 290 858 322 quoe-

136 332 189 359 stu
207 328 394 366 relinquere
410 327 599 367 pecuniam.
615 326 658 356 cf.
675 324 791 355 Manil.
809 327 859 355 13.

136 371 155 391 θ’
171 370 306 402 Cluent.
318 371 371 402 26.
387 371 440 402 36.
465 374 604 411 quoestus
615 369 753 400 forensis
764 369 862 406 etju-

140 415 319 446 diciarins:
344 414 384 445 de
411 415 554 455 pecunia
579 414 621 444 ob
637 411 861 453 judicandum

140 463 260 490 contra
274 458 363 498 leges
379 465 528 498 accepta.

182 502 348 544 Qualitas.
372 502 428 533 Gr.
452 499 589 538 ταύτης,
604 498 643 529 de
660 509 726 538 qua
740 508 770 528 v.
789 497 863 528 Ind.

139 546 288 577 Graecus.

183 590 311 631 Quum,
334 588 443 619 valde.
467 588 538 618 Att.
554 597 586 617 x.
607 589 656 616 10.
669 588 767 616 tuum
781 594 861 614 con-

139 633 253 665 silium
286 643 385 673 quam
415 640 528 661 verum
553 635 615 660 est.
640 629 718 659 ibid.
742 629 804 658 xiv.
829 631 860 659 8.

139 688 241 718 quam
264 686 386 707 severe.
408 676 449 715 Ω.
475 674 525 704 Fr.
547 673 583 703 ii.
606 674 636 704 6.
660 682 740 703 sane
764 681 863 712 quam

141 721 280 752 refrixit.
307 719 348 750 ad
370 719 440 749 Att.
456 718 477 748 i.
506 720 555 747 ll.
579 717 662 747 mire
684 726 784 757 quam
808 715 864 746 de-

140 764 254 795 lectat.
286 762 365 793 ibid.
388 762 456 792 xiii.
479 762 531 791 21.
561 760 669 791 literae
700 760 866 799 antiquio-

141 818 193 839 res
217 817 317 848 quum
340 815 435 836 ruere
459 805 569 845 coepit.
592 805 635 835 ix.
653 808 684 838 9.
717 804 865 844 superio-

141 861 213 884 rem
229 860 328 891 quam
343 849 443 880 hunc.
461 859 491 879 v.
507 851 576 879 not.
592 847 632 887 Ω.
650 847 700 878 Fr.
716 848 764 878 iii.
779 850 810 878 4.

183 895 357 937 Quamvis,
370 893 473 923 valde.
486 891 667 922 Rosc.Am.
683 892 734 922 32.
750 900 864 932 quam-

141 941 187 972 vis
203 939 260 969 diu
276 938 398 968 dicere.
413 936 456 966 cf.
469 935 569 966 Tuse.
584 935 605 965 i.
621 937 674 967 21.

183 982 397 1024 Quandoque,
407 979 598 1018 aliquando.
610 979 650 1010 ad
663 979 740 1010 Div.
754 979 797 1009 vi.
814 981 862 1012 19.

140 1026 250 1067 quoad
267 1025 323 1055 ille
339 1025 529 1065 quandoque
543 1023 668 1053 veniat.

184 1070 358 1111 ‚Quantum
372 1079 431 1108 pro
447 1067 619 1107 quamdiu.
642 1066 715 1097 Att.
731 1066 774 1096 vi.
791 1068 822 1097 5.
839 1066 866 1098 si

141 1114 243 1145 lectio
259 1123 342 1144 sana
356 1117 418 1143 est.

183 1158 303 1199 Quasi,
327 1156 410 1193 fere,
439 1154 538 1185 cirea.
568 1154 644 1184 Act.
669 1154 691 1184 i.
713 1153 807 1184 Verr.
835 1156 866 1185 8.

138 1203 233 1243 quasi
261 1196 376 1231 deee'm
406 1199 491 1229 fisci.
521 1197 564 1229 cf.
581 1198 639 1228 Or.
666 1200 715 1228 13.
737 1197 757 1216 ¹*
782 1197 865 1227 Cato

143 1249 193 1280 19.
216 1245 279 1276 sibi
301 1243 504 1284 respondent
531 1243 723 1282 quasi—sie.
750 1241 804 1272 lta
832 1244 866 1271 et

139 1289 209 1326 alii,
226 1292 265 1319 ut
279 1289 416 1318 Sueton.
430 1286 504 1316 Tib.
518 1289 569 1316 50.

184 1334 345 1374 Quassus.
370 1331 478 1361 Subst.
501 1330 602 1360 Tuse.
619 1329 652 1359 ii.
669 1330 722 1360 21.

185 1376 416 1418 ‚Quatuorniru
440 1373 574 1404 Cluent.
593 1376 623 1404 8.
648 1373 865 1412 magistratus

141 1419 374 1460 municipales,
403 1418 460 1457 qui
489 1427 509 1448 a
542 1426 682 1447 numero
713 1416 865 1446 solebant

144 1463 324 1504 appellari:
364 1462 403 1492 de
421 1462 470 1492 his
494 1471 524 1491 v.
541 1460 674 1491 Manut.
691 1459 733 1490 ad
756 1460 864 1499 Epist.

140 1508 182 1538 ad
198 1508 275 1538 Div.
293 1507 362 1537 xiii.
387 1506 440 1540 76.
464 1505 521 1535 ubi
537 1509 589 1534 est
604 1504 746 1534 colonici
763 1504 866 1542 magi-

139 1556 268 1583 stratus
285 1559 420 1581 nomen.
438 1548 480 1579 cf.
495 1548 537 1578 ad
560 1558 591 1578 x.
609 1549 661 1578 32.
686 1552 720 1577 et
736 1546 866 1577 Bimar-

139 1595 220 1625 dum
239 1596 273 1624 in
289 1594 387 1634 epist.
404 1592 446 1623 ad
461 1592 638 1629 Maffeum‚
659 1594 684 1621 t.
701 1591 723 1621 i.
740 1601 773 1631 p.
794 1594 865 1621 115.

141 1638 298 1678 Inscript.
322 1636 447 1668 Murat.
465 1636 520 1666 ubi
546 1640 665 1665 contra
693 1635 867 1665 Sucietum

141 1683 305 1723 disputat,
322 1681 378 1720 qui
393 1680 620 1720 quatuorvz'ms
635 1679 669 1709 in
692 1678 869 1719 praesectu-

142 1727 185 1757 ris
201 1726 301 1756 fuisse
319 1724 449 1755 statuit.

185 1769 331 1811 „Querela
352 1767 471 1798 frontis
494 1770 574 1796 tuae.
600 1776 660 1806 pro
687 1764 727 1795 de
757 1764 867 1796 fronte

140 1817 212 1844 tua.
237 1814 290 1844 Sic
318 1811 359 1842 ad
373 1811 450 1842 Div.
469 1810 502 1840 ii.
523 1810 573 1840 16.
595 1811 725 1850 querela
739 1815 869 1849 tempo-

138 1866 228 1895 rum,
244 1861 278 1887 et
293 1856 429 1897 quereloe
456 1863 534 1885 cum
559 1853 731 1886 Deiotaro.
755 1853 869 1885 Deiot.

141 1911 170 1932 c.
188 1904 220 1932 3.

185 1945 265 1986 Qui.
288 1943 359 1974 Att.
386 1943 407 1973 i.
437 1943 487 1974 16.
511 1951 609 1972 narra
630 1945 771 1981 patrono
795 1945 869 1981 tuo,

142 1999 214 2030 quae
237 1988 414 2028 Arpinates
441 1995 541 2026 aquas
567 1985 770 2025 concupivit.
794 1995 868 2024 quae

141 2033 239 2069 dixit,
255 2033 333 2071 quia
354 2041 463 2061 serino
487 2034 538 2059 est
564 2028 603 2059 de
630 2029 755 2059 Clodia.
781 2029 869 2059 Con-

140 2081 196 2107 tra
211 2075 252 2105 ad
267 2075 343 2105 Div.
362 2075 382 2104 i.
398 2079 428 2109 9.
452 2076 526 2114 post
549 2073 637 2103 furia
653 2072 868 2103 muliebrium

140 2119 357 2159 religionum,
369 2118 521 2157 sequitur
534 2118 590 2157 qui
604 2129 612 2146 :
629 2117 786 2156 quoniam
804 2126 872 2146 ser-

144 2174 200 2195 mo
216 2168 267 2193 est
282 2162 322 2192 de
348 2161 475 2192 Clodio.
497 2161 562 2191 vid.
592 2160 694 2190 etiam
727 2160 870 2191 Gronov.

142 2207 186 2238 ad
211 2206 318 2237 Plaut.
336 2204 483 2236 Mostell.
506 2205 527 2235 i.
552 2207 583 2235 3.
608 2207 658 2238 87.
682 2203 700 2223 *²
717 2203 781 2234 ahl.
805 2204 870 2243 qui.

142 2251 248 2283 Attio.
264 2251 333 2280 xiii.
361 2252 414 2282 23.
438 2249 573 2286 habere,
590 2249 644 2288 qui
661 2251 745 2278 utar.
764 2247 871 2277 Groev.

145 2294 262 2324 laudat
287 2293 389 2324 Gron.
405 2292 544 2323 Sestert.
570 2292 604 2322 ii.
623 2295 653 2326 7.
688 2292 706 2310 *θ
723 2291 823 2331 quod,
841 2300 870 2321 v.

148 2338 249 2368 infra.

190 2381 372 2421 chiescere.
404 2378 506 2409 Acad.
526 2379 569 2409 iv.
589 2380 641 2412 29.
666 2388 698 2408 v.
718 2377 875 2418 ἡσυχάζειν

146 2424 182 2455 in
199 2425 272 2454 lnd.
289 2424 345 2454 Gr.
368 2423 387 2441 ²*
402 2423 503 2454 Tuse.
519 2433 549 2452 v.
567 2424 618 2456 27.
635 2423 669 2452 in
686 2432 753 2461 rep.
771 2432 873 2462 quaes-

144 2478 226 2500 cere.
243 2468 264 2498 i.
290 2467 398 2498 nullos
414 2466 630 2505 magistratus
644 2475 826 2505 capessere.

191 2511 283 2552 Quin
309 2521 368 2551 pro
385 2520 486 2549 quare
503 2519 580 2539 non.
604 2509 724 2550 Quint.
741 2514 771 2543 9.
795 2519 873 2539 can·

146 2565 193 2587 5ae
209 2554 294 2585 nihil
313 2560 397 2592 erat,
413 2555 492 2594 quin
515 2562 610 2583 secus
631 2553 802 2590 ‚judicaret
832 2552 872 2582 de

145 2609 193 2630 se.
209 2603 245 2629 et
270 2599 316 2629 sic
336 2607 423 2638 saepe
450 2598 485 2627 in
502 2597 564 2627 hac
587 2597 747 2627 oratione·
764 2599 824 2626 est.
842 2606 871 2626 v.

147 2643 286 2675 Hotom.
304 2642 338 2671 in
351 2646 420 2671 not.

190 2686 383 2727 Quinctium.
416 2684 497 2714 Cato
518 2687 567 2718 17.
600 2683 717 2713 directi
734 2684 766 2714 in
780 2685 874 2724 quin-

144 2739 278 2762 cuncem
294 2728 437 2758 ordines.
454 2727 516 2757 hoc
533 2727 612 2766 quid
638 2728 694 2766 sit,
711 2728 790 2758 satis
818 2738 874 2758 ex-

147 2774 294 2814 positum
311 2777 362 2802 est
378 2772 411 2801 in
428 2770 539 2801 Lexic.
561 2771 664 2801 Fabri.

191 2817 334 2858 Quippe,
367 2814 597 2854 respondentis
627 2819 691 2853 est,
722 2817 757 2845 et
786 2815 873 2846 affir—

146 2861 286 2897 mantis,
301 2869 361 2901 pro
375 2864 477 2890 recte.
492 2858 563 2889 Fin.
578 2859 621 2888 iv.
635 2861 666 2889 3.

640 61 787 92 INDEX
817 59 953 91 LATIN
959 56 1115 90 rmus.

942 149 1127 191 Quiritare.
1151 148 1193 179 ad
1208 147 1285 178 Div.
1307 158 1339 179 x.
1355 148 1407 180 32.
1431 151 1466 180 et
1487 147 1543 180 illo
1560 147 1624 179 mi-

898 203 970 224 sero
983 194 1168 234 quiritanti,
1178 192 1264 223 Civis
1277 191 1374 223 Rom.
1385 201 1460 223 sum
1473 192 1532 223 διο.
1547 202 1624 233 pro-

898 237 1009 277 prium
1025 242 1075 267 est
1103 237 1137 267 in
1154 236 1214 267 hac
1244 245 1279 266 re
1301 235 1457 266 verbum:
1492 235 1532 267 de
1558 245 1625 275 quo

900 281 970 320 egit
986 280 1052 311 late
1080 279 1242 311 Schwarz.
1264 279 1307 309 ad
1321 279 1404 310 Plin.
1423 279 1503 310 Pan.
1520 281 1572 314 29.
1589 289 1624 320 p.

947 367 1105 408 Quisque,
1135 368 1271 407 antique
1298 375 1358 407 pro
1384 366 1453 406 qui,
1478 365 1561 406 Leg.
1592 365 1626 397 ii.

904 419 1003 451 saepe.
1023 410 1095 441 add.
1118 410 1260 442 Gronov.
1279 411 1321 441 ad
1337 411 1406 441 Liv.
1425 411 1446 441 i.
1463 413 1515 441 24.

947 454 1102 495 Quisquis
1118 465 1176 494 pro
1192 456 1342 494 quisque.
1358 454 1492 484 Cluent.
1513 457 1561 488 19.
1585 456 1625 484 ut

904 498 1057 545 quicquid
1084 498 1378 539 apprehenderam.
1406 499 1447 528 ef.
1474 497 1516 528 ad
1546 496 1623 528 Div.

903 550 946 570 Vl.
968 545 993 571 1.

945 583 1053 625 Quod,
1076 584 1197 624 quoad,
1224 590 1398 625 quantum.
1422 583 1550 616 Domit.
1575 587 1625 616 13.

903 628 989 667 quod
1002 628 1037 658 in
1051 633 1085 658 te
1102 633 1163 659 est.
1186 629 1282 659 Rosc.
1300 629 1338 659 A.
1356 633 1408 660 34.
1431 629 1514 670 quod
1535 629 1626 658 salva

904 670 968 702 fide
987 672 1046 702 &Q
1070 671 1173 702 Attic.
1185 672 1240 703 xii.
1256 675 1310 704 48.
1331 673 1415 713 quod
1429 673 1551 703 licebit.
1568 672 1625 702 ubi

906 725 935 745 v,
959 715 1065 745 Graev.
1082 716 1124 746 ad
1149 716 1223 746 Div.
1241 716 1262 746 i.
1290 720 1316 746 1.
1340 717 1423 756 quod
1451 715 1626 747 commodo

904 768 974 788 rem
991 759 1098 789 facere
1116 761 1231 800 possiS.
1256 760 1295 790 de
1313 770 1377 799 quo
1402 759 1488 797 loeo,
1504 764 1539 790 et
1564 770 1627 790 usu

907 802 1005 842 hujus
1031 803 1204 843 particulae
1221 814 1250 834 v.
1268 804 1369 834 Gron.
1388 803 1429 834 ad
1444 803 1516 834 Liv.
1539 804 1626 833 xxvi.

907 848 960 877 32.
990 846 1066 877 *ab
1094 848 1191 878 initio
1217 848 1343 887 periodi
1375 857 1462 887 saepe
1490 846 1628 887 ponitur

908 900 985 930 pro:
1011 891 1046 921 in
1063 901 1140 930 quo,
1167 892 1201 921 in
1219 902 1285 931 qua
1301 902 1348 929 re,
1365 891 1408 922 ad
1424 891 1456 921 id
1473 890 1560 930 quod
1576 894 1629 920 at·

905 933 1006 972 tinet,
1030 936 1080 965 uti
1110 936 1213 966 etiam
1242 936 1276 965 in
1307 935 1364 966 illo
1394 935 1477 975 quod
1503 935 1541 965 sz'.
1565 932 1628 964 Sed

905 986 1036 1017 semper
1051 978 1195 1009 refertur
1218 978 1259 1009 ad
1274 979 1473 1009 antecedens
1490 977 1630 1017 aliquid,

905 1025 940 1051 et
954 1022 1146 1052 transitioni
1170 1023 1281 1053 servit.
1306 1022 1400 1053 Verr.
1422 1023 1442 1053 i.
1468 1023 1522 1053 46.
1545 1019 1630 1062 quod

905 1075 961 1095 vos
978 1066 1097 1096 oblitos
1109 1076 1180 1096 esse
1197 1076 1264 1096 non
1281 1067 1434 1105 arbitror,
1452 1075 1526 1106 quae
1543 1064 1631 1096 mul-

904 1109 1015 1139 titudo
1028 1110 1087 1140 διο.
1105 1110 1148 1141 ib.
1166 1111 1208 1140 iv.
1227 1110 1278 1141 56.
1301 1110 1384 1150 quod
1396 1115 1512 1141 tamen
1528 1118 1629 1139 nemo

905 1153 1066 1193 suspicari
1092 1153 1202 1192 debet,
1214 1157 1283 1184 tam
1300 1163 1370 1184 esse
1384 1164 1438 1184 me
1455 1153 1629 1194 cupidum,

910 1197 969 1227 ἃς.
994 1197 1118 1228 Caecin.
1142 1200 1195 1229 25.
1220 1198 1306 1238 quod
1329 1197 1420 1228 vobis
1453 1197 1564 1228 venire
1594 1197 1630 1226 in.

910 1244 1059 1271 mentem
1088 1242 1236 1282 profecto
1267 1251 1401 1272 necesse
1431 1244 1503 1280 est;
1546 1239 1631 1271 nihil

908 1293 978 1314 esse
1004 1286 1064 1316 ἃς.
1089 1285 1169 1316 Coel.
1186 1288 1238 1317 32.
1263 1285 1348 1325 quod
1363 1295 1440 1315 cum
1462 1283 1551 1315 vobis
1567 1283 1631 1315 hu-

903 1328 960 1366 jus
986 1329 1245 1359 adolescentiam
1277 1329 1525 1369 proposueritis.
1549 1328 1631 1359 Nat.

909 1372 953 1402 D.
971 1372 1004 1402 ii.
1022 1377 1052 1406 9.
1078 1373 1160 1413 quod
1175 1373 1308 1412 quidem
1327 1372 1506 1403 Cleanthes
1533 1371 1631 1403 docet

908 1421 1080 1454 -quanta
1110 1418 1157 1447 vis
1189 1417 1270 1447 insit
1301 1416 1361 1447 &c.
1385 1415 1560 1447 Manutius
1588 1414 1631 1446 ad

907 1459 985 1490 Div.
1003 1460 1069 1490 viii.
1091 1463 1138 1491 14.
1154 1461 1188 1490 in
1204 1460 1254 1490 his
1271 1460 1355 1501 (μισεῖ
1369 1465 1467 1500 putat
1494 1460 1559 1490 dici
1572 1469 1630 1500 pro

906 1502 975 1533 sed.
997 1502 1029 1534 J.
1048 1504 1098 1534 Fr.
1122 1504 1265 1534 Gronov.
1292 1503 1334 1534 ad
1355 1504 1427 1535 Liv.
1450 1504 1583 1534 xxxviii.
1599 1508 1632 1538 9.

907 1546 990 1587 quod
1014 1547 1196 1585 πλεονάζειν,
1219 1551 1254 1578 et
1278 1548 1325 1578 sic
1355 1547 1423 1578 alii.
1446 1547 1631 1578 Nobiscum

907 1590 989 1620 facit
1004 1590 1154 1621 Perizon.
1182 1591 1224 1621 ad
1246 1590 1358 1622 Sanct.
1376 1590 1520 1621 Minerv.
1537 1591 1580 1621 iv.
1598 1592 1630 1621 5.

909 1638 940 1668 9.
955 1634 1028 1665 add.
1043 1644 1124 1674 quos
1139 1634 1254 1665 laudat
1265 1635 1381 1666 Burni.
1392 1634 1435 1665 ad
1445 1635 1537 1674 Virg.
1553 1634 1630 1664 AEn.

909 1678 944 1708 ii.
965 1680 1035 1709 141.
1059 1681 1093 1708 et
1115 1679 1290 1709 Drakenb.
1313 1678 1355 1708 ad
1373 1678 1444 1708 Liv.
1461 1678 1562 1709 xxxii.
1578 1681 1632 1711 37.

909 1721 966 1752 xli.
999 1725 1048 1753 10.
1072 1722 1159 1762 *pro
1185 1728 1223 1753 ut
1248 1722 1313 1752 dici
1342 1725 1441 1762 putat
1467 1721 1632 1752 Pearcius.

911 1766 1003 1796 Orat.
1021 1766 1055 1796 ii.
1076 1769 1104 1797 1.
1127 1765 1185 1796 sed
1200 1765 1292 1796 locus
1309 1764 1362 1796 ille
1380 1771 1432 1796 est
1446 1766 1517 1796 sine
1532 1764 1634 1796 dubio

911 1814 1102 1850 corruptus,
1125 1813 1161 1841 et
1185 1810 1305 1841 ceteris
1330 1809 1411 1840 locis
1438 1808 1548 1840 allatis
1585 1807 1634 1839 nil

910 1853 1100 1884 conficitur.

955 1897 1119 1938 ‚Quomodo
1147 1906 1206 1938 pro
1242 1895 1552 1937 quocumquemodo
1593 1893 1636 1926 ad

911 1940 987 1972 Div.
1004 1950 1034 1971 v.
1048 1943 1100 1973 20.
1124 1941 1274 1982 quomodo
1288 1941 1485 1983 potuissem,
1504 1943 1539 1971 te
1555 1949 1634 1970 con-

910 1994 1086 2016 venissem.

954 2028 1133 2069 Quoniam.
1160 2028 1253 2059 Verr.
1276 2028 1299 2059 i.
1328 2033 1358 2063 9.
1382 2037 1450 2059 non
1479 2028 1634 2068 quoniam

910 2071 973 2103 hoe
988 2073 1032 2102 sit
1048 2082 1195 2110 necesse,
1210 2082 1269 2113 pro
1287 2081 1353 2103 non
1369 2082 1434 2112 quo
1450 2069 1484 2102 h.
1499 2081 1525 2102 s.
1540 2080 1574 2102 n.

954 2115 1131 2157 Quotenus.
1155 2116 1225 2147 Att.
1244 2116 1297 2146 xii.
1314 2119 1367 2148 33.
1390 2116 1502 2146 nescio
1529 2118 1637 2156 quote-

912 2169 1027 2190 norum
1040 2160 1210 2199 jugerum.

955 2204 1188 2245 chotidianus‚
1220 2202 1375 2242 vulgaris.
1414 2203 1509 2233 Orat.
1537 2201 1559 2231 i.
1581 2203 1634 2232 23.

911 2247 1093 2286 loquacitas
1109 2247 1308 2288 quotidiana.
1330 2245 1350 2265 ¹*
1366 2245 1490 2276 Caecin.
1507 2247 1559 2278 32.
1586 2245 1636 2275 vis

911 2291 1109 2332 quotidiana.
1133 2301 1163 2321 v.
1179 2291 1248 2323 Vis.
1272 2290 1316 2321 ib.
1342 2293 1395 2321 31.
1418 2289 1637 2320 interdictum

912 2335 1153 2376 quotidianum,
1170 2333 1259 2375 quod
1273 2338 1325 2364 est
1341 2334 1381 2364 de
1397 2333 1637 2375 viquotidae'ana·

1250 2421 1291 2454 R.

956 2507 1097 2548 Rabere,
1112 2508 1234 2539 furere.
1257 2509 1333 2540 Div.
1351 2508 1372 2538 i.
1389 2509 1442 2538 31.

958 2552 1082 2583 Radix.
1110 2552 1190 2583 Coel.
1209 2553 1238 2583 6.
1264 2553 1327 2582 nisi
1342 2551 1500 2581 vitiorum
1517 2551 1638 2581 imma*

914 2596 1002 2626 nitas
1020 2596 1216 2635 quibusdam
1228 2595 1398 2626 facilitatis
1415 2599 1450 2624 et
1463 2594 1638 2635 patientia

913 2640 1076 2670 radicibus
1116 2640 1290 2670 niteretur.
1320 2639 1390 2669 Att.
1421 2649 1453 2669 x.
1481 2641 1529 2669 ll.
1566 2638 1639 2669 haec

915 2692 991 2713 suas
1007 2684 1132 2714 radices
1146 2683 1246 2713 habet
1261 2696 1267 2713 :
1293 2682 1314 2712 i.
1330 2692 1358 2712 e.
1375 2686 1491 2722 suapte
1518 2681 1641 2716 natura

913 2727 991 2757 talis
1008 2730 1069 2757 est.
1093 2730 1112 2748 *²
1130 2727 1171 2757 ad
1187 2727 1261 2758 Div.
1284 2726 1326 2755 vi.
1345 2727 1376 2757 6.
1401 2726 1578 2766 Pompeius
1599 2735 1639 2755 eo

918 2771 1035 2800 robore
1052 2772 1149 2807 viret,
1166 2770 1203 2800 iis
1221 2770 1395 2800 radicibus.

961 2813 1099 2845 Ramus.
1123 2815 1224 2846 Tusc.
1241 2814 1287 2844 iii.
1303 2814 1334 2845 6.
1365 2823 1473 2845 ramos
1487 2815 1642 2853 amputa·

916 2866 950 2888 re
967 2858 1192 2889 miseriarum.
