1804 3178
650 122 795 152 11*an
828 123 959 156 LATlN
967 125 1080 168 lTAT!
1086 125 1119 157 8⁴.

139 219 195 249 m
217 211 335 242 nostri.
359 211 440 242 Coel.
455 212 508 243 32.
531 221 661 242 censum
677 221 753 251 pop.
768 211 806 241 R.
819 211 868 240 in-

141 252 267 284 cendit.
277 262 307 285 v,
317 254 460 285 Gronov.
471 254 556 284 Sest.
570 255 612 285 iv.
629 257 655 285 1.
679 254 756 285 hinc
766 255 867 284 etiam

142 295 232 328 bona
249 298 281 327 in
297 308 425 330 censum
442 297 561 328 desei-ri
584 298 752 328 dicuntur.
778 300 796 319 ⁶
810 308 868 338 pro

137 349 172 371 re
189 339 344 372 familiari
361 341 439 378 dici,
457 342 668 372 notissimum
686 348 748 371 est.

182 384 312 421 [bns-its,
326 395 356 422 a,
370 394 440 415 um.
455 385 533 414 civis
551 385 646 415 Rom.
664 383 757 415 Verr.
776 385 796 414 i.
812 386 864 415 41.

134 434 242 466 neque
258 438 370 459 census
384 435 482 458 esset.
500 437 529 458 v,
549 428 620 458 lud.
640 428 706 459 LL.
724 429 757 458 in
777 427 864 467 Lege

133 468 293 501 Voconia.
317 471 404 502 Nam
417 481 457 501 ea
468 472 668 510 significatio
685 472 781 510 liujus
796 481 865 501 ver—

128 513 178 553 bi,
195 524 271 544 cum
289 515 316 544 is
331 524 440 545 census
455 515 578 545 dicitur
592 516 664 545 κατ’
678 515 790 555 ἰξσχὲι,
808 514 863 554 qui

130 560 262 598 centum
279 557 385 588 millia
400 559 473 588 εει-15
491 558 600 588 babet.
619 569 647 588 v.
664 560 764 588 (ἐι-ω..
778 560 862 588 Sest.

131 599 179 630 iii.
199 600 247 631 16.
272 606 310 631 ut
327 601 503 640 Classicus,
516 603 571 641 qui
589 603 621 632 in
638 603 744 642 prima
760 601 861 631 classe

130 648 291 681 censetur,
308 655 384 675 cuin
402 645 504 676 etiam
522 646 623 675 ceteri
640 648 722 676 censi
741 646 807 675 sint
828 652 862 675 et

131 685 273 724 classici,
285 687 351 718 huc
368 698 433 719 non
451 690 609 729 pertinet,
623 694 660 720 ut
676 689 788 719 docuit
804 689 862 719 Pe-

129 729 236 761 rizon.
252 730 292 761 de
308 730 393 772 Lege
412 732 570 763 Voconia.

181 774 364 806 Centesimae
385 777 459 816 [int.
480 781 589 816 partes
609 773 734 812 sortis‚)
754 785 862 805 usurae

128 822 223 855 flunt,
239 827 316 848 cum
333 818 457 858 singuli
474 829 560 849 asses
578 819 612 848 in
635 828 783 848 mensem
802 819 865 848 sol-

130 865 259 892 vuntur
271 871 331 901 pro
348 864 512 900 centenis,
533 862 621 892 unde
639 862 723 891 flunt
741 861 864 892 duode-

129 903 165 933 ni
183 904 216 934 in
234 914 372 936 annum.
388 905 530 936 Gronov.
546 905 585 935 de
599 906 733 935 Centes.
745 912 779 935 et
794 905 863 936 Un-

131 947 191 977 ciis
209 947 306 978 Usur.
324 959 356 989 p.
373 952 448 980 481.
464 950 538 980 6:31.
553 950 627 980 6352.
646 949 730 989 inpr.
748 948 788 979 de
805 951 861 979 Se-

128 995 225 1021 stert.
241 991 287 1022 iii.
307 994 356 1023 13.
372 991 465 1023 Verr.
483 993 529 1022 iii.
547 996 598 1026 70.
621 994 798 1023 centesimis
815 993 862 1023 bi-

125 1034 181 1071 ,nis
203 1033 369 1066 foenerari.
388 1036 409 1065 i.
425 1046 454 1065 e.
472 1037 617 1076 acceptis
633 1035 759 1066 duobus
783 1037 860 1067 assi-

127 1076 189 1118 bus
203 1087 261 1118 pro
273 1079 425 1109 centenis
440 1079 472 1109 in
487 1079 633 1119 singulos
647 1089 787 1110 menses.
799 1090 860 1110 uu-

129 1119 170 1151 de
184 1120 282 1152 facile
304 1121 447 1162 intelligi
468 1128 590 1163 potest,
608 1132 681 1163 quae
704 1123 772 1153 sint
792 1128 858 1154 ter-

123 1173 182 1206 -nae
199 1170 233 1194 et
249 1171 420 1205 quaternae
436 1168 621 1197 centesimoe.
649 1166 752 1197 Attic.
768 1167 809 1196 vi.
831 1170 857 1198 1.

121 1209 159 1250 2.
184 1207 263 1239 ibid.
291 1212 317 1239 1.
349 1208 423 1240 dico
447 1219 501 1239 me
528 1212 715 1240 centesimus
738 1209 858 1241 ductu-

123 1260 216 1284 rum.
246 1251 326 1283 ibid.
352 1263 382 1283 v.
411 1250 463 1284 21.
494 1255 672 1284 centesimoe
698 1261 859 1294 perpetuo

125 1294 253 1325 foenore
265 1295 446 1327 ducuntur.
464 1297 622 1334 rechnen,
636 1298 783 1337 passiren
797 1297 859 1327 las-

121 1337 200 1384 pen,
215 1338 256 1370 de
271 1344 413 1380 pretore
430 1339 636 1380 provinciali,
653 1340 741 1380 apud
758 1351 856 1380 quem

127 1382 201 1422 quis
229 1382 433 1424 syngraphas
459 1383 680 1424 persequitur.
712 1384 789 1414 ibid.
816 1385 857 1415 vi.

127 1427 158 1457 2.
182 1427 360 1458 centesimae
382 1432 553 1468 perpetue
575 1433 667 1464 sunt,
683 1437 760 1457 cum
777 1427 858 1465 adji—

128 1469 267 1500 ciuntur
289 1471 468 1510 quotannis
491 1472 586 1508 sorti,
602 1471 673 1501 sine
694 1472 858 1501 anatocis-

128 1521 193 1542 mo.
211 1512 538 1554 lnterpretaturipse
556 1515 672 1544 Cicero
688 1514 766 1544 ibid.
783 1516 859 1545 Sca-

119 1556 217 1595 ptius
232 1557 423 1594 centesimis,
437 1563 596 1588 renovato
604 1556 676 1588 NB.
692 1558 726 1588 in
743 1558 857 1598 singu-

123 1598 173 1629 los
195 1608 302 1630 annos
324 1599 462 1638 faenore,
478 1606 657 1631 contentus
676 1610 742 1631 non
759 1606 858 1633 esset.

112 1640 171 1685 31is
196 1647 415 1683 opponuntur
439 1645 580 1675 ibidem:
609 1645 786 1675 centesima>
808 1655 859 1675 re·

126 1690 258 1717 novatae
273 1686 346 1718 NB.
369 1689 571 1727 quotannis:
596 1688 661 1718 Sed
682 1690 858 1719 centesimis

124 1729 234 1760 ductis
259 1741 299 1761 ex
321 1731 474 1771 proxima
496 1731 629 1771 quidem
655 1731 854 1772 syngrapha,

119 1770 186 1803 'nec
201 1775 384 1814 perpetuis,
400 1775 458 1805 sed
480 1776 647 1805 renovatis
665 1776 854 1814 quotannis.

122 1815 188 1846 vid.
205 1816 349 1848 Gronov.
365 1818 521 1848 Mantiss.
538 1818 612 1848 Pec.
635 1818 710 1849 Vet.
730 1829 762 1859 p.
779 1822 854 1850 414.

121 1859 142 1878 ⁶
163 1859 359 1899 Centesimae,
385 1861 426 1892 de
457 1862 576 1901 quibus
606 1862 748 1900 dictum,
775 1869 855 1893 sunt

121 1903 267 1943 vectigal
281 1905 449 1944 privatum
465 1917 471 1935 :
497 1905 538 1935 ab
554 1905 604 1936 bis
621 1905 732 1936 differt
753 1910 855 1936 cmite-

116 1948 219 1989 sima,
246 1957 320 1987 quae
351 1953 402 1979 est
432 1949 574 1988 vectigal
600 1948 783 1989 publicum.
812 1949 853 1980 ad

123 1989 219 2021 Brut.
255 2001 306 2031 ep.
346 1993 395 2022 le.
431 1991 667 2023 Obdurcscunt
704 1992 852 2031 quotidie

117 2034 230 2075 *magis
247 2034 325 2064 boni
341 2035 400 2065 viri
418 2035 460 2065 ad
475 2045 588 2066 vocem
605 2036 724 2066 tributi
740 2048 746 2065 :
764 2036 852 2076 quod

120 2087 163 2113 ,ex
179 2078 351 2108 centesima
371 2077 544 2117 collatum,
563 2079 751 2119 impudenti
775 2090 851 2109 cen-

120 2129 163 2155 su
193 2119 415 2161 locupletum,-
445 2122 479 2151 in
509 2122 650 2153 duarum
682 2123 851 2161 legionum

117 2164 269 2203 ‘praemiis
291 2174 390 2195 omne
414 2167 634 2196 consumitur.
670 2165 756 2196 Haec
779 2176 851 2196 cen-

122 2208 238 2238 tesima
261 2207 402 2239 solvitur
428 2219 466 2238 ex
496 2209 594 2239 rebus
621 2208 790 2239 venalibus
816 2215 851 2240 et

122 2252 240 2281 aerario
260 2251 397 2283 militari
416 2252 571 2283 insertur.
590 2252 655 2283 vid.
671 2252 761 2292 Lips.
779 2253 852 2283 Ma-

116 2293 209 2333 gnit.
225 2294 323 2325 Rom.
341 2295 375 2326 ii.
390 2298 421 2326 4.
447 2295 589 2326 Gronov.
605 2297 689 2326 Sest.
705 2296 751 2326 iii.
773 2299 821 2326 13.

114 2338 120 2343 ’
171 2337 383 2369 Centumviri.
408 2338 531 2369 Caecin.
559 2342 610 2371 ⁶24.
643 2344 723 2369 sunt
750 2349 852 2369 asses-

121 2390 211 2413 sores
228 2381 350 2420 judicii
372 2384 627 2420 centumviralis,
642 2382 682 2413 de
698 2392 762 2421 quo
785 2387 852 2413 sta-

123 2424 199 2455 tim.
223 2424 275 2456 Ad
290 2427 517 2464 centunwiros,
530 2432 580 2456 est
597 2427 632 2457 in
641 2425 770 2466 judicio
780 2436 853 2457 cen-

121 2468 303 2500 tumvirali.

170 2511 381 2543 Centumvim
401 2513 432 2553 ’,.
458 2512 581 2543 Caecin.
603 2515 651 2542 18.
674 2514 852 2543 centanni-

116 2555 382 2595 ralejudicium,
418 2556 568 2586 icebatur
579 2566 599 2586 a
612 2565 751 2586 numero
767 2556 852 2595 judi-

123 2607 201 2628 cum
231 2599 373 2629 rotunde
403 2600 595 2630 enunciam.
620 2608 698 2628 nam
721 2599 851 2637 judices

114 2645 221 2682 *erant
235 2642 373 2672 omnino
389 2649 526 2673 centum
544 2648 579 2672 et
590 2643 734 2681 quinque
748 2655 754 2673 :
773 2653 850 2672 curn

67 2683 73 2688 '
124 2693 165 2714 ex
181 2684 323 2724 singulis
339 2686 491 2716 tribubus
508 2686 595 2716 terni
615 2685 851 2724 deligerentur.

121 2736 152 2757 v.
169 2726 286 2758 Festus
303 2729 337 2759 in
359 2729 617 2760 Centumviralia
626 2729 765 2767 judicia.
800 2728 851 2758 Ad

121 2770 318 2808 ejusjudicii
332 2773 505 2804 notionem
518 2773 729 2812 pertinebant
743 2781 850 2802 causae

120 2812 288 2853 plurimae,
305 2825 385 2856 quas
403 2821 580 2846 enumerat
596 2816 664 2846 (lic.
688 2815 728 2845 de
752 2815 808 2845 Or.
830 2815 851 2845 i.

122 2858 177 2887 38.
199 2856 259 2887 sed
273 2857 426 2899 inprimis
442 2859 664 2890 hereditariae.
684 2858 723 2888 de
740 2868 779 2888 eo
796 2859 852 2898 ju-

114 2898 210 2946 3dicio
237 2905 332 2935 extat
361 2901 496 2943 elegans
532 2901 663 2935 Libellus
699 2901 852 2934 Sibrandi

1545 123 1624 160 215

911 210 1047 242 'l'etatrdi
1079 214 1235 245 Siccamae
1273 226 1405 249 rocus-sus
1445 217 1536 249 Halm
1575 230 1629 250 an.

917 256 1008 288 1725.
1033 266 1130 294 quem
1147 257 1209 287 vid.
1228 259 1311 299 inpr.
1334 260 1354 288 i.
1378 261 1407 289 6.
1432 261 1464 290 ii.
1490 266 1518 292 5.
1542 270 1574 292 vt
1598 269 1628 293 8.

913 307 978 336 quo
993 299 1101 337 capite
1118 300 1157 329 dc
1175 301 1212 329 iis
1229 303 1333 332 causis
1351 303 1390 331 ad
1407 307 1628 336 centunniros

913 342 995 371 actis
1019 343 1153 381 exponit
1187 339 1390 381 distinctius,
1414 356 1550 384 quarum
1579 359 1631 391 ap.

909 385 1104 415 Ciceronem
1129 390 1178 415 est
1205 388 1342 423 nientin,
1360 387 1502 427 aliosque
1519 398 1631 419 aucto-

910 437 960 458 res
991 427 1122 458 latinos.
1149 428 1226 459 binc
1257 430 1434 466 intelliges.
1463 443 1534 470 qua·
1565 435 1632 466 sint

909 481 1016 501 causae
1033 474 1279 502 cermmwirates
1295 474 1334 503 dc
1351 476 1443 504 Orat.
1461 475 1482 504 i.
1500 480 1550 506 314.

958 515 1128 545 &vitarim
1146 516 1303 546 dicuntur
1319 525 1427 556 part-*s
1445 518 1556 557 populi
1574 526 1629 549 aut

907 558 1081 588 exercitus.
1105 559 1191 589 Nam
1217 570 1291 589 cum
1319 560 1457 599 populus*
1482 572 1499 590 a
1518 564 1629 592 Seri-io

907 601 939 630 in
965 601 1082 631 classes
1106 612 1161 632 sex
1186 602 1368 642 descriptus
1393 610 1490 640 esu-t,
1512 605 1629 643 vniqne

907 644 1000 675 classi
1024 646 1125 675 etiam
1152 653 1261 676 certus
1286 656 1442 676 numerus
1468 650 1631 678 centuria-

906 698 979 718 rum
994 689 1174 719 attributus
1187 695 1247 719 est.
1272 690 1387 728 Neque
1401 696 1534 720 centum
1550 701 1630 730 prze-

908 732 972 761 cisc
1003 732 1153 762 homiues
1184 733 1360 762 continet:
1400 743 1474 763 nain
1513 734 1632 764 ultima

907 774 1032 812 classis,
1049 776 1081 805 in
1099 786 1163 815 qua
1180 775 1304 814 aliquot
1322 775 1427 814 millia
1442 778 1542 807 suissc
1563 788 1630 807 cvr-

907 822 980 848 tum
1005 825 1068 855 est,
1084 829 1151 849 una
1174 821 1319 849 centuria
1344 821 1544 850 continetur.
1569 821 1631 851 Sed

906 864 1054 892 centuria
1071 868 1120 892 est
1137 864 1294 902 cujusque
1315 864 1443 893 numeri
1466 870 1523 893 aut
1546 863 1631 894 mul-

905 906 1059 935 titudinis
1081 915 1216 943 nomen,
1234 910 1270 936 ut
1285 906 1438 944 det-nria;
1463 907 1555 937 Brut.
1579 908 1631 941 67.

911 949 1067 980 Centuriae
1078 959 1191 990 pauc-:e
1206 950 1247 979 ad
1260 950 1469 980 consulatum
1485 950 1631 981 defuere.

907 995 966 1021 (Sc.
990 1003 1019 1022 v,
1039 993 1181 1023 Comitia
1205 995 1400 1023 centuriata.
1425 993 1466 1023 ad
1489 994 1564 1024 niv.
1586 995 1631 1025 xi.

910 1036 958 1065 16.
995 1046 1070 1066 cum
1095 1037 1245 1076 equitum
1273 1038 1436 1067 cenam-ias
1461 1043 1568 1073 tenes,
1596 1037 1630 1068 in

906 1079 998 1118 queis
1013 1089 1142 1119 regnas,
1155 1080 1250 1109 mitte
1263 1079 1304 1109 ad
1318 1079 1448 1119 Lupum
1464 1086 1629 1119 nostruin,

906 1126 942 1152 ut
975 1123 1000 1152 is
1039 1123 1131 1153 nobis
1169 1133 1223 1152 eas
1259 1125 1421 1153 centurias
1462 1124 1630 1154 conficiat.

906 1165 1009 1196 Erant
1034 1166 1259 1206 duodeviginti
1284 1167 1433 1206 equitum
1462 1169 1628 1205 centurie,

904 1218 1016 1248 eaeque
1033 1209 1073 1239 ad
1089 1209 1225 1240 classem
1245 1210 1384 1249 primam
1406 1211 1628 1249 pertinebant.

910 1252 1080 1282 centurias
1103 1253 1254 1292 equitum
1280 1258 1386 1290 tenet,
1403 1255 1435 1282 in
1461 1253 1564 1292 iisque
1581 1264 1633 1284 re-

905 1302 998 1335 gnat,
1012 1297 1067 1335 qui
1083 1303 1132 1326 est
1149 1295 1236 1336 apud
1252 1306 1306 1326 eos
1323 1296 1497 1335 gratiosus,
1511 1297 1544 1326 in
1562 1307 1631 1327 ma-

904 1349 1034 1378 gnaque
1063 1340 1262 1370 auctoritate
1286 1341 1503 1376 constitutus,
1522 1345 1558 1370 ut
1583 1340 1630 1370 fa-

904 1382 966 1413 cile
1008 1383 1078 1422 ejus
1123 1383 1394 1423 suffragationem
1439 1387 1631 1422 sequantur.

905 1425 1076 1456 Conficcre
1101 1432 1213 1456 autem
1240 1428 1403 1456 centurias
1430 1426 1542 1463 alicui,
1566 1433 1630 1465 est,

903 1469 1024 1508 facere,
1041 1474 1078 1500 ut
1100 1479 1176 1499 euni
1201 1470 1409 1500 renuncient.
1434 1469 1578 1509 ἈΨ-αι’.
1595 1470 1629 1500 ii.

909 1515 955 1543 13.
980 1514 1013 1543 in
1038 1514 1199 1544 comitatu
1223 1518 1257 1544 ct
1280 1513 1503 1543 instrumento
1524 1514 1629 1552 magi-

902 1560 1025 1587 stratus
1038 1555 1246 1596 provincialis
1259 1561 1564 1586 commemorantur
1579 1562 1629 1586 ta-

902 1600 1094 1637 bernacula,
1119 1601 1285 1637 centurt'oe,
1311 1599 1469 1639 supellex.
1500 1599 1630 1630 Turne-

902 1643 962 1673 bus
979 1642 1195 1673 emendabat:
1213 1643 1376 1673 tentoriis.
1395 1642 1542 1673 Graevius
1560 1652 1630 1673 sus-

902 1687 1086 1726 picabatur,
1117 1686 1261 1725 intelligi
1290 1688 1453 1716 centurias
1483 1685 1627 1724 sabi-(im,

905 1740 1012 1769 neque
1035 1735 1150 1760 tamen
1176 1729 1320 1769 multum
1338 1729 1415 1759 huic
1432 1730 1630 1769 interpreta-

902 1774 986 1803 tioni
1010 1773 1188 1803 tribuebat.
1213 1773 1289 1803 Non
1313 1773 1426 1812 liquet.
1453 1772 1627 1809 ¹'Campa-

901 1826 960 1847 nos
986 1817 1019 1846 in
1044 1818 1206 1847 centurias
1232 1816 1399 1846 describit.
1423 1826 1452 1846 ν.
1482 1815 1630 1846 centuri-

898 1871 966 1891 are.

948 1904 1149 1934 (lentur-iare.
1177 1907 1240 1940 est,
1258 1903 1291 1932 in
1317 1902 1480 1932 centurias
1503 1901 1625 1932 descri-

899 1947 988 1985 bere,
1015 1947 1057 1978 ad
1085 1947 1251 1977 centurias
1281 1945 1429 1985 redigere
1458 1944 1624 1982 homines,

898 1990 967 2020 scil.
985 1996 1024 2021 ut
1041 1990 1199 2020 militent.
1223 1989 1292 2020 Att.
1310 1990 1374 2019 xvi.
1389 1993 1420 2023 9.
1456 1988 1626 2019 Centuriae

899 2034 1035 2074 Capuae,
1053 2033 1244 2063 dinumerat
1259 2045 1265 2062 :
1284 2034 1356 2071 jam
1374 2032 1512 2071 jamque
1529 2031 1625 2061 video

897 2077 1034 2108 bellum.
1060 2076 1131 2107 Liv.
1156 2077 1232 2106 xxii.
1255 2079 1307 2107 38.
1331 2075 1370 2104 dc
1393 2074 1559 2114 peditibus
1575 2074 1624 2104 di-

898 2121 957 2159 cit,
973 2120 1012 2151 de
1036 2120 1202 2159 equitibus
1227 2119 1406 2149 decuriarc.
1425 2117 1464 2147 ad
1480 2117 1573 2157 Quir.
1590 2127 1622 2157 p.

897 2163 978 2195 Rcd.
997 2167 1026 2194 5.
1052 2173 1128 2193 cum
1150 2163 1330 2193 cenem-iuri
1350 2160 1499 2191 homines
1523 2160 1622 2190 vidis-

895 2217 965 2237 scm
983 2207 1042 2238 &c.
1067 2206 1106 2236 de
1123 2206 1250 2243 Clodio,
1263 2206 1318 2244 qui
1334 2204 1482 2234 homines
1499 2203 1623 2243 plebei-

896 2260 944 2288 os,
968 2260 1076 2280 servos
1107 2249 1321 2285 convocabat,
1345 2249 1377 2277 in
1408 2246 1538 2276 ordines
1567 2247 1623 2277 de·

896 2294 1072 2331 scribebat,
1089 2298 1126 2322 ut
1142 2296 1330 2333 pugnarent
1352 2295 1469 2320 contra
1492 2290 1623 2320 Cicero-

897 2347 988 2375 nem,
1004 2338 1029 2367 si
1048 2337 1198 2367 resistere
1214 2335 1276 2375 legi
1299 2339 1333 2365 et
1354 2334 1466 2364 Romae
1487 2343 1621 2364 manere

895 2380 1006 2410 vellet.
1598 2381 1601 2383 ’

944 2424 1164 2458 Camena-intus,
1178 2432 1208 2458 a,
1218 2430 1290 2457 um,
1304 2421 1440 2450 comitia
1455 2421 1621 2450 centuria·

896 2472 932 2498 ta
947 2471 1026 2497 sunt
1041 2477 1058 2496 c
1075 2466 1176 2496 Servii
1191 2464 1293 2494 Tullii
1310 2463 1478 2499 instituto,
1494 2464 1528 2492 in
1549 2464 1621 2501 qui-

895 2510 956 2540 bus
968 2515 1027 2540 aut
1043 2510 1129 2549 leges
1146 2519 1165 2538 a
1180 2506 1429 2546 magistratibus
1442 2505 1620 2545 majoribus

894 2553 1060 2591 seruntur,
1076 2557 1134 2582 aut
1157 2551 1371 2589 magistratus
1396 2550 1548 2588 majores,
1565 2559 1621 2578 ex-

896 2597 1000 2637 ceptis
1013 2596 1162 2627 aedilibus
1177 2593 1359 2630 curulibus,
1372 2595 1537 2623 creantur.
1561 2592 1622 2622 Di-

896 2647 1019 2670 cuntur
1040 2640 1100 2676 it'a,
1117 2638 1195 2677 quia
1218 2635 1358 2677 populus
1379 2646 1437 2676 per
1457 2636 1621 2666 centurias

894 2683 1051 2722 suffragia
1063 2682 1127 2712 fert
1139 2691 1178 2711 ex
1190 2679 1305 2710 ordine
1321 2679 1488 2716 classium,
1501 2677 1619 2708 deinde

894 2730 969 2767 post
985 2725 1251 2766 praerogativam,
1266 2722 1306 2752 ‹le
1325 2732 1392 2762 qua
1405 2732 1464 2752 suo
1484 2722 1568 2758 loeo,
1583 2721 1618 2752 in

895 2768 1053 2799 classibus
1076 2778 1116 2798 ex
1138 2766 1253 2797 ordine
1278 2776 1297 2796 a
1319 2766 1431 2796 Servio
1450 2765 1620 2801 instituto,

894 2812 983 2842 unde
1001 2813 1076 2851 jure
1093 2814 1215 2841 vocatae
1233 2809 1402 2840 dicuntur.
1419 2808 1487 2839 Cur
1501 2808 1534 2838 in
1544 2812 1620 2837 'cen-

895 2857 1026 2886 tuream
1041 2855 1141 2885 etiam
1158 2853 1306 2884 tribuum
1323 2852 1463 2890 mentio,
1475 2850 1573 2889 iufra,
1584 2850 1620 2883 i·

893 2898 1036 2930 Tributa
1050 2897 1207 2936 Comitia,
1223 2896 1405 2928 docebitur.

934 2951 955 2974 r
971 2945 993 2975 4
