1800 3131
211 94 290 132 1⁴28

209 192 314 224 schol.
342 192 501 234 Aristoplc.
529 192 723 225 laudantur.
750 204 780 225 v.
807 194 935 226 Fabric.

207 236 254 268 B.
278 237 317 267 G.
336 237 381 266 iii.
399 238 451 267 26.

251 280 412 318 Nicanor,
431 281 501 311 Att.
518 290 548 310 v,
565 283 595 311 3.
625 290 738 311 seruis
755 281 869 312 Attici.

250 324 396 360 Nceasw,
421 324 512 354 Verr.
536 324 578 353 iv.
603 326 654 355 51.
686 325 851 355 Ennensis
880 325 936 354 Sc·

206 372 315 397 nator.
333 368 407 397 add.
426 367 496 398 Att.
513 368 570 397 xii.
588 371 618 398 5.
648 369 705 398 ubi
727 369 935 398 foeneratoris

206 419 329 441 nomen
346 415 409 448 est,
426 412 453 441 si
470 411 569 441 lectio
584 421 675 441 sana.

251 455 346 491 Nice,
372 455 465 485 Verr.
494 465 524 485 v.
555 457 606 485 31.
639 465 721 484 uxor
748 454 936 485 Cleomenis

206 498 415 538 Syracusani,
432 498 542 527 Verris
559 499 728 528 meretrix.

251 542 398 577 Nic-etas,
431 542 638 580 Syracusius,
675 541 776 571 Acad.
810 541 851 569 iv.
882 543 934 574 39.

206 586 321 614 omnia.
342 592 428 615 stare
453 585 547 617 dicit.
571 583 673 613 solun
699 592 823 614 terram
848 584 936 613 circa

206 637 301 658 axem
327 628 460 658 moveri.
480 628 719 667 Pyllcagoreus,
735 629 853 658 rectius
875 627 935 658 Hi-

206 677 308 701 cetas.
326 672 382 701 ubi
399 682 429 701 v.

252 715 370 745 Nicias
411 714 561 750 Curtius,
600 712 641 743 ad
681 714 759 744 Div.
797 715 841 745 ix.
885 717 934 745 10.

206 757 276 788 Att.
303 758 357 788 vii.
382 761 412 788 3.
445 758 482 787 it.
509 757 565 786 xii.
589 757 641 787 26.
673 757 934 795 Grammaticus,

205 811 304 839 quem
330 801 445 831 Cicero
468 802 503 830 in
528 800 647 831 Cilicia
668 811 781 831 secum
805 801 934 832 habuit.

206 845 275 874 Att.
306 845 373 874 xiii.
405 846 456 875 ⁶28.
490 854 509 874 a
537 843 711 874 Dolabella
735 846 934 883 arcessitur3

206 888 247 917 ad
262 898 352 925 euin,
363 892 498 917 auctore
516 888 688 925 Cicerone,
701 889 934 928 proficiscitur.

205 931 247 960 cf.
265 933 316 961 52.
347 930 401 961 De
416 933 477 961 loen
492 932 538 961 ad
551 931 630 961 Div.
649 932 703 961 vii.
722 934 776 962 23.
807 933 936 963 dubitat

204 975 390 1006 Broukhus.
408 975 454 1004 ud
469 974 598 1005 Sueton.
615 974 654 1005 de
670 977 714 1005 ill.
741 976 891 1006 Gramm.
907 986 934 1006 c.

208 1021 257 1049 14.
282 1029 325 1049 me
341 1020 387 1049 ad
407 1019 669 1048 Grammaticum
680 1021 854 1058 pertineat.

248 1062 343 1098 Nico,
360 1062 401 1092 ad
425 1062 499 1092 Div.
525 1061 580 1091 vii.
607 1064 659 1093 20.
690 1062 837 1093 medicus
865 1062 936 1106 mel

203 1103 401 1145 πολυφιγίις
419 1106 562 1145 scripsit.

250 1149 345 1186 Nico,
361 1149 453 1179 Verr.
470 1159 499 1180 v.
516 1152 569 1180 30.
601 1148 827 1180 nobilissimus
847 1149 935 1190 pira-

203 1196 251 1229 ta,
270 1202 289 1221 a
306 1193 341 1223 P.
359 1192 497 1223 Servilio
512 1197 640 1233 eaptus.

250 1236 407 1274 N'icocles,
433 1236 619 1276 Tyrannus.
647 1236 712 1267 Off.
740 1237 774 1267 ii.
806 1239 859 1268 93.
894 1237 936 1267 ab

206 1278 310 1310 Arato
333 1280 484 1320 Sicyonio
507 1289 684 1322 oppressus
707 1285 767 1310 est.
791 1291 821 1311 v.
849 1281 935 1311 Peu-

204 1325 308 1353 tarch.
322 1325 355 1354 in
371 1324 485 1354 Arato.

249 1367 436 1404 lVicoereon,
460 1368 561 1398 Tusc.
586 1368 620 1398 ii.
645 1369 698 1398 22.
727 1368 799 1399 Rex
823 1367 934 1409 Cypri.

203 1419 233 1440 v.
249 1412 477 1442 Anasarelzus.

248 1455 479 1493 Nicomachus,
510 1454 582 1485 rin.
613 1464 644 1485 v.
675 1458 705 1486 5.
743 1453 934 1486 Aristotelis

205 1497 307 1528 filius.

246 1542 478 1579 Nicomachus,
502 1542 597 1572 Brut.
626 1544 675 1572 18.
698 1540 818 1580 pictor.
841 1541 881 1572 de
902 1552 935 1572 eo

202 1596 233 1616 v.
252 1585 345 1616 Ptin.
364 1585 411 1615 H.
430 1586 478 1616 N.
494 1595 591 1616 xxxv.
612 1588 661 1616 10.
689 1589 721 1615 et
739 1585 885 1616 «Iunium
900 1587 935 1616 in

208 1629 313 1660 Catal.
330 1629 457 1669 Artific.

246 1673 448 1711 Nicomedes,
467 1672 640 1709 Temnites,
659 1671 767 1703 Flacc.
787 1675 836 1703 18.

248 1716 448 1753 Nicomedes,
460 1716 554 1747 Verr.
566 1716 588 1746 i.
601 1718 653 1747 24.
669 1716 740 1747 Rex
753 1716 933 1757 Bithyniae.

203 1758 437 1799 Prusioefilius
451 1765 482 1791 et
490 1760 675 1800 parricida.

247 1804 467 1844 Nicostratus,
485 1803 620 1835 Cluent.
636 1804 689 1835 62.
705 1812 818 1834 nervus
833 1804 936 1845 Oppi-

202 1857 300 1878 aniel.

246 1890 292 1921 P.
316 1891 476 1930 Nigidius
499 1891 651 1931 Figulus,
668 1890 750 1921 Sull.
773 1893 823 1922 14.
847 1891 936 1931 petit

201 1941 383 1975 praeturam
403 1934 563 1966 Cicerone
581 1935 655 1966 Cos.
671 1935 736 1974 Ωυ.
751 1934 803 1965 Fr.
819 1935 841 1965 i.
857 1938 889 1967 2.
903 1938 934 1966 5.

202 1986 337 2018 praetor.
353 1978 425 2009 Att.
443 1979 476 2009 ii.
494 1981 524 2010 2.
549 1978 681 2018 judices
701 1978 815 2009 adesse
832 1979 934 2018 cogit.

204 2022 261 2052 vii.
293 2023 346 2053 24.
377 2032 397 2052 a
422 2022 574 2053 Domitio
606 2021 752 2052 Corfinio
784 2021 935 2063 Capuam

203 2066 365 2096 mittitur.
396 2066 439 2096 ad
466 2067 543 2097 Div.
570 2067 613 2096 iv.
644 2068 694 2096 13.
723 2065 814 2096 exuli
840 2075 935 2106 spem

205 2109 322 2139 Cicero
345 2110 425 2140 facit
449 2109 613 2140 redeundi
628 2109 782 2140 Romam.
797 2109 836 2140 de
849 2119 883 2140 eo
903 2120 934 2141 v.

204 2152 359 2192 Rutgers.
377 2152 458 2184 Var.
475 2152 517 2184 L.
536 2154 582 2184 iii.
603 2154 652 2183 16.

248 2197 362 2234 Nilus,
375 2197 446 2227 Att.
458 2196 503 2227 xi.
520 2199 569 2228 12.
587 2199 640 2228 23.
662 2198 748 2228 servi
757 2201 818 2228 aut
830 2197 936 2229 liberti

202 2248 329 2278 nomen,
346 2242 408 2271 nisi
422 2250 485 2271 vox
498 2246 652 2281 corrupta
666 2244 722 2271 est.

246 2284 362 2320 lViobe,
377 2284 478 2315 Tusc.
495 2285 542 2316 iii.
559 2285 610 2317 26.

248 2327 291 2358 L.
321 2328 469 2359 Ninnius
493 2329 704 2369 Quadratus,
723 2327 795 2359 Att.
823 2338 855 2358 x.
884 2328 935 2360 16.

205 2372 296 2403 Sext.
312 2374 364 2403 31.
389 2376 464 2412 post
479 2372 576 2403 redit.
591 2373 627 2402 in
643 2381 713 2403 sen.
731 2374 762 2403 2.
791 2371 936 2404 Kalend.

202 2415 314 2446 Juniis
345 2414 384 2445 de
415 2415 574 2446 Cicerone
605 2416 789 2446 revocando
819 2415 936 2446 retulit

204 2457 298 2490 nullo
320 2458 553 2497 dissentiente,
580 2459 638 2489 illo
660 2460 733 2500 ipso
758 2468 846 2489 anno
869 2469 935 2498 quo

204 2501 362 2543 expulsus
378 2507 440 2532 est.
455 2504 513 2533 alic·
530 2504 643 2542 legunt
655 2515 664 2532 .·
688 2503 886 2534 Mummius.
902 2513 933 2534 v.

204 2546 247 2578 L.
263 2545 446 2576 Illummius
461 2546 670 2588 Quadratus.

247 2589 388 2628 Niptra,
405 2590 504 2620 Tusc.
522 2591 556 2621 ii.
582 2592 635 2622 21.
666 2589 781 2621 fabula
800 2589 935 2621 Pacuvii

201 2637 236 2663 et
253 2632 434 2672 Sophoclis.

246 2676 362 2714 Nisus,
380 2675 418 2706 de
435 2676 478 2707 N.
495 2677 538 2708 D.
554 2677 600 2708 iii.
619 2679 671 2709 23.
700 2682 798 2718 pater
810 2676 934 2708 Bacchi

201 2720 377 2759 eujusdam
393 2729 433 2750 ex
448 2720 596 2752 Thi-one.

246 2763 289 2803 Q.
303 2763 461 2800 Nobilior,
473 2763 523 2794 M.
536 2764 572 2794 F.
585 2765 681 2795 Brut.
695 2766 747 2795 20.
760 2764 935 2795 literarum

201 2806 383 2843 studiosus,
423 2806 572 2837 Ennium
611 2809 746 2838 civitate
785 2809 934 2846 donavit,

202 2859 279 2881 eum
303 2849 473 2880 Triumvir
496 2850 662 2883 colomam
685 2851 887 2883 deduxisset.
903 2862 935 2883 v.

200 2893 246 2936 Ω.
263 2892 401 2926 Fulvius
416 2894 501 2927 Nob.

731 103 878 133 INDEX
908 103 937 131 H
944 103 1188 134 IS'rqucUs.

1025 195 1186 233 Nodinus,
1204 194 1247 226 N.
1264 195 1307 226 D.
1324 194 1370 224 iii.
1388 196 1440 226 20.
1471 194 1563 226 Deus
1584 195 1708 227 Roma-

981 248 1100 269 norum
1116 251 1125 277 ς
1151 239 1282 279 proprie
1299 239 1418 268 fluuius
1436 248 1536 278 prope
1552 239 1707 270 Romam.

1022 282 1065 323 Q.
1095 283 1254 313 Considius
1279 283 1461 318 leiemus,
1478 282 1519 311 ad
1542 282 1617 312 Div.
1641 283 1709 312 xvi.

983 327 1031 355 12.
1061 337 1078 356 e
1089 331 1186 364 gente
1203 327 1313 356 Nouia
1329 328 1361 355 in
1382 325 1557 356 (inuidiam
1575 326 1707 367 adopta·

978 372 1041 398 tus.
1056 370 1085 398 ei
1099 370 1248 400 decernit
1261 372 1402 399 Senatus
1419 368 1560 399 Galliam
1576 370 1710 399 citerio-

981 421 1065 447 rem,
1084 412 1205 442 Caesari
1223 413 1445 443 adimendam.

1021 454 1070 485 M.
1087 456 1213 485 Nonius
1225 454 1391 495 Suffenas.
1405 457 1474 486 Att.
1491 456 1534 485 vi.
1553 458 1580 485 1.
1599 455 1708 485 Cretae

978 504 1012 527 et
1040 498 1245 537 Cyrenarum
1274 506 1469 540 propraetor‚
1485 509 1562 529 cum
1591 498 1708 528 cicero

978 541 1013 570 in
1031 541 1148 571 Cilicia
1163 548 1261 573 esset.

1026 584 1057 614 C.
1083 585 1270 623 Abrbmms,
1288 596 1304 615 e
1323 586 1445 616 Juniis.
1471 587 1565 617 Orat.
1594 585 1627 615 ii.
1654 587 1707 616 21.

978 628 1030 658 95.
1046 629 1099 661 47.
1116 633 1150 657 et
1166 632 1218 659 48.
1242 630 1298 667 qui
1313 630 1467 659 tribunus
1483 629 1528 669 pl.
1544 629 1584 668 Ω.
1602 628 1709 658 Servi-

977 669 1059 700 lium
1078 671 1270 711 Caepionem
1294 682 1313 701 a
1329 672 1471 703 Cimbris
1489 674 1614 703 victum
1637 682 1708 702 orn-

977 714 1074 744 nibus
1095 715 1199 744 modis
1220 715 1361 752 vexavit,
1380 716 1517 755 ideoque
1534 721 1707 746 aecusatus

976 762 1027 787 est
1051 768 1071 787 a
1094 758 1128 787 P.
1146 758 1292 798 Sulpicio
1316 759 1401 788 Rufo
1422 759 1572 790 Tribuno
1589 759 1633 800 pl.
1651 759 1707 789 dc-

975 800 1088 831 sensus
1121 812 1140 831 a
1170 802 1217 832 M.
1251 802 1397 832 Antonio
1428 802 1580 840 Oratore,
1612 804 1706 842 cujus

976 851 1123 883 quaestor
1148 845 1269 876 fuerat.
1295 846 1359 876 Off.
1388 846 1420 875 ii.
1451 849 1501 876 14.
1531 846 1707 876 seditiosus

976 893 1011 917 et
1026 888 1155 918 inutilis
1167 889 1258 920 civis.
1287 890 1355 920 Hic
1370 894 1427 926 est,
1437 891 1493 928 qui
1503 893 1575 929 post
1592 889 1711 920 Consul-

975 941 1048 961 cum
1075 932 1116 962 L.
1141 932 1286 972 Scipione
1309 943 1386 963 mm.
1413 941 1540 963 nchx.
1562 943 1585 963 a
1609 932 1707 963 Sulla

976 976 1081 1005 victus
1095 979 1150 1005 est.
1169 976 1248 1006 Vell.
1265 977 1299 1006 ii.
1316 979 1369 1007 25.

1025 1018 1058 1048 C.
1090 1019 1279 1057 Norbanus,
1303 1020 1395 1050 Verr.
1426 1020 1472 1049 iii.
1501 1023 1553 1054 49.
1585 1023 1708 1060 praetor

958 1061 1118 1093 .Siculus.
1149 1063 1243 1093 Verr.
1267 1073 1297 1093 v.
1320 1065 1352 1094 4.
1390 1063 1539 1093 Siciliam
1566 1064 1707 1093 otiosam

978 1104 1109 1135 habuit.

1021 1148 1063 1179 L.
1088 1148 1224 1179 Nostius
1249 1149 1373 1188 Zoilus,
1391 1149 1435 1180 ad
1457 1151 1532 1181 Div.
1556 1150 1626 1180 xiii.
1651 1151 1705 1181 46.

976 1191 1116 1222 libertus
1134 1193 1170 1223 L.
1186 1193 1308 1224 Nostii.

1021 1236 1144 1273 Novia,
1163 1236 1297 1267 Cluent.
1311 1241 1343 1271 9.
1359 1247 1443 1267 uxor
1457 1237 1646 1277 Oppianici.

1021 1280 1063 1311 N
1065 1282 1174 1318 ucula,
1192 1281 1248 1310 Or.
1266 1281 1300 1310 ii.
1316 1281 1369 1312 62.

1020 1323 1172 1361 AVao-ula,
1189 1323 1272 1353 Phil.
1288 1324 1330 1354 vi.
1344 1327 1373 1355 5.
1399 1324 1467 1353 viii.
1484 1328 1515 1358 9.
1531 1325 1576 1355 xi.
1591 1325 1622 1356 6.
1650 1325 1707 1355 xii.

977 1369 1007 1398 8.
1037 1366 1077 1396 de
1094 1367 1310 1407 Septemviris
1325 1367 1476 1398 Antonii.

1021 1410 1142 1442 quma
1164 1410 1363 1450 Pompilius,
1392 1410 1471 1450 Leg.
1499 1411 1533 1441 ii.
1561 1413 1613 1443 22.
1645 1411 1709 1442 hu-

977 1458 1089 1484 matus
1118 1460 1182 1491 est,
1213 1455 1292 1484 ubi?
1321 1453 1421 1484 Tusc.
1451 1455 1493 1485 iv.
1528 1457 1556 1485 1.
1586 1455 1709 1495 Pytha-

977 1507 1096 1537 goreus
1126 1497 1213 1527 male
1244 1498 1468 1528 existimatur.
1499 1497 1556 1528 Or.
1588 1499 1622 1529 ii.
1653 1501 1706 1532 37.

976 1545 1055 1571 ante
1081 1541 1303 1581 Pythagoram
1321 1541 1413 1571 vixit.
1428 1540 1485 1571 Or.
1502 1542 1549 1571 iii.
1568 1545 1618 1573 51.
1650 1542 1707 1572 do-

976 1585 1156 1615 ctissimus.
1172 1584 1254 1615 Sull.
1271 1588 1302 1619 7.
1334 1595 1390 1615 rex
1407 1585 1613 1624 peregrinus.

1021 1628 1206 1658 Numerius
1227 1633 1274 1659 est
1297 1638 1486 1669 praenomen
1512 1628 1706 1667 Auriorum,

977 1671 1226 1708 Cluentiorum,
1244 1671 1434 1709 Fabiorum,
1454 1671 1628 1703 Furiosum
1651 1671 1708 1713 &a

975 1725 1006 1745 v.
1022 1717 1057 1745 in
1073 1715 1176 1746 Num.
1192 1715 1310 1746 Fabius
1327 1715 1449 1746 Pictor.

1020 1759 1218 1798 Numerius,
1241 1758 1335 1790 Verr.
1359 1759 1406 1789 iii.
1430 1761 1483 1790 23.
1515 1758 1707 1800 Centuripi-

977 1811 1051 1833 nus.

1021 1846 1207 1878 Numerius
1221 1846 1361 1885 Aurius,
1375 1857 1407 1877 v.
1423 1845 1556 1877 Aurius.

1021 1890 1130 1920 Num.
1155 1891 1333 1929 Cluentius,
1349 1889 1414 1920 vid.
1432 1889 1621 1920 Cluentius.

1021 1933 1128 1964 Num.
1146 1934 1265 1964 Fabius
1282 1934 1409 1970 Pictor,
1425 1944 1454 1963 v.
1473 1933 1603 1963 Fabius.

1021 1977 1128 2008 Num.
1149 1977 1285 2014 Furius,
1302 1978 1366 2008 vid.
1383 1976 1512 2008 Furius.
1529 1976 1569 2007 de
1585 1977 1643 2007 Or.
1659 1977 1706 2008 iii.

976 2022 1030 2053 23.
1058 2031 1158 2060 eques
1172 2021 1357 2059 Romanus,
1375 2020 1535 2051 cantandi
1556 2020 1637 2051 artis
1651 2031 1708 2061 pe-

976 2065 1073 2095 ritus.

1021 2108 1127 2139 Num.
1153 2108 1360 2146 Numestius,
1375 2107 1448 2139 Att.
1467 2108 1501 2138 ii.
1521 2109 1574 2140 20.
1597 2109 1650 2139 22.
1671 2111 1708 2138 et

976 2154 1029 2184 24.
1046 2152 1172 2182 amicus
1191 2152 1307 2182 Attici.

1021 2195 1209 2226 Numerius
1225 2196 1394 2237 Quintius,
1410 2205 1440 2226 v.
1456 2195 1575 2235 Quint.

1020 2238 1204 2270 Numerius
1219 2237 1402 2279 quff‘ucius,
1415 2250 1446 2269 v.
1463 2239 1544 2269 Suff.

1021 2283 1076 2314 Ti.
1091 2282 1281 2320 Numicius,
1298 2283 1362 2313 Off.
1378 2283 1425 2312 iii.
1443 2285 1496 2313 30.
1512 2282 1591 2312 trib.
1605 2281 1694 2322 pleb.

1021 2327 1217 2364 Numz‘m‘us,
1229 2326 1323 2357 Verr.
1336 2327 1378 2356 iv.
1392 2329 1444 2357 51.
1471 2325 1638 2356 Ennensis
1649 2326 1709 2356 Se-

977 2376 1087 2401 nator.

1021 2413 1196 2445 Numisius
1209 2411 1296 2450 Tiro,
1314 2412 1399 2443 Phil.
1415 2413 1448 2443 ii.
1465 2416 1497 2444 4.
1513 2413 1570 2443 xii.
1588 2413 1620 2442 6.

1021 2458 1196 2489 Numisius
1214 2456 1373 2493 lllustcla,
1388 2466 1418 2485 v.
1434 2457 1469 2486 in
1486 2456 1640 2486 Mustela.

1025 2501 1184 2539 Nuntius,
1201 2500 1258 2531 Or.
1276 2500 1308 2530 ii.
1326 2500 1379 2530 63.
1409 2499 1540 2530 divisor.

1021 2544 1182 2581 Numa'us,
1197 2543 1291 2574 font.
1305 2547 1335 2575 5.
1361 2543 1400 2573 de
1413 2542 1549 2573 cohorte
1561 2542 1609 2572 M.
1623 2542 1708 2573 Fon-

976 2588 1049 2625 teii,
1067 2594 1126 2619 aut
1139 2587 1293 2629 portitor.

1020 2632 1193 2670 qumitor,
1223 2630 1371 2660 Herenn.
1402 2629 1443 2660 iv.
1475 2632 1528 2660 34.
1570 2628 1709 2660 Romuli

977 2685 1066 2706 avus.

1020 2719 1227 2755 Numitor-ia,
1252 2717 1460 2756 Fregellana.
1494 2715 1580 2747 Phil.
1602 2716 1650 2746 iii.
1674 2716 1706 2748 6.

976 2773 1060 2794 uxor
1076 2763 1177 2803 patris
1195 2761 1242 2792 M.
1259 2761 1409 2790 Antonii.

1025 2807 1058 2837 C.
1085 2806 1306 2841 qumitmius,
1330 2804 1423 2834 Verr.
1452 2813 1482 2833 v.
1513 2803 1566 2834 63.
1604 2811 1707 2842 eque·

975 2850 1118 2883 Roman.
1135 2850 1169 2879 in
1186 2858 1265 2888 agro
1280 2847 1571 2878 Taurominitano.

1021 2893 1065 2936 Ω.
1097 2893 1308 2928 Numitorius
1338 2891 1472 2924 Pullus.
1499 2890 1572 2922 Inv.
1595 2889 1631 2921 ii.
1654 2890 1708 2920 34.
