1800 3131
143 147 225 190 196·

145 250 179 281 in
196 249 405 281 libertatem:
431 251 519 290 quod
544 256 639 292 patet
665 262 683 282 e
708 252 800 282 Livio
822 253 869 283 iii.

145 296 200 325 44.
215 303 263 334 sq.
287 295 343 334 qui
365 294 456 325 locus
474 298 525 326 est
548 295 715 327 classicus.
733 297 765 326 h.
789 296 810 327 1.
827 302 877 327 est

145 338 231 376 ejus,
254 339 310 377 qui
340 339 488 369 vindicat
513 339 546 369 in
572 339 774 370 libertatem.
813 340 877 370 *111

146 381 269 412 Lexico
291 381 467 413 Nizoliano
483 393 523 412 ex
540 384 635 414 Ossic.
653 384 699 414 iii.
720 386 768 414 13.
785 384 879 414 affer-

146 430 216 463 tur,
232 429 273 455 ut
289 425 337 455 illi
351 431 520 457 asserunt.-
547 427 604 457 sed
622 436 687 457 non
704 431 755 456 est
771 436 878 466 neque

148 468 182 498 in
200 469 294 499 bonis
320 469 413 500 codd.
435 480 543 510 neque
568 470 642 501 edd.
674 469 878 500 cf.Borricli.

146 510 278 543 vindic.
293 521 326 552 p.
346 517 394 548 17.

188 557 342 587 Assertio.
369 557 470 588 Acad.
497 557 517 587 i.
548 559 596 587 12.
621 558 791 587 assertione
820 567 878 596 ap-

146 600 298 640 probare.
342 601 406 631 Sed
434 601 589 632 Davisius
614 604 704 631 recte
729 600 877 640 reposuit

145 645 333 674 assensione.

188 688 346 718 Asservin.
379 687 478 717 Tusc.
504 687 537 717 ii
565 688 619 717 24.
642 690 715 716 toto
739 695 875 725 corpore

145 731 356 761 contentioni
380 731 467 760 vocis
491 731 660 760 assem-ire.
687 729 709 759 1.
743 738 772 759 e.
796 739 875 759 cum

144 783 224 804 voce
241 784 310 804 una
321 779 432 804 totum
451 783 569 812 corpus
586 772 799 803 contendere.

188 818 336 848 Assem-io.
354 818 394 846 ad
408 818 483 847 Div.
495 817 537 846 xi.
547 819 600 848 ⁶27.
614 816 809 846 Oblitumne
822 826 874 845 me

144 866 255 900 putas,
282 870 355 898 quae
380 866 440 890 tua
457 859 561 890 fuerit
583 861 724 898 assessio,
754 860 873 898 oratio,

144 904 366 934 confirmatio.

183 948 345 978 Aes-evera.
369 946 500 977 Verrin.
531 947 563 977 ii.
582 949 630 977 10.
654 952 773 977 utrum
790 957 874 977 asse-

141 996 279 1021 veratur
306 992 340 1020 in
370 990 444 1027 hoc,
461 1000 504 1020 an
517 991 698 1020 tentatur?
724 990 756 1020 h.
779 1001 809 1021 e.
836 1000 875 1020 u—

141 1039 234 1064 trum
260 1036 346 1064 serio
370 1034 433 1063 ista
459 1034 632 1070 dicuntur,
661 1043 703 1063 an
737 1038 874 1064 tantum

141 1078 280 1118 periculi
309 1077 452 1107 faciendi
475 1087 587 1114 causa,
606 1077 633 1107 si
656 1077 742 1107 forte
758 1077 874 1117 hujus-

142 1122 232 1151 modi
248 1121 477 1151 defensionem
494 1121 631 1160 probarc
647 1121 775 1160 possit?

183 1165 357 1201 Assiduus,
372 1164 532 1205 locuples,
543 1165 627 1205 Top.
639 1167 668 1196 2.
683 1175 701 1194 e
716 1164 771 1194 xii.
782 1164 872 1195 tabb.

141 1210 270 1239 assiduo
282 1209 446 1238 vindicem
462 1209 631 1238 assiduum
646 1218 730 1245 esse,
753 1208 787 1238 id
808 1212 872 1245 est,

141 1252 343 1292 locupletem
357 1251 527 1292 locupleti.
550 1253 629 1291 quia
643 1262 688 1282 sc.
706 1253 750 1282 sit
759 1252 799 1282 ab
809 1261 874 1281 aere

141 1295 263 1334 dando,
277 1303 315 1326 ut
327 1296 374 1326 ait
398 1295 540 1334 Quintil.
558 1306 587 1325 x.
606 1299 636 1327 5.
649 1295 690 1325 cf.
704 1295 788 1325 Gell.
805 1296 872 1325 viii.

142 1345 171 1369 a.
186 1340 248 1370 xvi.
266 1343 315 1370 10.
335 1339 398 1369 Sed
409 1339 478 1368 liaec
491 1340 584 1369 notio
593 1340 682 1369 verbi
693 1343 809 1379 postea
817 1340 874 1368 ob-

140 1383 270 1413 solevit.
302 1383 528 1413 Ciceronianae
546 1383 698 1412 notiones
706 1382 758 1412 hae
770 1387 870 1412 sunt:

145 1429 170 1456 1.
185 1427 240 1465 qui
253 1432 415 1467 perpetuo
433 1427 466 1456 111
495 1426 565 1456 loco
580 1425 690 1465 aliquo
709 1430 874 1457 versatur.

140 1469 238 1500 Rosc.
256 1472 332 1500 Am.
349 1474 379 1504 7.
397 1471 550 1500 assiduus
573 1471 607 1499 in
626 1469 756 1510 praediis
773 1476 872 1500 esset.

139 1514 218 1543 ibid.
237 1516 289 1548 29.
316 1513 439 1544 assidui
452 1518 549 1543 crant
565 1514 692 1544 Romae.
725 1513 803 1544 ibid.
823 1514 871 1544 16.

139 1559 195 1595 qui
211 1557 330 1587 liberos
346 1566 422 1587 suos
447 1557 590 1588 assiduos
613 1557 773 1595 agricolas
799 1566 870 1586 esse

137 1601 267 1631 volunt.
283 1601 317 1632 h.
340 1611 369 1631 e.
384 1611 516 1642 semper
531 1602 567 1630 in
583 1601 670 1640 agris
686 1610 770 1638 esse,
787 1606 822 1630 et
836 1601 870 1631 in

138 1645 292 1684 praediis3
328 1654 435 1683 neque
461 1645 553 1674 enim
571 1644 610 1674 de
628 1645 666 1674 iis
683 1653 792 1674 sermo
807 1649 871 1682 est,

137 1689 195 1726 qui
229 1689 354 1718 rustico
388 1698 500 1728 opere,
532 1687 668 1725 arando,
700 1687 870 1727 fodiendo,

136 1732 339 1771 funguntur,
355 1731 414 1761 sed
428 1731 468 1761 de
493 1731 635 1762 dominis
656 1731 869 1771 praediorum,

136 1785 281 1814 quorum
312 1776 490 1815 pra-sentia
518 1779 653 1805 tantum
689 1785 771 1814 opus
807 1782 869 1805 est.

137 1818 234 1849 Clare
253 1819 349 1849 Cato.
368 1820 418 1849 16.
447 1828 580 1858 semper
595 1819 672 1848 boni
688 1819 871 1857 assiduique

137 1863 265 1893 domini
294 1862 418 1892 referta
449 1861 535 1892 cella
563 1862 692 1892 vinaria
719 1864 778 1892 &cu
806 1868 869 1892 est.

135 1906 200 1936 Sed
225 1906 276 1936 his
306 1907 443 1936 assiduis
470 1905 622 1944 agricolis
653 1910 870 1945 opponuntur

135 1950 260 1981 assidui·
275 1950 394 1979 urbani
412 1959 463 1989 ap.
481 1949 590 1980 Plaut.
607 1948 760 1979 Trinum.
776 1949 797 1979 i.
818 1953 867 1980 11.

134 1993 177 2023 cf.
202 1993 345 2023 Gronov.
374 1993 448 2022 Pec.
474 1992 550 2023 Vet.
574 1994 615 2023 iV.
633 1997 663 2027 9.
684 1993 792 2024 Pison.
814 1994 867 2024 ⁶26.

136 2036 170 2066 in
201 2036 263 2066 hac
289 2036 486 2076 quotidiana
515 2037 649 2066 assidua
675 2037 868 2076 urbanaque

133 2081 212 2110 vita.
259 2080 383 2110 Caecin.
409 2081 462 2110 2⁶2.
488 2080 678 2110 convocatis
694 2090 870 2120 opponun-

132 2129 191 2154 tur
206 2125 329 2154 assidui
345 2123 598 2161 domesticique.
630 2123 718 2153 Hine
735 2123 869 2163 elegan-

129 2172 183 2197 ter
199 2168 255 2198 Or.
267 2168 302 2197 ii.
315 2170 367 2201 39.
393 2167 515 2196 assidui
531 2166 691 2197 dicuntur
705 2167 868 2208 rhetores,

132 2216 169 2240 et
184 2211 374 2250 quicunque
391 2210 424 2240 in
441 2219 510 2240 una
532 2217 603 2240 arte
618 2217 781 2251 perpetuo
798 2221 870 2240 ver-

132 2260 262 2285 santur.
286 2254 336 2284 Ab
358 2254 421 2284 hac
436 2253 684 2292 significatione
701 2254 799 2284 fluxit
821 2254 868 2284 al-

132 2304 220 2335 tera,
236 2308 302 2336 qua
328 2295 361 2335 2)
389 2297 512 2328 assidui
538 2297 710 2336 dicuntur,
726 2297 785 2337 qui
809 2297 867 2328 aii-

134 2351 233 2380 quem
252 2341 373 2380 ubique
388 2345 574 2378 sectantur,
591 2345 821 2372 assectatores.
837 2352 867 2372 v.

134 2385 318 2415 assiduitas.
344 2384 385 2413 ad
412 2394 512 2423 quem
530 2384 667 2415 modum
697 2385 771 2415 Act.
789 2385 810 2415 i.
833 2386 868 2416 in

133 2427 227 2458 Verr.
248 2430 296 2459 12.
320 2427 445 2458 dicitur
471 2428 622 2458 assiduus
637 2433 811 2458 aecusator
833 2434 867 2459 et

134 2470 281 2508 odiosus,
305 2470 410 2510 qualis
428 2470 483 2500 ille
509 2475 560 2501 est
582 2481 634 2511 ap.
651 2471 868 2511 Xenophont.

135 2514 320 2546 Memorab.
343 2515 433 2544 socr.
446 2515 480 2544 ii.
495 2518 526 2548 9.
544 2515 574 2545 6.
591 2513 618 2547 ἒς
634 2514 684 2546 οὐκ
699 2515 867 2548 ἀπηλλάτ-

136 2570 215 2595 τετο,
227 2556 275 2591 ἵως
290 2559 349 2588 ἃς.
369 2558 464 2588 Rosc.
476 2559 514 2589 A.
525 2560 577 2589 24.
594 2558 645 2588 hae
658 2564 737 2589 sunt
754 2559 866 2598 impiis

134 2602 272 2632 assidua>
295 2601 551 2640 domesticaeque
576 2601 695 2632 Furiae.
723 2600 756 2640 3)
785 2604 867 2632 assi-

134 2645 238 2675 duum
255 2644 389 2681 dieitur,
407 2645 496 2683 quod
511 2650 563 2674 est
579 2650 794 2685 perpetuum,
822 2646 867 2676 si-

134 2697 176 2718 ne
193 2689 450 2718 intermissione.
495 2688 567 2718 Att.
585 2689 653 2718 xiii.
676 2689 724 2720 15.
741 2689 866 2720 assidui

134 2732 267 2761 imbres.
284 2731 362 2761 ibid.
380 2734 429 2762 12.
447 2732 595 2762 assiduus
610 2742 737 2762 cursus.
755 2732 866 2764 Plane.

135 2781 165 2806 ὃ.
184 2775 316 2804 asside-¹11
332 2775 530 2813 frequentia.
545 2774 587 2805 ad
602 2776 677 2806 Div.
690 2776 769 2809 iv.7.
785 2778 866 2806 assi-

131 2819 205 2848 dnoe
222 2818 377 2848 lacrimae.
394 2819 472 2848 ibid.
490 2830 520 2848 x.
540 2821 591 2848 21.
608 2819 769 2850 febricula
782 2821 866 2850 assi-

132 2863 211 2897 dua,
229 2872 304 2901 opp.
322 2862 573 2891 imai-mittenti.
589 2862 682 2892 Vei-r.
700 2864 722 2893 i.
741 2866 793 2897 39.
811 2873 863 2894 as—

131 2906 227 2936 sidua
244 2906 518 2935 commemoratio
536 2907 594 2935 &a

175 2948 366 2980 Assiduitas.
394 2953 420 2980 1.
437 2954 599 2990 perpetua
611 2949 808 2989 praesentia:
826 2955 866 2981 ut

621 156 768 191 mum<
797 163 1094 192 LAT1N1rA'rls.
1110 162 1112 165 ’

915 252 955 282 de
972 253 1140 284 advocatis
1167 253 1280 284 Plane.
1301 255 1350 284 11.
1374 253 1464 283 sext.
1480 257 1510 286 3.
1535 252 1648 284 Plane.

922 298 973 330 27.
997 297 1113 328 valuit
1133 298 1324 328 assiduitate
1331 310 1342 330 ,·
1368 306 1442 335 quae
1458 296 1527 327 κατ’
1547 296 1650 337 {gazin

922 339 1057 377 dicitur,
1073 351 1150 371 cum
1168 342 1240 380 quis
1257 345 1418 380 perpetuo
1442 341 1558 371 Romae
1584 346 1649 378 est,

922 383 956 413 in
978 385 1100 414 civium
1124 384 1242 421 oculis,
1267 385 1355 423 quod
1376 394 1416 414 ea
1431 393 1482 413 res
1499 384 1539 414 ad
1564 385 1650 424 peti-

921 427 1029 457 tiones
1060 428 1212 467 prodesse
1239 433 1391 468 putatur,
1415 434 1450 457 et
1475 432 1652 467 propterea

921 470 1010 500 inter
1025 472 1178 510 praesidia
1191 473 1392 512 petitionum
1410 479 1651 501 commemora-

919 516 987 543 tur.
1011 514 1104 544 Verr.
1126 515 1147 545 i.
1164 518 1217 549 39.
1245 520 1316 552 aut,
1334 514 1422 553 quod
1443 514 1649 544 levissimum

919 561 984 594 est,
1013 558 1349 597 assiduitate—gratis
1388 563 1511 598 praetor
1541 557 1652 588 factus

919 604 981 629 est.
1007 600 1140 632 Muren.
1157 606 1187 636 9.
1211 603 1554 641 assiduitatis—putat
1577 608 1648 630 esse

918 643 1143 675 consulatum.
1183 644 1226 674 N.
1253 645 1296 675 D.
1327 646 1362 675 ii.
1387 648 1439 676 38.
1474 644 1650 675 assiduitas

918 687 1133 725 quotidiana3
1158 688 1197 717 de
1220 688 1317 718 rebus
1341 688 1542 724 coelestibus,
1567 697 1649 726 quas

917 731 1065 768 quotidie
1090 731 1250 761 videmus.
1272 731 1344 762 Att.
1359 731 1415 762 xii.
1432 735 1484 763 33.
1512 731 1650 762 assidui-

917 777 968 803 tas
992 774 1123 805 medici.
1162 776 1193 806 2.
1215 775 1524 814 assectatio,neque
1539 774 1649 805 solum

916 818 1123 853 tenuiorum,
1136 818 1194 847 sed
1202 818 1306 848 etiam
1317 817 1538 848 salutatorum
1556 818 1648 858 prin-

917 861 1041 899 cipum.
1085 862 1150 901 Qu.
1176 861 1228 892 Fr.
1254 861 1276 891 i.
1302 864 1333 892 3.
1369 860 1570 892 Hortensius
1593 871 1647 892 me

916 913 1049 935 summa
1063 904 1276 935 simulatione
1299 905 1433 942 amoris,
1450 914 1647 944 summaque

916 948 1106 979 assiduitate
1122 949 1317 988 quotidiana
1327 948 1582 978 sceleratissime
1598 948 1652 978 in-

916 991 1195 1031 sidiosissimeque
1212 993 1382 1022 tractavit.
1418 991 1520 1022 Petit.
1547 992 1646 1022 cons.

920 1037 947 1064 1.
971 1035 1167 1073 quotidiana
1200 1036 1385 1066 amicorum
1413 1035 1588 1066 assiduitas
1613 1039 1647 1065 et

915 1078 1115 1117 frequentia.
1139 1081 1169 1109 3.
1192 1079 1412 1120 perpetuitas,
1438 1078 1650 1109 continuatio

915 1122 986 1151 sine
1014 1122 1202 1160 intervallo,
1226 1123 1426 1162 frequentia.
1456 1122 1553 1153 Rosc.
1570 1122 1646 1152 Am.

916 1169 968 1196 53.
991 1166 1165 1196 assiduitas
1188 1166 1429 1196 molestiarum.
1453 1166 1517 1196 Off.
1540 1166 1574 1196 ii.
1591 1167 1645 1197 21.

914 1210 1090 1239 assiduitas
1116 1208 1291 1240 bellorum.
1315 1208 1386 1239 Inv.
1413 1209 1434 1240 i.
1457 1213 1488 1240 3.
1513 1209 1647 1240 dicendi

913 1253 1101 1283 assiduitas.
1119 1253 1160 1283 ad
1175 1253 1251 1284 Div.
1264 1252 1328 1283 xvi.
1341 1254 1395 1284 25.
1418 1253 1592 1283 assiduitas
1608 1253 1649 1283 li—

913 1301 1075 1327 terarum.
1094 1296 1135 1327 ad
1152 1296 1301 1327 Herenn.
1326 1296 1368 1326 iv.
1391 1299 1442 1327 13.
1463 1296 1644 1327 vitabimus

915 1340 1011 1370 istius
1027 1340 1134 1370 literae
1146 1340 1286 1370 nimiam
1302 1339 1537 1371 assiduitatem.

957 1384 1150 1423 Ass-ignare,
1168 1384 1258 1421 dare,
1276 1383 1435 1414 tribuere.
1471 1383 1544 1414 Att.
1558 1394 1590 1414 x.
1612 1386 1645 1414 4.

915 1426 998 1457 nihil
1020 1428 1214 1466 assignabis,
1236 1437 1298 1457 nec
1314 1433 1449 1467 patruo,
1462 1436 1525 1457 nec
1546 1427 1645 1464 mihi,

914 1480 960 1500 sc.
977 1470 1096 1511 culpae.
1120 1471 1273 1511 inprimis
1301 1478 1415 1501 autem
1442 1470 1590 1501 notanda
1605 1480 1648 1501 ea.

914 1515 1013 1552 ratio,
1030 1525 1107 1544 cum
1123 1514 1163 1544 de
1179 1515 1265 1554 agris
1281 1514 1480 1551 distributis,
1497 1514 1647 1544 muneri-

913 1557 988 1594 bus,
1004 1557 1185 1588 honoribus
1207 1558 1341 1590 dicitur.
1373 1559 1428 1588 Sic
1457 1558 1566 1588 Pison.
1590 1558 1645 1589 36.

913 1601 1016 1640 quid?
1042 1612 1102 1642 per
1117 1607 1215 1632 tuum
1232 1601 1402 1632 servulum
1417 1601 1550 1631 ordines
1566 1603 1646 1632 assi-

910 1646 1018 1684 gnati.
1044 1645 1211 1685 Chargen,
1227 1646 1261 1675 in
1278 1655 1312 1675 re
1333 1644 1480 1676 militari.
1503 1655 1532 1674 v.
1549 1644 1648 1675 Ordi-

913 1698 982 1718 nes.
1006 1689 1121 1719 Somn.
1146 1690 1198 1719 Sc.
1225 1691 1256 1719 3.
1284 1698 1408 1719 munus
1436 1690 1644 1727 assignatum

912 1732 1090 1771 defugisse.
1126 1732 1204 1771 Agr.
1226 1733 1273 1762 iii.
1287 1735 1318 1764 3.
1350 1735 1523 1771 assignare
1549 1740 1645 1772 agros

912 1775 1049 1806 colonis.
1068 1777 1127 1805 διο.
1151 1776 1216 1806 vid.
1232 1777 1419 1814 assignatio.

955 1819 1152 1858 Assingatio.
1170 1820 1211 1850 ad
1226 1820 1303 1851 Div.
1321 1820 1391 1849 xiii.
1406 1822 1436 1851 8.
1452 1819 1646 1857 assignatio-

911 1873 966 1893 nes
981 1862 1139 1900 Sullanae,
1156 1873 1202 1894 sc.
1224 1872 1392 1903 agrorum.
1419 1863 1646 1902 Distinguun-

910 1912 968 1937 tur
983 1911 1098 1937 autem
1121 1906 1176 1936 hic
1198 1911 1234 1937 et
1256 1906 1330 1936 aliis
1351 1906 1432 1936 locis
1449 1916 1469 1936 a
1483 1906 1646 1938 venditio-

913 1951 1022 1989 nibus,
1046 1955 1085 1981 ut
1113 1951 1282 1989 assignare
1307 1956 1342 1980 et
1365 1950 1510 1980 vendere
1538 1959 1645 1989 agros.

911 1994 989 2033 Agr.
1015 1994 1062 2024 iii.
1079 1996 1109 2024 3.
1149 1993 1192 2025 ad
1217 1994 1295 2024 Div.
1321 1994 1364 2024 xi.
1394 1995 1448 2025 20.
1471 1993 1529 2024 ubi
1555 1997 1645 2023 sorte

911 2037 1073 2067 dicuntur
1088 2038 1158 2076 agri
1175 2036 1361 2076 legionibus
1387 2037 1566 2076 assignari.
1593 2046 1645 2066 as-

910 2082 1050 2120 signatio
1072 2081 1111 2111 fit
1126 2090 1186 2120 per
1211 2081 1300 2120 leges
1324 2081 1492 2120 Agrarias,
1507 2079 1646 2110 coloniis

911 2124 1135 2163 deducendi53
1159 2125 1308 2155 venditio
1334 2128 1448 2154 autem
1473 2123 1643 2154 auctione.

955 2168 1080 2198 Assilio.
1090 2169 1148 2198 Or.
1166 2169 1199 2198 ii.
1213 2171 1265 2199 53.
1278 2177 1340 2198 nec
1351 2168 1564 2198 assiliendum
1576 2170 1645 2196 sta-

910 2210 973 2241 tim
992 2216 1040 2242 est
1061 2212 1102 2241 ad
1117 2212 1200 2242 illud
1216 2221 1332 2251 genus.
1361 2211 1382 2241 i.
1399 2221 1428 2240 e.
1457 2220 1525 2241 non
1541 2210 1643 2240 nimis

911 2255 991 2292 cito,
1002 2260 1080 2285 ante
1098 2260 1245 2295 tempus,
1262 2254 1502 2284 accedendum.

953 2299 1185 2329 Assimnlatus.
1210 2298 1291 2329 Coel.
1317 2299 1348 2329 6.
1366 2299 1561 2329 assimulata
1575 2299 1644 2329 vir-

910 2346 975 2372 tus.
1001 2338 1093 2372 Vei-r.
1110 2343 1144 2372 ii.
1162 2345 1214 2377 77.
1237 2341 1344 2372 literae
1370 2341 1547 2380 lituraeque
1571 2352 1645 2372 om-

911 2395 969 2416 nes
985 2388 1386 2425 assimulatoe‚expressae.
1433 2385 1569 2416 Cluent.
1590 2388 1640 2417 13.

910 2430 1106 2460 assimulata
1121 2429 1344 2459 familiaritas.

952 2474 1134 2504 Assumere.
1166 2473 1237 2503 Fin.
1267 2473 1313 2502 iii.
1344 2476 1375 2503 5.
1404 2481 1504 2502 sensu
1531 2471 1644 2502 Stoico

910 2515 1034 2547 dicitur
1069 2516 1109 2546 de
1142 2514 1346 2558 argon->spatum
1395 2515 1414 2534 ³¹·
1435 2516 1506 2546 Fin.
1535 2515 1557 2545 i.
1591 2518 1643 2546 10.

909 2561 1018 2591 omnis
1044 2559 1196 2600 voluptas
1221 2559 1429 2596 assumenda,
1453 2558 1562 2589 omnis
1586 2558 1644 2589 do-

908 2603 959 2633 lor
1004 2602 1230 2644 depellendus.
1276 2604 1295 2623 ³⁵
1323 2612 1516 2642 comparare
1553 2602 1642 2641 sibi;

908 2652 1081 2686 tamquam
1125 2647 1159 2677 in
1197 2645 1394 2676 subsidium.
1441 2645 1498 2676 Or.
1537 2645 1560 2675 i.
1590 2649 1643 2677 50.

908 2691 935 2720 si
966 2692 1039 2730 quis
1067 2691 1167 2721 aliam
1197 2699 1327 2728 quoque
1358 2696 1465 2720 artem
1493 2689 1557 2719 sibi
1592 2700 1644 2720 as-

907 2736 1071 2764 sumserit.
1109 2733 1188 2764 ibid.
1215 2735 1267 2766 37.
1299 2732 1362 2763 nisi
1386 2732 1519 2762 dicendi
1551 2733 1644 2783 copi-

908 2787 963 2808 am
993 2779 1205 2814 assumsisset,
1245 2785 1291 2806 sc.
1318 2782 1441 2817 praeter
1469 2777 1527 2815 jus
1563 2776 1643 2806 civi-

907 2821 949 2851 le.
988 2822 1007 2840 ¹*
1023 2830 1176 2860 arrogare
1211 2819 1287 2856 sibi,
1324 2820 1504 2850 vindicare.
1545 2818 1641 2850 offic.

907 2865 929 2894 i.
965 2868 991 2895 1.
1023 2865 1049 2894 si
1087 2864 1121 2894 id
1159 2862 1240 2893 mihi
1280 2873 1420 2900 assumo,
1458 2862 1572 2893 videor
1608 2862 1644 2895 id

908 2918 982 2938 meo
1009 2909 1087 2947 jure
1120 2906 1366 2947 quodammodo
1397 2907 1575 2938 vindicare.
1601 2906 1646 2937 ad

907 2952 982 2982 Div.
999 2953 1021 2982 i.
1037 2956 1068 2986 9.
1086 2960 1193 2990 neque
1212 2951 1392 2990 quiequam
1409 2950 1492 2981 mibi
1515 2959 1643 2981 assum·
