1800 3131
151 109 235 148 294

156 207 306 249 probitas
321 205 530 238 mercedibus
546 212 685 239 evocata.
709 210 729 228 *ἓ
741 211 888 250 peregri-

157 259 223 282 nus
240 252 354 291 jussus
376 251 500 282 adesse.
527 252 638 284 Deiot.
654 257 683 284 5.
711 254 803 284 venit
819 265 886 285 evo-

158 299 264 332 eacus,
281 300 319 325 ut
335 296 374 332 is,
390 297 445 334 qui
461 298 592 326 senatui
615 307 728 336 parere
753 298 884 328 didicis-

159 344 224 369 set.
248 339 393 368 *evocati
405 343 485 369 sunt
495 340 632 377 militm,
646 342 702 379 qni
718 341 885 380 stipendia

158 382 311 422 legitima
327 382 447 420 secere,
463 383 520 413 sed
536 384 700 423 precibus,
717 385 885 424 promissis

160 427 324 456 commoti
338 432 447 457 castra
462 427 601 467 alicujus
623 434 820 466 sequuntur.
845 428 885 458 ad

160 469 238 500 Div.
256 470 303 500 iii.
320 470 351 499 6.
373 470 551 510 praefectus
566 476 775 502 evocatorum.

205 513 358 544 Evocare.
388 513 444 544 Or.
469 515 490 544 i.
514 517 566 545 35.
596 516 731 545 evolavit
759 515 884 544 oratio:

160 555 196 587 h.
212 567 241 587 e.
259 557 412 587 celeriter
432 559 606 597 praeteriit,
624 562 661 587 ut
677 558 728 587 vix
746 568 819 596 quae
838 557 886 586 ‹li-

161 603 217 630 cta
236 601 317 639 sint,
334 602 457 641 percipi
481 602 663 640 potuerint.
688 601 765 630 ibid.
781 601 815 630 ii.
834 604 886 634 78.

159 647 272 674 totum
304 650 441 684 repente
473 646 618 674 evolare.-
649 644 682 674 h.
711 654 739 674 e.
772 654 887 674 omnes

159 696 236 718 suas
261 688 343 717 vires
367 687 520 717 celeriter
539 687 724 717 ostendere.
754 688 847 717 Vei-r.
865 688 886 717 i.

162 734 193 762 5.
216 734 340 761 evolare
363 741 402 760 ex
425 731 619 761 severitate:
651 731 685 761 h.
709 741 738 761 e.
762 731 884 761 absolvi

161 776 312 813 quamvis
337 774 484 804 noxium.
519 775 572 804 Sic
598 775 690 805 Prov.
727 775 825 805 Cons.
853 776 884 805 6.

160 827 293 857 poenam
310 819 488 848 evolarunt.
512 818 601 848 *Ate
612 819 654 848 ix,
672 822 721 849 10.
737 819 886 859 profecto

160 863 284 891 evolare
296 861 404 900 cupio.
429 861 472 891 ib.
486 872 518 892 x.
538 865 587 892 10.
611 867 708 892 caute
721 862 799 892 hinc
814 863 886 892 istis

161 904 382 942 invitissimis,
397 907 532 943 evolabo,
545 906 566 936 i.
584 916 612 935 e.
629 906 802 935 celerrime
818 907 887 935 abi-

160 957 206 978 re.
231 948 300 978 *de
323 948 515 979 honoribus.
539 950 596 979 Or.
621 951 652 980 ⁶2.
676 949 747 979 illos
771 949 886 980 dolent

157 993 311 1022 evolasse:
335 1002 412 1032 opp.
427 993 560 1023 relictos
575 1002 656 1023 esse.
702 994 755 1023 Sic
773 998 823 1024 est
838 993 885 1023 al-

156 1035 223 1065 tius
240 1037 378 1066 evolare.
396 1036 438 1066 ad
454 1037 530 1066 Div.
545 1037 566 1066 i.
584 1040 613 1071 7.

200 1079 374 1117 Evolvere,
406 1080 583 1120 explicare,
614 1089 788 1120 exponere.
827 1080 883 1110 Or.

155 1122 203 1153 iii.
221 1126 273 1154 55.
303 1122 353 1153 sol
369 1123 440 1161 jam
458 1124 669 1164 praecipitans
687 1134 739 1154 me
754 1135 885 1164 quoque

156 1166 228 1196 haec
254 1167 461 1206 praecipitem
485 1178 579 1208 paene
603 1170 741 1198 evolvere
764 1169 883 1207 coegit.

155 1219 186 1240 v.
203 1210 319 1240 Heius.
341 1214 375 1240 et
389 1211 495 1241 Drak.
519 1212 559 1241 ad
576 1211 632 1241 Sil.
649 1212 703 1242 vii.
721 1215 795 1243 435.
819 1213 883 1242 Off.

154 1253 202 1283 iii.
223 1257 272 1288 19.
303 1255 330 1284 si
350 1255 422 1293 quis
448 1254 589 1285 voluerit
604 1256 708 1285 animi
724 1257 775 1286 sui
793 1266 884 1285 com-

155 1297 313 1337 plicatam
338 1299 508 1328 notionem
531 1301 689 1330 evolcere:
713 1300 746 1329 h.
770 1310 798 1329 e.
815 1301 884 1329 effi-

155 1351 243 1378 cere,
260 1345 299 1371 ut
322 1352 361 1371 ea
383 1342 543 1372 distincta
564 1348 599 1373 et
621 1344 797 1383 perspicua
814 1344 883 1373 fiat.

153 1384 197 1415 cf.
220 1385 290 1415 Att.
308 1386 350 1415 ix.
368 1388 415 1415 10.
440 1386 555 1426 Topic.
572 1388 603 1417 2.
626 1386 791 1424 definitio,
809 1397 882 1426 quae

155 1429 247 1467 quasi
264 1428 454 1459 involutum
470 1432 584 1460 evolvit
599 1430 645 1467 id,
659 1431 698 1460 de
711 1441 776 1470 quo
793 1441 883 1470 quae-

152 1472 250 1502 ritur.
275 1473 461 1512 *reperire
487 1474 568 1504 Coel.
584 1476 637 1504 ⁶23.
661 1475 756 1514 cujus
770 1475 882 1504 crimi-

152 1516 204 1545 nis
219 1526 280 1555 ego
297 1526 404 1555 neque
419 1518 623 1557 principium
647 1518 809 1556 invenire,
825 1528 882 1548 ne-

152 1569 216 1598 que
233 1562 372 1590 evolvere
385 1561 512 1590 exitum
529 1571 674 1601 possum.

194 1603 367 1635 Ez-olutus.
397 1605 454 1634 Or.
483 1605 516 1634 ii.
545 1606 597 1636 86.
626 1607 768 1636 evolutus
794 1607 881 1636 inte-

150 1648 321 1686 gumentis
336 1647 621 1678 dissimulationis.

196 1690 355 1731 Euripus.
375 1691 456 1731 Leg.
469 1692 502 1721 ii.
520 1695 546 1722 l.
570 1694 690 1722 duetus
703 1702 879 1730 aquarum,

151 1743 233 1772 quos
254 1735 309 1765 isti
325 1736 449 1774 euripos
463 1741 594 1766 vocant.
613 1736 652 1766 de
669 1737 792 1774 euripis
807 1735 880 1774 lege

151 1777 291 1808 Salmas.
314 1778 356 1808 ad
372 1778 474 1809 Solin.
492 1778 515 1808 f.
541 1780 614 1809 638.
638 1789 686 1818 sq.
702 1780 759 1809 ubi
776 1780 879 1809 etiam

150 1820 191 1850 de
207 1823 328 1858 euripis
343 1822 520 1852 maritimis
534 1827 567 1853 et
583 1822 795 1853 Circensibus
812 1823 881 1862 agi-

148 1869 218 1895 tur.

194 1908 266 1946 Ex,
298 1913 384 1948 post.
416 1910 506 1940 Mur.
541 1913 568 1940 l.
600 1914 630 1944 7.
666 1920 707 1940 ex
734 1914 883 1950 praetura

149 1952 404 1992 triumphasset.
427 1953 446 1971 ’ἕ
460 1954 545 1983 Caec.
565 1957 619 1984 30.
641 1965 681 1983 ω’
696 1953 783 1991 loco,
800 1964 881 1992 quo-

151 1995 251 2026 modo
267 1996 398 2027 differat
415 2007 435 2027 a
450 1996 533 2028 loco.
554 1997 573 2016 *Ψ
585 1997 628 2027 ad
644 1998 719 2028 Div.
737 2008 768 2028 x.
784 2000 817 2028 4.
842 1997 881 2027 li-

149 2044 244 2076 terae,
263 2050 344 2079 quas
367 2051 408 2071 αι’
430 2051 582 2071 sermone
607 2041 721 2071 Furnii
744 2045 777 2070 te
801 2041 881 2071 scri-

149 2083 253 2123 psisse
270 2084 498 2114 animadverto
509 2097 523 2114 :-
542 2085 603 2114 anf
620 2084 878 2124 Veranlassung.

150 2126 170 2144 ²¹*
179 2126 258 2157 ibid.
271 2128 326 2157 vii.
340 2129 392 2158 28.
415 2137 456 2158 ea·
468 2129 550 2158 meis
562 2128 668 2159 literis
679 2131 712 2158 te
726 2129 879 2158 animum

152 2179 266 2200 meum
283 2171 479 2202 desiderare.

195 2213 348 2246 Exactio.
373 2215 415 2244 ad
427 2215 503 2245 Div.
519 2214 566 2245 iii.
580 2218 610 2246 8.
634 2215 668 2244 in
681 2217 878 2246 exactionem

151 2258 303 2297 capitum
339 2263 440 2298 atque
479 2258 641 2289 ostiorum
671 2259 880 2289 inducuntur

151 2305 282 2331 sumtus
299 2302 438 2332 minime
456 2302 643 2332 necessarii.

194 2344 383 2383 Emeum-e,
415 2345 598 2386 impellere.
635 2346 705 2377 Att.
736 2347 792 2377 xii.
824 2347 877 2378 36.

152 2388 318 2419 cohortari
334 2394 368 2419 et
384 2399 551 2420 eaucuere.

196 2432 429 2472 Ezoefifiemv,
453 2433 493 2462 de
521 2433 707 2463 oratoribus
737 2437 800 2470 est,
831 2433 878 2464 la-

151 2476 219 2505 tius
243 2475 411 2508 disserere.
435 2477 492 2507 Or.
509 2477 531 2507 i.
548 2480 600 2508 35.
623 2477 826 2517 eoeoedficare
843 2487 879 2507 0-

150 2528 224 2559 pus.

195 2561 431 2602 Exaggerare,
448 2573 580 2603 augere.
605 2564 668 2594 Off.
691 2565 711 2594 i.
729 2564 783 2595 26.
805 2574 878 2594 rem

150 2605 351 2636 familiarem
377 2617 443 2637 non
469 2609 559 2637 omni
585 2608 712 2638 ratione
737 2617 879 2646 magge-

149 2653 272 2680 rantes.
299 2650 422 2681 Caecin.
438 2654 469 2684 7.
495 2661 572 2681 cum
595 2651 762 2681 sextulam
778 2661 874 2681 suam

148 2692 248 2722 nimis
272 2699 509 2733 exaggerarem
538 2695 570 2725 h.
588 2705 615 2725 e.
641 2696 785 2725 nimium
815 2705 875 2735 pro

147 2737 282 2767 sextula
304 2748 365 2768 sua
384 2737 584 2778 postularet,
601 2739 700 2768 nimis
717 2748 875 2778 magnam

147 2779 284 2811 diceret.

191 2823 433 2863 Eoeaggeratz'o.
461 2825 562 2855 Tusc.
590 2826 623 2856 ii.
648 2826 702 2857 26.
733 2835 875 2864 exagge-

147 2868 232 2898 ratio
248 2868 400 2906 quaedam
417 2868 580 2899 altissima
594 2870 711 2900 animi.

186 2909 440 2953 Exaggeratus,
465 2912 566 2953 altus,
596 2913 739 2954 amplus.
775 2912 871 2945 Orat.

668 116 814 148 INDEX
846 120 1140 151 LATINITATIS.

927 214 976 246 17.
995 215 1046 247 57.
1071 219 1273 252 exaggerata
1287 215 1404 244 oratio.

967 255 1166 294 Erae-itare,
1184 267 1403 294 commovere,
1420 266 1552 296 augere.
1577 257 1648 288 Att.

923 299 969 329 iii.
986 304 1017 333 7.
1043 310 1083 329 ne
1099 304 1131 330 et
1150 311 1260 330 mcum
1280 311 1454 330 lnoerorem
1471 303 1647 340 exagitem,

924 346 959 372 et
975 347 1006 372 te
1023 344 1056 373 in
1073 344 1216 374 eundem
1234 344 1363 374 luctum
1381 354 1506 374 vocem.

966 385 1183 425 Emgvvatus,
1200 389 1357 427 agitatus
1386 387 1467 418 Sull.
1489 389 1542 417 ⁶21.
1570 396 1648 416 cum

918 429 991 465 jam
1015 429 1139 465 multos
1163 441 1266 460 :mnus
1291 435 1378 461 essct
1400 432 1571 467 efflagitata
1586 428 1651 460 ‹lis-

924 474 1043 502 sensio.
1069 474 1307 504 *exercitat-15.
1331 475 1387 504 Or.
1407 478 1436 505 .‘3.
1462 475 1652 512 awgitatus

923 522 973 544 cst
998 520 1108 547 orator
1132 517 1276 547 Platonis
1300 523 1331 547 et
1350 519 1490 548 aliorum
1509 516 1653 557 philoso-

925 558 1066 598 phorum
1085 559 1377 600 disputationibus,
1392 571 1425 591 et
1442 561 1586 599 adjutus.

969 602 1186 634 Eramhunv.
1211 607 1268 635 Or,
1286 606 1318 637 ii,
1334 609 1387 636 33,
1411 604 1563 646 populari
1578 607 1651 634 tru-

923 645 997 675 tina
1013 648 1211 677 eJ-amimzre.

968 689 1173 728 Exanclare,
1211 690 1299 720 idem
1340 691 1428 730 quod
1468 690 1650 721 exantlare.

922 733 951 762 T
954 743 1023 763 use.
1047 733 1068 762 i.
1092 736 1145 767 49.
1178 744 1255 763 cnm
1282 736 1511 765 mandavisset
1533 743 1650 764 omnes

921 775 1060 806 labores.
1090 776 1132 807 cf.
1152 778 1184 807 ii.
1201 781 1231 808 8.
1262 777 1338 807 Div.
1355 778 1390 808 ii.
1407 781 1459 808 30.
1490 777 1590 807 Acad.
1607 779 1650 807 iv.

923 823 975 850 34.
999 821 1153 851 Davisius
1178 831 1236 861 pro
1258 823 1431 852 &tandm-(3
1453 831 1584 861 semper
1601 831 1652 850 re-

923 864 1116 903 ponendum
1147 869 1261 895 censet
1291 865 1475 901 exantlare,
1502 864 1558 894 ubi
1589 874 1650 904 pro

922 907 1096 938 exhaurire
1127 913 1186 939 aut
1216 908 1358 938 tolerare
1384 909 1527 938 dicatur.
1553 917 1583 937 v.
1608 907 1651 938 ad

923 950 952 979 T
955 960 1024 981 usc.
1048 952 1070 981 i.
1085 954 1137 986 49.
1171 952 1298 982 Eadem
1322 956 1373 982 est
1397 951 1552 982 Lambini
1575 960 1650 981 sen-

923 995 1035 1025 t‘entia
1057 994 1098 1025 ad
1120 995 1221 1026 Acad.
1238 996 1280 1025 iv.
1292 999 1345 1026 38.
1370 996 1426 1034 qui
1442 1000 1558 1025 tamen
1575 1004 1651 1034 pro-

923 1037 981 1067 bat
1007 1040 1182 1069 emandare
1207 1049 1266 1079 pro
1295 1039 1506 1077 ministrare3
1537 1038 1594 1068 ubi
1619 1041 1655 1068 et

922 1081 1077 1111 Davisius
1095 1082 1228 1122 reliquit
1245 1083 1279 1112 in
1296 1087 1473 1113 contextu:
1498 1083 1653 1112 exancla-

923 1128 1006 1162 tum,
1033 1135 1109 1155 cum
1140 1127 1174 1155 in
1201 1127 1320 1156 ceteris
1351 1126 1432 1156 locis
1459 1125 1652 1156 mutaverit.

923 1168 1066 1208 Quintil.
1092 1169 1202 1199 instit.
1220 1170 1241 1199 i.
1258 1170 1289 1200 6.
1312 1169 1374 1199 hoc
1395 1170 1531 1200 verbum
1555 1169 1654 1209 ponit

923 1212 957 1241 in
986 1213 1085 1243 nimis
1112 1213 1271 1251 antiquis,
1297 1223 1403 1252 neque
1429 1212 1528 1243 facile
1554 1222 1652 1243 usur-

923 1256 1051 1295 pandis.
1076 1256 1136 1286 Est
1151 1262 1265 1287 autem
1283 1267 1301 1286 a
1313 1262 1424 1287 vetere
1440 1258 1549 1293 ancla,
1562 1255 1651 1296 quod

922 1299 987 1329 fuit
1003 1309 1071 1336 vas,
1085 1311 1151 1339 quo
1163 1310 1248 1339 aqua
1260 1300 1496 1338 hauriebatur3
1517 1304 1557 1330 ut
1569 1300 1651 1330 adeo

922 1343 1008 1373 idem
1033 1345 1076 1373 sit
1093 1344 1264 1374 exantlare
1281 1348 1315 1373 et
1330 1345 1514 1374 emme-lare.
1532 1354 1562 1374 v.
1580 1343 1652 1374 Sal-

922 1397 1004 1416 mas.
1036 1387 1077 1417 ad
1102 1387 1234 1427 Vopisc.
1265 1388 1386 1418 Bonos.
1417 1398 1445 1415 c.
1469 1386 1532 1418 ult.
1561 1390 1586 1417 t.
1612 1387 1647 1417 ii.

921 1440 997 1470 pag.
1014 1434 1089 1464 774.
1112 1430 1227 1461 Burni.
1244 1431 1286 1460 ad
1300 1431 1445 1471 Quintil.
1461 1431 1483 1460 l.
1501 1441 1530 1461 e.

964 1474 1155 1513 Erauguis.
1179 1475 1272 1505 Orat.
1289 1475 1310 1504 i.
1328 1478 1375 1506 13.
1399 1474 1439 1505 (le
1456 1475 1575 1514 quibus
1593 1473 1650 1504 ille

921 1519 1015 1547 tenui
1039 1518 1183 1557 quodam
1207 1523 1242 1548 ct
1257 1528 1361 1557 esang
1369 1520 1403 1548 ui
1418 1528 1570 1548 sermone
1587 1518 1653 1548 dis-

920 1565 1032 1601 putat,
1057 1562 1110 1591 hic
1137 1572 1214 1591 cum
1239 1563 1331 1592 omni
1355 1563 1518 1601 gravitate
1541 1566 1575 1592 et
1592 1562 1653 1601 ju-

921 1605 1095 1635 cunditate
1111 1606 1266 1645 explicet.

964 1649 1137 1687 Ermwe,
1154 1650 1284 1689 proprie
1302 1653 1366 1686 est,
1383 1649 1506 1679 arando
1521 1658 1651 1679 eruere.

920 1692 996 1722 Div.
1022 1692 1055 1722 ii.
1076 1695 1128 1723 23.
1157 1697 1335 1723 exaratum
1358 1702 1442 1729 esse,
1465 1693 1577 1722 Deum
1601 1691 1652 1722 di-

921 1746 995 1765 cam
1019 1745 1061 1765 an
1079 1736 1273 1766 hominem?
1306 1735 1388 1775 Leg.
1406 1736 1439 1765 ii.
1457 1738 1509 1767 23.
1541 1735 1652 1775 sepul-

921 1779 1002 1809 chra
1016 1784 1157 1810 erarata
1173 1784 1264 1810 sunt.
1280 1780 1369 1809 unde
1383 1779 1502 1809 deinde
1515 1780 1653 1810 amram·

920 1822 1054 1860 dicitur,
1072 1823 1161 1862 quod
1184 1833 1263 1862 agro
1287 1823 1426 1853 colendo
1449 1823 1596 1861 quaestos
1613 1823 1650 1853 in

920 1866 1071 1906 frugibus
1088 1867 1248 1906 capimus.
1271 1867 1366 1897 verr.
1383 1877 1412 1897 v.
1429 1869 1482 1897 38.
1511 1870 1649 1896 tantum

922 1910 1031 1940 labore
1069 1920 1128 1940 suo
1156 1911 1319 1940 frumenti
1348 1911 1544 1941 exarabant.
1573 1909 1649 1940 *de

921 1954 1144 1984 scribentibus
1175 1964 1252 1984 cum
1281 1954 1418 1991 dicitur,
1441 1957 1652 1994 extempora-

920 1998 987 2027 lem
1010 1997 1229 2037 scriptionem
1252 2002 1287 2027 et
1309 1998 1454 2028 subitam
1470 1997 1650 2037 significat.

920 2042 991 2071 Att.
1017 2041 1080 2071 xiv.
1108 2044 1159 2072 522.
1194 2042 1310 2071 statim
1336 2041 1399 2071 hoc
1426 2041 1539 2071 nescio
1569 2040 1651 2080 quid

919 2086 1069 2115 arm-avi.
1100 2085 1179 2115 ibid.
1209 2085 1275 2114 xvi.
1308 2085 1340 2115 6.
1376 2085 1493 2115 statim
1523 2094 1649 2114 novum

919 2129 1117 2168 prooemium
1140 2129 1278 2159 ezaravi
1293 2129 1352 2158 &e.
1377 2127 1420 2157 cf.
1435 2127 1478 2158 ad
1500 2128 1576 2159 Div.
1592 2127 1650 2158 xii.

919 2174 972 2203 20.
996 2172 1040 2201 ix.
1059 2172 1111 2203 26.
1136 2173 1197 2202 ἃς.

963 2215 1166 2253 Ε.ι·(ινάέ.ςοο,
1204 2216 1372 2251 absumor,
1408 2224 1518 2254 pereo.
1564 2214 1647 2246 Har.

918 2259 1017 2299 Resp.
1034 2261 1086 2290 ⁴21.
1110 2260 1225 2299 excepi
1243 2259 1413 2288 flammam
1429 2259 1488 2298 (sc.
1506 2268 1580 2297 q-uae
1598 2258 1650 2288 in-

911 2303 1093 2341 ,jiciebatur
1117 2301 1248 2343 patriae)
1278 2306 1312 2332 et
1337 2301 1426 2332 solus
1452 2302 1562 2332 exarsi
1586 2311 1647 2341 pro

917 2347 1037 2386 patria.
1068 2345 1200 2377 *Tusa
1226 2355 1257 2375 v.
1283 2348 1336 2380 99.
1368 2345 1542 2385 ingenium
1573 2345 1646 2384 ejus

916 2391 1041 2420 essm-sit
1053 2395 1171 2420 contra
1182 2390 1328 2420 Stoicam
1341 2389 1564 2428 disciplinam.
1580 2388 1648 2418 Ra-

915 2433 976 2463 bir.
991 2433 1080 2464 Post.
1096 2434 1127 2464 6.
1151 2433 1193 2463 ad
1209 2433 1398 2473 periculum
1412 2431 1648 2462 innocentium

917 2481 1050 2517 tempus
1068 2482 1248 2508 exarserat.
1274 2476 1355 2506 Lael.
1372 2478 1425 2507 21.
1454 2474 1650 2505 intolerabi-

917 2520 957 2550 lis
981 2522 1104 2560 injuria
1126 2522 1260 2557 exarsit,
1277 2530 1324 2550 sc.
1348 2520 1384 2549 in
1401 2528 1471 2549 nos
1503 2518 1588 2548 Phil.
1604 2519 1648 2549 iv.

918 2564 949 2594 6.
984 2564 1084 2603 longo
1114 2568 1265 2604 tempore
1293 2564 1336 2593 ad
1360 2572 1453 2603 spem
1480 2561 1647 2593 libertatis

916 2609 1111 2638 erarsimus.

963 2651 1142 2682 Exaresco.
1171 2650 1273 2681 Tusc.
1298 2650 1346 2680 iii.
1368 2652 1422 2681 31.
1453 2647 1567 2688 opinio
1592 2657 1647 2678 ve-

917 2698 1046 2725 tustate
1061 2697 1208 2726 erm-uit:
1232 2695 1254 2724 i.
1270 2703 1299 2723 e.
1315 2692 1463 2723 evanuit.

962 2738 1119 2770 Eat-audio
1139 2748 1199 2779 pro
1221 2737 1332 2775 audio,
1349 2737 1389 2767 de
1412 2736 1513 2766 fama.
1546 2734 1647 2766 Catil.

919 2781 961 2812 iv.
979 2785 1010 2816 7.

961 2825 1181 2861 Excellentim
1206 2824 1264 2854 der
1285 2823 1431 2862 Vorzug.
1465 2821 1530 2853 Off.
1553 2821 1576 2852 i.
1592 2822 1647 2852 28.

916 2878 1041 2908 magna
1056 2879 1134 2899 cum
1150 2869 1338 2899 excellentia
1354 2866 1577 2897 animantium
1593 2874 1647 2894 re-

915 2913 1095 2953 liquarum.
1116 2912 1250 2945 *virtus
1272 2910 1430 2952 quaelibet
1449 2908 1504 2941 vel
1517 2907 1646 2949 ingenii
