1790 3219
446 229 795 309 INDEX
844 219 1427 308 SIGNORUMss

224 485 288 542 IN
302 507 462 540 indicibus
481 505 664 547 digerendis
678 505 894 538 commoditas
909 506 1101 547 postulavit,
1115 509 1155 536 ut
1168 515 1227 546 per
1248 505 1361 547 omnia
1374 503 1541 537 Ciceronis
1556 512 1656 544 opera

222 550 416 593 quibusdam
435 553 605 580 uteremur
618 549 720 586 notis,
729 549 808 588 ’φα
821 546 935 589 ordine
949 548 1002 579 hae
1016 551 1094 579 sunt
1110 559 1117 577 :
1140 547 1195 578 ubi
1210 547 1275 578 duo
1289 551 1368 578 sunt
1391 547 1532 583 numeri,
1549 545 1655 586 primo

220 595 390 636 signantes
403 592 536 628 librum,
550 591 691 622 secundo
705 595 806 632 eaput
819 591 1026 623 Gruterianae
1041 590 1262 622 distinctionis
1277 601 1287 629 ς
1311 589 1344 620 id
1357 589 1443 630 quod
1457 593 1491 621 et
1516 589 1551 619 in
1574 595 1654 630 μιγε-

221 637 358 670 eedente
373 634 477 666 indice
491 632 711 666 observatum.
1560 639 1563 641 “

223 713 305 744 Her.
322 711 348 742 1.
367 713 396 740 1.
523 708 566 739 ad
577 706 783 740 Herennium
799 708 882 739 liber
897 708 1035 750 primuS,
1049 710 1147 748 caput
1161 709 1317 746 primum.

223 755 305 787 Her.
318 753 361 783 11.
384 754 410 782 1.
524 749 566 781 ad
580 748 785 782 Herennium
798 750 880 782 liber
895 749 1067 787 secundus,
1083 752 1184 789 caput
1198 748 1355 788 primum.

223 797 304 828 Her.
321 794 381 826 111.
401 796 428 824 Ι.
525 792 567 824 ad
580 791 786 824 Herennium
801 793 885 824 liber
897 793 1030 829 tertius,
1045 796 1146 832 caput
1159 791 1317 832 primum.

220 839 303 870 Her.
320 837 366 868 lv
393 838 419 867 Ι.
522 834 564 865 ad
580 832 786 866 Herennium
800 835 883 866 liber
894 838 1043 874 quartur»,
1056 836 1156 874 caput
1169 833 1324 874 primum.

219 881 291 912 Inv.
306 879 334 910 1.
354 881 383 910 l.
521 876 561 908 de
576 876 771 909 Inventione
782 877 864 909 liber
878 877 1016 918 primus,
1032 879 1132 917 caput
1145 875 1302 916 primum.

221 922 293 954 Inv.
309 921 355 953 11.
371 924 399 952 l.
517 918 557 950 de
573 919 769 951 Inventione
780 919 862 952 liber
875 919 1048 956 secundus,
1060 922 1161 959 caput
1173 917 1328 958 primum.

220 966 279 997 Or.
294 964 322 995 Ι.
339 966 364 995 l.
520 961 560 992 de
571 961 712 993 Oratore
725 962 808 994 liber
821 962 959 1003 primus,
974 966 1074 1002 eaput
1088 960 1244 1001 primum.

219 1007 278 1039 Or.
295 1006 340 1037 11.
358 1009 386 1037 l.
520 1002 560 1035 de
573 1003 713 1036 Oratore
725 1004 809 1036 liber
822 1004 994 1041 secundus,
1008 1009 1109 1044 caput
1122 1002 1277 1042 primum.

218 1051 278 1082 Or.
292 1048 356 1082 111.
375 1051 402 1081 l.
517 1046 558 1086 de
571 1046 711 1078 Oratore
725 1046 808 1078 liber
820 1047 952 1084 tertius,
968 1050 1069 1086 caput
1081 1046 1235 1085 primum.

220 1091 317 1123 Brut.
519 1088 643 1120 Brutus
668 1098 724 1120 seu
740 1089 779 1121 de
793 1089 888 1121 claris
903 1088 1111 1120 Oratoribus.

220 1134 279 1165 Or.
295 1142 370 1164 cum
383 1140 450 1164 uno
464 1137 615 1163 numero.
658 1131 782 1163 Orator
795 1132 837 1164 ad
848 1131 898 1164 M.
911 1131 1067 1163 Brutum.

217 1177 306 1218 Top.
658 1174 795 1215 Topica.

218 1218 337 1250 Partit.
664 1215 863 1248 Par-titiones
874 1215 1048 1247 Oratoriae.

218 1261 298 1302 Opt.
314 1269 390 1301 gen.
404 1268 453 1292 or.
665 1257 901 1298 Fragmentum
916 1258 955 1289 de
969 1257 1097 1299 optimo
1111 1264 1229 1297 genere
1243 1254 1440 1286 oratorum.»

217 1303 336 1344 Quint.
665 1300 782 1332 Oratio
797 1311 858 1342 pro
871 1300 1022 1342 Quintio,

218 1345 315 1377 Rosc.
331 1344 443 1376 Amet.
664 1341 781 1374 Oratio
795 1353 855 1384 pro
868 1343 988 1374 Roscio
1003 1341 1172 1373 Amerino.

219 1387 294 1420 Div.
309 1397 384 1418 cum
396 1395 464 1418 uno
478 1394 629 1418 numero.
666 1384 838 1417 Divinatio
851 1386 886 1417 in
899 1386 941 1426 Ω.
956 1384 1140 1422 Caeciliurn,
1155 1393 1182 1415 ⁵.
1196 1383 1230 1414 in
1245 1381 1358 1415 Caecil.

217 1433 292 1462 Act.
306 1429 333 1460 1.
346 1429 441 1461 Verr.
569 1427 666 1459 Actio
679 1427 787 1467 prima
800 1428 835 1459 in
848 1428 996 1460 Verrem.

216 1473 310 1505 Verr.
329 1472 357 1504 1.
570 1469 718 1501 Aetionis
732 1470 884 1501 seeundae
897 1471 932 1501 in
946 1469 1082 1501 Verrem
1097 1468 1180 1501 liber
1194 1466 1332 1508 primus.

217 1515 311 1547 Verr.
327 1513 373 1546 11.
568 1511 718 1543 Actionis
731 1512 882 1544 secundae
895 1513 930 1544 in
946 1512 1082 1544 Verrem
1096 1511 1179 1543 liber
1190 1508 1362 1541 secundus.

217 1558 310 1590 Verr.
325 1556 389 1588 111.
569 1553 718 1586 Aetionis
731 1555 882 1586 secundae
895 1555 931 1586 in
943 1554 1079 1587 Verrem
1094 1554 1176 1585 liber
1190 1551 1319 1584 tertius.

218 1599 313 1632 Verr.
329 1598 387 1631 IV.
570 1596 718 1628 Actionis
729 1597 881 1628 secundae
891 1598 927 1629 in
941 1597 1077 1629 Verrem
1093 1596 1175 1627 liber
1186 1598 1336 1636 quartus.

220 1642 314 1675 Verr.
330 1641 371 1673 V.
573 1639 720 1671 Actionis
732 1639 883 1671 secundae
895 1641 931 1671 in
945 1640 1082 1672 Verrem
1093 1638 1177 1670 liber
1190 1636 1334 1680 quintus.

219 1683 315 1716 Font.
571 1682 689 1714 Oratio
704 1691 763 1723 pro
778 1683 829 1714 M.
844 1681 993 1715 Fonteio.

221 1727 343 1758 Caecin.
574 1724 690 1756 Oratio
705 1735 764 1766 pro
779 1725 921 1756 Caecina.

220 1769 338 1801 Manil.
571 1767 688 1798 Oratio
702 1777 762 1808 pro
778 1767 848 1807 lege
863 1767 1014 1799 Manilia.

219 1811 354 1843 Cluent.
577 1809 693 1841 Oratio
709 1819 768 1850 pro
784 1810 951 1841 Cluentio.

220 1855 296 1886 Cor.
311 1854 405 1894 Frag.
421 1854 448 1886 1.
576 1851 745 1884 Orationis
758 1860 818 1894 pro
833 1851 870 1884 C.
887 1851 1041 1884 Cornelio
1055 1851 1279 1891 fragmentum
1293 1849 1448 1892 primum.

219 1895 303 1937 Tog.
317 1896 412 1928 caud.
578 1894 747 1926 Orationis
761 1895 795 1927 in
809 1898 889 1935 toga
901 1892 1040 1926 candida
1054 1894 1290 1934 fragmentum.

220 1938 298 1979 Agr.
312 1938 340 1970 1.
616 1938 752 1977 Agraria
765 1937 872 1979 prima
885 1938 920 1968 in
934 1936 1084 1968 Rullum.

221 1982 302 2021 Agr.
320 1981 365 2012 11.
610 1980 750 2020 Agraria
761 1979 904 2011 secunda
914 1980 950 2010 in
963 1978 1113 2011 Rullum.

221 2023 300 2064 Agr.
316 2023 380 2056 111.
610 2022 748 2062 Agraria
758 2022 859 2054 tertia
870 2021 907 2053 in
920 2021 1068 2054 Rullum.

224 2066 261 2098 C.
276 2066 359 2098 Rab.
371 2075 397 2097 ε.
412 2065 495 2098 Rab.
511 2063 604 2095 Perd.
676 2064 792 2096 Oratio
805 2074 865 2106 pro
881 2064 917 2095 C.
931 2063 1066 2096 Rabirio
1079 2062 1312 2105 perduellioni·
1327 2072 1395 2095 reo.

223 2107 298 2140 Cat.
317 2108 344 2139 1.
674 2106 792 2138 Oratio
809 2107 916 2148 prima
929 2106 963 2137 in
979 2106 1171 2138 Catilinam.

223 2151 298 2182 Cat.
314 2150 359 2183 11.
676 2150 793 2181 Oratio
806 2148 949 2180 secunda
962 2149 996 2179 in
1010 2149 1190 2180 Catilinam

225 2191 298 2224 Cat.
314 2192 379 2224 111.
673 2192 791 2223 Oratio
801 2192 902 2223 tertia
914 2190 950 2222 in
962 2191 1153 2223 Catilinam.

225 2234 299 2266 Cat.
315 2234 370 2267 lv.
675 2234 791 2265 Oratio
806 2237 925 2273 quarta
938 2234 974 2264 in
989 2233 1181 2267 Catilinam.

226 2275 356 2308 Muren.
671 2277 788 2308 Oratio
800 2285 860 2316 pro
872 2276 909 2307 L.
924 2277 1077 2308 Murena.

225 2317 333 2351 Flaee.
670 2319 786 2351 Oratio
799 2328 858 2359 pro
872 2318 911 2349 L.
925 2319 1055 2350 Flacco.

227 2360 309 2392 Suu.
668 2361 784 2393 Oratio
797 2370 857 2401 pro
872 2361 909 2392 P.
924 2361 1026 2393 Sulla.

229 2404 329 2435 Arch.
667 2404 784 2435 Oratio
794 2412 855 2443 pro
869 2403 905 2434 P.
921 2403 1050 2437 Licinio
1063 2404 1198 2436 Archia.

228 2445 269 2476 ad
283 2447 375 2487 Quir.
390 2458 423 2488 p.
437 2447 518 2479 Red.
668 2446 784 2477 Oratio
799 2449 875 2486 post
887 2446 1028 2477 reditum
1043 2447 1084 2478 ad
1097 2446 1253 2487 Quirite&

228 2487 263 2518 in
278 2490 354 2521 Sen.
369 2500 400 2531 p.
417 2489 497 2522 Red.
667 2489 784 2520 Oratio
799 2491 873 2528 post
890 2488 1031 2519 reditum
1046 2489 1081 2520 in
1095 2490 1232 2520 Senatu.
1309 2487 1313 2490 ’

227 2529 328 2562 Dom.
668 2530 784 2562 Oratio
799 2540 857 2570 pro
872 2530 994 2562 Domo.

229 2571 312 2604 Har.
330 2584 412 2615 resp.
667 2573 783 2604 Oratio
797 2572 836 2603 de
851 2572 1072 2613 Haruspicum
1087 2574 1259 2615 responsis.

227 2612 340 2647 Plane.
667 2615 784 2646 Oratio
797 2625 856 2655 pro
872 2614 1019 2647 Plancio.

226 2655 315 2688 Sext.
667 2658 783 2689 Oratio
797 2667 856 2697 pro
869 2658 992 2689 Sextio.

226 2698 305 2730 Vat.
670 2700 786 2731 Oratio
801 2700 835 2730 in
847 2700 960 2732 Vatin.

226 2738 307 2771 coel.
671 2742 787 2773 Oratio
801 2752 861 2782 pro
873 2742 988 2775 Coelio.

226 2781 323 2815 Prov.
340 2786 439 2818 Cons.
671 2784 788 2815 Oratio
803 2784 841 2816 de
855 2785 1029 2826 provinciis
1043 2784 1279 2816 consularibus.

226 2824 320 2857 Bau).
668 2827 786 2860 Oratio
799 2836 860 2869 pro
874 2827 914 2860 L.
930 2827 1085 2860 Cornelio
1099 2827 1214 2860 Balbo.
