1800 3131
113 128 197 166 ³26

169 224 332 256 Inductio.
361 223 431 255 Inv.
454 224 477 255 i.
495 227 547 257 31.
577 225 662 267 Top.
688 230 738 260 10.
771 226 852 267 quid

126 269 193 301 eit?
219 268 293 299 *N.
311 266 355 299 D.
374 269 408 299 ii.
425 269 478 299 60.
501 270 643 301 inductio
657 281 830 311 aquarum.

174 312 344 350 Inductus,
357 312 535 344 adhibitus.
552 313 632 344 Coel.
651 318 699 346 11.
720 315 857 345 inducia

128 357 237 387 oratio
274 355 317 386 ad
352 356 610 389 criminandum.
647 358 667 377 ²*
687 359 858 395 inventus,

130 404 285 440 receptus
300 400 335 429 in
351 399 603 440 philosophiam.
628 402 729 433 Acad.
747 402 788 432 iv.
806 405 860 432 33.

129 444 263 475 inducto
278 446 314 473 et
324 444 508 474 constituto
524 445 696 485 probabili.
718 445 820 476 Tusc.
838 445 861 474 i.

131 488 186 519 26.
213 486 332 526 quinta
343 491 464 518 natura
474 488 514 518 ab
527 489 702 519 Aristotele
716 489 863 518 inducta.

131 531 154 550 ὖ
169 531 336 570 inceptuS,
359 535 462 561 ortus.
493 531 594 563 Tusc.
626 533 661 563 ii.
689 535 721 563 3.
753 540 863 562 sermo

131 575 288 605 inductus
308 584 328 604 a
341 574 400 604 tali
415 575 560 606 exordio.

177 618 347 649 Inductus.
370 618 475 648 subst.
511 619 660 648 Herenn.
677 618 725 648 iii.
744 620 796 652 57.
813 619 864 648 in-

134 662 235 693 ductu
252 661 360 691 alieno
376 661 484 691 facere
499 661 589 700 quid.

181 705 371 743 Indulgens.
402 704 536 735 Cluent.
561 708 591 736 5.
621 704 794 744 indulgens
814 709 866 735 est

135 758 262 780 nomen
279 752 481 777 maternum.

178 792 404 830 Indulgentia,
413 790 556 821 facilitas
567 791 769 822 concedendi
774 814 783 829 ,
791 801 865 831 quae

137 836 210 876 quis
234 835 329 874 petit,
347 834 525 872 desiderat,
542 836 649 875 cupit,
667 836 786 875 quibus
810 835 867 865 de-

136 880 292 910 lectatur.
325 877 407 916 Leg.
430 878 452 907 i.
471 880 524 909 23.
555 879 687 909 animus
711 879 751 909 ab
774 879 868 908 obse-

138 923 216 961 quio
242 922 506 961 indulgentiaque
533 923 678 962 corporis
705 922 868 952 discessit.

136 966 231 996 Verr.
256 966 278 995 i.
294 967 346 995 44.
377 964 523 995 filiarum
548 966 754 1004 indulgentia
778 976 868 995 eom-

138 1009 274 1039 moveri.
308 1008 348 1038 ad
371 1009 447 1038 Div.
471 1020 502 1038 x.
526 1011 579 1040 24.
614 1009 869 1039 necessitudo—

137 1052 271 1082 videtur
293 1051 477 1082 desiderare
501 1052 685 1092 gratiarum
701 1053 867 1082 actionem

135 1095 240 1125 —sed
255 1095 343 1125 malo
358 1105 503 1135 praesens
519 1096 742 1134 observantia,
759 1097 870 1126 indal-

136 1140 262 1178 gentia,
289 1139 485 1170 assiduitate
512 1149 695 1170 memorem
726 1150 779 1170 me
807 1140 868 1170 tibi

137 1183 287 1224 probare.

183 1227 298 1257 Indua.
333 1226 408 1256 Div.
434 1226 468 1256 ii.
498 1229 547 1260 19.
578 1227 669 1257 venti
692 1236 727 1257 se
750 1227 784 1257 in
809 1237 870 1257 nu-

138 1271 213 1302 bem
227 1271 416 1300 induerunt.
439 1270 468 1301 T
471 1279 540 1300 use.
557 1270 579 1300 i.
591 1273 644 1301 38.
669 1270 770 1301 habes
782 1280 870 1301 som-

138 1323 222 1344 num
248 1314 428 1353 imaginem
453 1314 584 1351 mortis,
600 1323 741 1353 eamque
760 1315 871 1353 quoti·

139 1357 193 1387 die
208 1358 327 1387 induis.
351 1357 537 1397 *impedire
554 1366 602 1395 se,
614 1357 755 1388 irretire.
776 1357 870 1388 Verr.

140 1401 175 1431 ii.
191 1404 244 1432 43.
274 1401 354 1430 dum
378 1410 412 1430 se
429 1401 582 1440 expedire
600 1400 685 1439 vult,
697 1402 808 1432 induit
822 1412 869 1431 se.

139 1444 217 1475 Div.
249 1444 283 1475 ii.
310 1447 360 1478 17.
393 1445 529 1474 induitis
550 1454 606 1474 vos
621 1444 655 1475 in
673 1454 728 1475 eas
745 1445 871 1485 captio-

139 1497 198 1518 nes
216 1488 276 1518 &c.
293 1487 335 1518 cf.
360 1486 453 1518 Verr.
471 1498 500 1518 v.
513 1489 566 1522 29.
589 1488 679 1519 Mur.
691 1490 744 1520 25.
768 1488 870 1519 Acad.

141 1532 184 1561 iv.
201 1532 232 1561 6.

184 1575 370 1611 Industria,
387 1575 553 1613 quomodo
575 1585 595 1605 a
614 1574 789 1614 diligentia
812 1574 874 1604 dis-

137 1618 236 1648 serat.
253 1628 282 1647 v.
296 1619 330 1647 in
347 1618 530 1658 diligentia.
547 1618 610 1648 *in
623 1619 738 1658 primis
752 1619 875 1649 dicitur

140 1661 230 1701 apud
254 1661 448 1691 Ciceronem
474 1662 514 1692 de
539 1662 649 1692 studio
668 1662 872 1702 agendarum

140 1706 174 1735 in
187 1705 258 1735 foro
270 1707 582 1744 controversiarum,
592 1709 625 1736 et
636 1706 760 1743 labore,
770 1706 825 1744 qui
839 1706 873 1735 in

141 1759 181 1778 eo
194 1749 350 1778 sumitur.
367 1750 456 1779 Sext.
469 1749 521 1780 65.
540 1750 628 1780 Mur.
643 1754 673 1784 7.
690 1753 739 1781 lo.
757 1749 877 1779 *Verr.

140 1793 188 1822 iii.
205 1795 238 1822 4.
273 1791 388 1822 odistis
405 1792 581 1823 hominum
599 1803 760 1824 novorum
775 1793 871 1823 indu-

139 1837 252 1867 strias.

187 1880 354 1910 Industria
381 1889 527 1919 compar.
559 1880 660 1911 Dom.
694 1883 745 1911 11.
778 1881 874 1910 indu-

144 1924 245 1952 strius
261 1932 299 1952 ac
315 1923 434 1962 saepius
451 1924 605 1953 scribere.

188 1967 410 1997 Inenodabilis.
440 1966 511 1997 Fat.
535 1972 566 2001 9.
597 1977 648 1998 res
671 1967 745 1998 duae
767 1968 875 1998 ineno-

145 2010 278 2040 (labiles.

186 2054 308 2092 Inepte,
332 2053 441 2083 alieno
464 2057 631 2093 tempore,
647 2057 771 2094 praeter
792 2063 874 2085 rem.

145 2097 186 2127 ad
208 2097 283 2127 Div.
299 2098 342 2127 vi.
360 2101 391 2132 7.
420 2107 462 2128 ne
479 2107 518 2127 ea
534 2107 584 2127 res
600 2098 682 2128 mihi
697 2099 802 2137 inepte
818 2107 876 2127 no-

145 2146 248 2170 ceret.

194 2184 338 2224 Ineptioe,
354 2193 404 2213 res
429 2184 584 2222 minutae,
602 2193 669 2214 non
692 2184 802 2224 dignae
818 2184 878 2214 ali-

146 2228 241 2266 cujus
264 2237 415 2267 persona.
447 2227 504 2258 Or.
526 2228 573 2258 iii.
593 2231 646 2261 49.
679 2232 718 2258 ut
740 2229 878 2268 ineptia-

145 2281 223 2301 rum
253 2271 380 2301 crimen
409 2271 578 2310 effugiam.
608 2271 627 2290 ²⁷⁶
641 2271 681 2301 de
713 2271 877 2302 desiderio

146 2315 261 2355 patriae
279 2315 383 2344 nimio
399 2321 451 2345 est
474 2315 515 2344 ad
539 2315 616 2345 Div.
634 2315 689 2345 vii.
707 2316 737 2346 6.
768 2315 787 2334 *Ε
799 2316 879 2345 affe-

144 2359 262 2395 ctatio,
280 2359 447 2397 argutatio
476 2358 573 2390 Brut.
596 2359 650 2390 63.
685 2359 772 2390 actio
789 2360 878 2400 inep-

147 2402 201 2432 tiis
217 2402 393 2432 claudicat.

189 2445 334 2485 Ineptus.
366 2446 424 2476 Or.
441 2445 475 2475 ii.
491 2448 522 2476 4.
552 2447 608 2485 qui
625 2447 668 2476 sit
682 2446 694 2476 ?

189 2488 319 2519 Inertia
335 2489 369 2518 in
386 2488 505 2529 plurali
523 2494 574 2519 est
590 2490 708 2520 Partit.
727 2493 776 2521 10.

188 2532 405 2571 Inezpiabilir.
419 2533 520 2563 Tusc.
531 2533 553 2562 i.
566 2535 618 2564 22.
631 2535 820 2573 inexpiabili
830 2543 880 2564 re-

145 2574 268 2614 ligione
282 2577 422 2614 sancire,
439 2576 461 2606 i.
475 2586 504 2607 e.
515 2586 589 2615 quae
601 2576 716 2606 violari
730 2587 794 2608 non
806 2588 880 2618 pos-

144 2618 188 2648 sit
200 2623 258 2648 aut
268 2619 398 2654 debeat.
408 2625 545 2659 propter
553 2623 751 2659 gravitatem
761 2631 879 2661 poenae.

195 2662 446 2700 Inemplicziiilis.
481 2663 589 2693 pison.
618 2667 671 2695 33.
711 2665 738 2694 si
770 2665 881 2695 Caesar

148 2714 183 2735 se
201 2706 283 2735 mihi
296 2706 539 2746 implacabilem
557 2709 881 2748 inexplicabilemque

146 2749 320 2788 praeberet.
355 2750 448 2780 MSS.
465 2754 499 2779 et
514 2750 587 2780 edd.
603 2756 685 2781 vett.
701 2753 879 2792 inexpiabi-

148 2794 221 2823 lem.
246 2803 274 2822 v.
300 2797 368 2823 not.
398 2793 529 2823 *Ac-ad.
555 2795 595 2825 iv.
620 2798 672 2828 29.
704 2797 880 2836 inexplica-

144 2836 234 2873 bilia,
262 2842 341 2866 sunt
372 2837 576 2876 sophismata
604 2844 771 2877 veterum,
803 2850 878 2878 quae

145 2879 314 2918 negabant
327 2880 459 2912 dissolvi
471 2890 580 2921 posse,
591 2886 630 2914 ut
642 2882 773 2923 sorites,
785 2892 879 2916 men-

142 2923 230 2954 tiens
248 2924 308 2956 &c-

638 136 784 165 INDEX
815 136 1111 167 LATINITA'I'IS.

940 229 1041 260 Inire.
1076 227 1155 268 Agr.
1182 228 1216 258 ii.
1243 228 1296 259 25.
1331 229 1455 259 inicitur
1476 227 1571 259 ratio.
1593 235 1628 257 v.

896 273 1003 304 Graev.
1019 272 1060 303 ad
1077 271 1111 302 h.
1129 271 1150 302 l.

946 316 1074 357 Inf'ans,
1084 325 1160 356 opp.
1177 314 1360 354 eloquenti.
1376 314 1473 345 Brut.
1483 315 1536 346 23.
1552 314 1624 345 Inv.

901 360 923 390 i.
940 363 970 391 3.
994 363 1144 397 *νᾶπυ-ς,
1163 359 1282 389 inanis.
1313 358 1385 388 Att.
1410 369 1442 388 x.
1462 360 1511 389 18.
1543 357 1630 390 H0r÷

902 403 1057 433 tensiana
1071 403 1186 433 omnia
1201 402 1293 433 fuere
1309 400 1466 441 infamia.

948 445 1113 486 Infantia,
1125 456 1201 487 opp.
1213 446 1425 486 eloquentiae.
1447 445 1505 476 Or.
1518 444 1565 476 iii.
1577 447 1630 476 51.

906 488 976 521 Att.
993 490 1035 519 iv.
1057 490 1106 520 16.

951 532 1084 573 Infelix.
1113 533 1196 563 Rab.
1220 532 1315 563 Perd.
1333 536 1365 563 4.
1395 531 1513 572 infelix
1527 531 1635 562 arbor.

905 576 972 606 vid.
997 576 1103 606 arbor.
1133 576 1152 594 ²*
1167 577 1383 616 perniciosus.
1414 575 1497 607 Phil.
1522 576 1556 606 ii.
1579 574 1633 606 26.

907 620 934 650 si
951 620 1023 658 quis
1040 620 1084 648 sit
1100 619 1180 659 reip.
1195 619 1323 659 infelix.

953 662 1102 702 ,Infercim
1140 664 1198 693 Or.
1228 663 1281 697 69.
1317 662 1490 704 inferciens
1521 662 1634 701 verba,

909 707 1002 746 quasi
1019 707 1118 736 rimas
1135 705 1279 746 expleat.

955 748 1109 789 Inferior.
1132 749 1202 779 Att.
1219 749 1252 779 ii.
1267 752 1320 781 24.
1345 759 1385 780 ex
1401 748 1549 789 inferiori
1564 749 1637 780 loco

911 793 1033 830 dicere,
1049 793 1089 823 de
1108 800 1219 823 actore
1235 802 1343 824 causae
1360 793 1511 830 forensis,
1529 803 1640 833 respe-

911 843 968 867 ctu
992 837 1155 877 praetoris.
1181 836 1306 867 *Fonn
1329 839 1377 867 ll.
1405 835 1571 876 supplices
1589 837 1639 866 ina

897 881 1110 921 jerioresque.

956 923 1096 964 Inferi-e.
1126 923 1249 953 Caecin.
1267 926 1297 953 5.
1325 921 1449 962 inferre
1464 933 1512 960 se,
1529 923 1569 954 de
1587 933 1641 961 eo,

913 968 968 1006 qui
981 977 1014 997 se
1027 971 1157 1007 sponte,
1169 967 1304 996 nemine
1321 967 1527 1006 postulante,
1542 967 1641 997 offert

912 1011 946 1041 in
958 1012 1100 1050 negotiis
1110 1010 1245 1040 alterius
1259 1010 1640 1049 gerendis‚·voluntarius

913 1055 1054 1092 amicus,
1069 1058 1109 1084 ut
1130 1054 1243 1094 paullo
1267 1058 1340 1093 post
1356 1054 1448 1084 dicit.
1473 1054 1537 1084 Alii
1552 1053 1640 1085 male

914 1099 1086 1137 corrigunt
1121 1098 1285 1137 ingerere,
1315 1097 1368 1127 vel
1397 1098 1563 1127 inserere:
1601 1103 1642 1127 ut

914 1142 997 1172 bene
1014 1142 1147 1180 judicat
1167 1141 1440 1171 Hemsterhusius
1455 1141 1494 1171 V.
1513 1140 1582 1170 Cel.
1599 1139 1642 1171 ad

913 1185 1054 1216 Luc-ian.
1078 1185 1099 1215 i.
1118 1195 1149 1224 p.
1167 1187 1241 1215 350.
1272 1184 1354 1214 Sull.
1377 1188 1426 1219 19.
1456 1184 1575 1223 quibus
1591 1194 1642 1214 re-

914 1229 1067 1268 gionibus
1091 1238 1125 1258 se
1148 1227 1317 1267 inserebat.
1349 1228 1440 1259 Balb.
1468 1231 1516 1258 10.
1548 1237 1582 1258 se
1605 1228 1640 1258 in

914 1272 1098 1312 periculum
1125 1271 1242 1311 capitis
1265 1270 1399 1311 inferre.
1431 1271 1519 1302 *On
1535 1272 1570 1301 ii.
1589 1273 1641 1303 53.

914 1315 1176 1346 misericordiam
1195 1314 1330 1354 inferre,
1349 1315 1388 1345 de
1404 1319 1548 1352 oratore,
1563 1322 1643 1345 cum

914 1360 1033 1399 incipit
1049 1368 1180 1389 movere
1196 1359 1469 1389 misericordiam.
1492 1358 1511 1376 ²*
1523 1357 1646 1389 Manil.

915 1405 968 1435 22.
990 1402 1116 1443 inferre
1131 1403 1230 1433 alicui
1247 1412 1382 1433 causam
1398 1402 1488 1432 belli.

958 1447 1113 1487 Infestus.
1145 1446 1217 1476 Att.
1248 1446 1292 1476 ix.
1326 1446 1377 1477 16.
1405 1446 1470 1476 xvi.
1500 1449 1530 1477 l.
1561 1443 1646 1486 infe·

913 1495 1000 1521 stum
1018 1490 1139 1520 habere
1156 1499 1258 1520 mare.

962 1533 1086 1574 Infleio,
1116 1533 1243 1571 imbuo,
1274 1532 1400 1562 erudio.
1436 1532 1508 1562 Fin.
1537 1531 1583 1562 iii.
1610 1531 1644 1563 2.

915 1578 1005 1618 infici
1019 1578 1058 1607 iis
1082 1577 1219 1607 artibus.
1248 1576 1319 1606 Att.
1334 1576 1356 1606 i.
1376 1579 1427 1606 13.
1458 1584 1585 1612 vereor,
1602 1581 1645 1605 ne

917 1621 993 1658 hoc,
1009 1620 1098 1660 quod
1118 1619 1277 1660 infectum
1295 1624 1358 1657 est,
1375 1625 1488 1659 serpat
1501 1618 1646 1658 longius.

918 1664 991 1695 Sive
1023 1665 1085 1694 hoe
1112 1663 1270 1702 infectum
1295 1663 1335 1693 de
1362 1662 1494 1693 macula
1521 1662 1646 1703 capias,

916 1709 984 1738 sive
1008 1718 1086 1738 cum
1102 1708 1268 1737 Gronovio
1284 1706 1525 1746 interpreteris,
1540 1709 1646 1746 peste,

917 1753 995 1782 tabe
1041 1755 1248 1788 contactum,
1288 1750 1466 1790 improprie
1513 1749 1648 1779 dicitur.

917 1796 1007 1826 Nam
1026 1794 1159 1825 macula
1180 1795 1295 1835 inficit,
1312 1803 1379 1824 non
1396 1793 1559 1834 inficitur,-
1584 1801 1648 1823 nec

918 1839 1007 1878 quod
1018 1839 1093 1869 tabe
1110 1837 1266 1878 infectum
1281 1845 1345 1875 est,
1357 1837 1415 1867 sed
1425 1837 1533 1875 tabes,
1544 1836 1648 1878 pestis

918 1883 1033 1923 serpit.

963 1926 1108 1966 Iigsinite.
1145 1926 1201 1956 Or.
1232 1925 1287 1956 36.
1324 1934 1419 1965 paene
1448 1924 1585 1965 infinite.
1613 1923 1648 1954 in

917 1970 1112 2010 perorando.
1138 1970 1160 2000 i.
1189 1979 1257 1999 non
1288 1979 1347 2009 per
1375 1968 1562 2005 intervalla,
1588 1966 1648 1998 scd

919 2014 1134 2043 continenter
1145 2017 1180 2042 et
1191 2022 1250 2053 per
1262 2017 1371 2043 totam
1388 2012 1646 2052 perorationem.

962 2057 1119 2097 Insitzitio.
1153 2057 1225 2087 Fin.
1241 2057 1263 2087 i.
1279 2057 1310 2087 6.

963 2101 1128 2141 Infinii‘ics.
1154 2101 1211 2131 Or.
1227 2101 1249 2130 i.
1266 2103 1317 2131 31.
1341 2099 1480 2139 infinitoe
1496 2097 1542 2128 rei
1558 2105 1649 2136 quae-

919 2145 1000 2174 stio:
1036 2144 1070 2174 h.
1097 2155 1126 2174 e.
1154 2143 1315 2182 sejunetae
1342 2153 1362 2173 a
1387 2140 1651 2173 circumstantiis

920 2197 1136 2227 personarum
1149 2191 1183 2218 et
1194 2192 1399 2227 temporum,
1409 2195 1483 2226 quae
1498 2194 1566 2216 uno
1577 2194 1651 2214 ver-

919 2232 960 2261 bo
984 2242 1084 2262 causa
1107 2231 1240 2262 dieitur.
1268 2241 1298 2260 v.
1322 2231 1379 2260 Or.
1403 2231 1436 2260 ii.
1463 2232 1514 2260 15.
1539 2228 1650 2258 *inc-

920 2277 1028 2306 niium
1040 2275 1272 2305 dicituretiam
1279 2297 1288 2312 ,
1298 2274 1386 2313 quod
1397 2273 1506 2304 nullos
1518 2276 1649 2311 tempo-

922 2320 965 2348 ris
989 2319 1206 2358 locorumque
1227 2319 1389 2348 terminos
1406 2321 1513 2347 certos
1528 2315 1648 2346 habet:

921 2367 960 2393 ut
982 2363 1074 2393 Verr.
1100 2363 1146 2392 iii.
1170 2366 1222 2396 91.
1248 2368 1281 2391 et
1298 2361 1381 2392 illud
1400 2360 1567 2400 irfinitum
1583 2358 1654 2388 An-

921 2406 1007 2436 tonii
1030 2405 1208 2446 imperium
1225 2410 1375 2435 senserat
1391 2405 1512 2434 Sicilia.
1527 2414 1558 2433 v.
1576 2400 1650 2432 Ind.

924 2451 1012 2480 Hist.
1043 2451 1078 2479 in
1109 2450 1157 2480 M.
1188 2449 1354 2479 Antonius
1386 2448 1549 2478 Creticus.
1581 2446 1651 2484 Sic,

923 2503 1126 2532 quamquam
1153 2493 1265 2533 paullo
1292 2492 1401 2528 aliter,
1426 2491 1506 2530 Agr.
1535 2491 1569 2520 ii.
1601 2491 1652 2520 13.
1685 2506 1687 2509 ⁴

923 2537 1055 2576 infinita
1078 2541 1237 2576 potestas.
1261 2536 1335 2566 add.
1359 2536 1502 2565 Gronov.
1519 2533 1562 2564 ad
1577 2533 1652 2564 Liv.

922 2581 969 2610 iii.
986 2585 1017 2614 9.
1041 2580 1060 2598 ’Κ
1073 2580 1227 2620 Compar.
1257 2579 1415 2620 infinitior
1429 2581 1480 2609 est
1501 2578 1586 2616 Top.
1603 2579 1636 2608 8.

971 2624 1163 2664 Dgfirmatio.
1193 2623 1271 2662 Agr.
1295 2623 1329 2652 ii.
1344 2625 1376 2653 4.
1407 2621 1587 2662 infirmatio
1601 2629 1653 2651 re-

922 2677 996 2697 rum
1007 2667 1250 2705 judicatarum.

966 2711 1114 2751 Infirma
1143 2710 1185 2740 ad
1206 2710 1282 2740 Div.
1299 2719 1350 2739 xv.
1373 2712 1399 2738 l.
1430 2707 1562 2748 infirme
1583 2706 1657 2738 ani-

922 2763 1044 2785 matus.

970 2798 1161 2838 hilirniitas.
1201 2797 1298 2827 Rosc.
1336 2795 1376 2826 A.
1405 2798 1437 2826 4.
1476 2794 1655 2834 infirmitas

921 2842 1038 2879 animi,
1055 2841 1094 2871 de
1117 2841 1249 2870 timore.
1278 2839 1321 2870 ad
1344 2839 1420 2869 Div.
1443 2839 1486 2869 vi.
1509 2842 1541 2872 7.
1570 2836 1654 2867 alte-

923 2894 999 2914 rum
1016 2884 1165 2921 laudare,
1178 2883 1218 2913 de
1234 2893 1299 2922 quo
1313 2882 1471 2922 quicquid
1487 2880 1655 2918 detrahas,

921 2937 1056 2961 necesse
1079 2933 1129 2959 est
1153 2931 1212 2960 aut
1227 2927 1430 2968 infirmitati,
1445 2929 1505 2957 aut
1520 2923 1654 2956 invidiae
