<?xml version="1.0" encoding="UTF-8"?>
<!DOCTYPE html PUBLIC "-//W3C//DTD XHTML 1.0 Transitional//EN"
    "http://www.w3.org/TR/xhtml1/DTD/xhtml1-transitional.dtd">
<html xmlns="http://www.w3.org/1999/xhtml" xml:lang="en" lang="en">
 <head>
  <title>
</title>
<meta http-equiv="Content-Type" content="text/html;charset=utf-8" />
  <meta name='ocr-system' content='tesseract 3.04.00' />
  <meta name='ocr-capabilities' content='ocr_page ocr_carea ocr_par ocr_line ocrx_word'/>
</head>
<body>
  <div class='ocr_page' id='page_1' title='image "./operaomnia05ciceuoft/operaomnia05ciceuoft_0078.png"; bbox 0 0 1800 3131; ppageno 0'>
   <div class='ocr_carea' id='block_1_1' title="bbox 197 75 260 114">
    <p class='ocr_par' dir='ltr' id='par_1_1' title="bbox 197 75 260 114">
     <span class='ocr_line' id='line_1_1' title="bbox 197 75 260 114; baseline -0.016 0"><span class='ocrx_word' id='word_1_1' title='bbox 197 75 260 114; x_wconf 73' lang='lat'><em>68</em></span> 
     </span>
    </p>
   </div>
   <div class='ocr_carea' id='block_1_2' title="bbox 203 173 940 2923">
    <p class='ocr_par' dir='ltr' id='par_1_2' title="bbox 251 173 645 214">
     <span class='ocr_line' id='line_1_2' title="bbox 251 173 645 214; baseline -0.005 -8"><span class='ocrx_word' id='word_1_2' title='bbox 251 175 374 214; x_wconf 77' lang='lat' dir='ltr'><em>Aristo,</em></span> <span class='ocrx_word' id='word_1_3' title='bbox 391 173 432 205; x_wconf 82' lang='lat' dir='ltr'><em>ad</em></span> <span class='ocrx_word' id='word_1_4' title='bbox 447 174 523 205; x_wconf 83' lang='lat' dir='ltr'><em>Div.</em></span> <span class='ocrx_word' id='word_1_5' title='bbox 540 174 575 204; x_wconf 93' lang='lat' dir='ltr'><em>ii.</em></span> <span class='ocrx_word' id='word_1_6' title='bbox 595 176 645 205; x_wconf 76' lang='lat'><em>13.</em></span> 
     </span>
    </p>

    <p class='ocr_par' dir='ltr' id='par_1_3' title="bbox 205 216 935 644">
     <span class='ocr_line' id='line_1_3' title="bbox 252 216 931 256; baseline -0.006 -6"><span class='ocrx_word' id='word_1_7' title='bbox 252 218 362 250; x_wconf 82' lang='lat' dir='ltr'><em>Aristo</em></span> <span class='ocrx_word' id='word_1_8' title='bbox 391 219 500 256; x_wconf 76' lang='lat' dir='ltr'><em>Chius,</em></span> <span class='ocrx_word' id='word_1_9' title='bbox 520 217 657 250; x_wconf 79' lang='lat' dir='ltr'><em>Stoicus.</em></span> <span class='ocrx_word' id='word_1_10' title='bbox 682 216 783 248; x_wconf 81' lang='lat' dir='ltr'><strong>Acad.</strong></span> <span class='ocrx_word' id='word_1_11' title='bbox 810 217 851 248; x_wconf 86' lang='lat' dir='ltr'><em>iv.</em></span> <span class='ocrx_word' id='word_1_12' title='bbox 878 218 931 247; x_wconf 70' lang='lat'><em>42.</em></span> 
     </span>
     <span class='ocr_line' id='line_1_4' title="bbox 209 257 932 294; baseline -0.006 -1"><span class='ocrx_word' id='word_1_13' title='bbox 209 262 282 294; x_wconf 84' lang='lat' dir='ltr'><em>Fin.</em></span> <span class='ocrx_word' id='word_1_14' title='bbox 295 261 328 293; x_wconf 91' lang='lat' dir='ltr'><em>ii.</em></span> <span class='ocrx_word' id='word_1_15' title='bbox 345 266 394 293; x_wconf 89' lang='lat'><em>11.</em></span> <span class='ocrx_word' id='word_1_16' title='bbox 410 265 459 293; x_wconf 88' lang='lat'><em>13.</em></span> <span class='ocrx_word' id='word_1_17' title='bbox 483 272 653 293; x_wconf 85' lang='lat' dir='ltr'><em>summum</em></span> <span class='ocrx_word' id='word_1_18' title='bbox 664 262 789 292; x_wconf 89' lang='lat' dir='ltr'><em>bonum</em></span> <span class='ocrx_word' id='word_1_19' title='bbox 802 262 836 291; x_wconf 88' lang='lat' dir='ltr'><em>in</em></span> <span class='ocrx_word' id='word_1_20' title='bbox 850 257 932 290; x_wconf 71' lang='grc' dir='ltr'><em>οἱδια-</em></span> 
     </span>
     <span class='ocr_line' id='line_1_5' title="bbox 209 305 932 349; baseline -0.006 -12"><span class='ocrx_word' id='word_1_21' title='bbox 209 305 295 349; x_wconf 69' lang='grc' dir='ltr'><em>φιρῖᾳ</em></span> <span class='ocrx_word' id='word_1_22' title='bbox 313 307 419 347; x_wconf 86' lang='lat' dir='ltr'><em>ponit.</em></span> <span class='ocrx_word' id='word_1_23' title='bbox 449 305 530 336; x_wconf 88' lang='lat' dir='ltr'><em>Nat.</em></span> <span class='ocrx_word' id='word_1_24' title='bbox 548 306 589 336; x_wconf 89' lang='lat' dir='ltr'><em>D.</em></span> <span class='ocrx_word' id='word_1_25' title='bbox 608 306 629 336; x_wconf 94' lang='lat' dir='ltr'><em>i.</em></span> <span class='ocrx_word' id='word_1_26' title='bbox 649 309 698 336; x_wconf 89' lang='lat'><em>14.</em></span> <span class='ocrx_word' id='word_1_27' title='bbox 731 305 801 344; x_wconf 81' lang='lat' dir='ltr'><em>ejus</em></span> <span class='ocrx_word' id='word_1_28' title='bbox 817 306 857 334; x_wconf 77' lang='lat' dir='ltr'><em>de</em></span> <span class='ocrx_word' id='word_1_29' title='bbox 875 312 932 333; x_wconf 84' lang='lat' dir='ltr'><em>na-</em></span> 
     </span>
     <span class='ocr_line' id='line_1_6' title="bbox 205 349 933 381; baseline -0.005 -1"><span class='ocrx_word' id='word_1_30' title='bbox 205 354 286 380; x_wconf 85' lang='lat' dir='ltr'><em>tura</em></span> <span class='ocrx_word' id='word_1_31' title='bbox 308 351 455 381; x_wconf 77' lang='lat' dir='ltr'>Deorum</span> <span class='ocrx_word' id='word_1_32' title='bbox 479 350 657 380; x_wconf 69' lang='lat' dir='ltr'><em>sententia.</em></span> <span class='ocrx_word' id='word_1_33' title='bbox 698 349 933 380; x_wconf 78' lang='lat' dir='ltr'><em>Commemora-</em></span> 
     </span>
     <span class='ocr_line' id='line_1_7' title="bbox 207 390 932 434; baseline -0.008 -9"><span class='ocrx_word' id='word_1_34' title='bbox 207 398 267 425; x_wconf 77' lang='lat' dir='ltr'><em>tar</em></span> <span class='ocrx_word' id='word_1_35' title='bbox 282 395 382 424; x_wconf 81' lang='lat' dir='ltr'><em>etiam</em></span> <span class='ocrx_word' id='word_1_36' title='bbox 395 393 505 424; x_wconf 84' lang='lat' dir='ltr'><strong>Aristo</strong></span> <span class='ocrx_word' id='word_1_37' title='bbox 520 393 654 434; x_wconf 54' lang='lat' dir='ltr'><em>quidam.</em></span> <span class='ocrx_word' id='word_1_38' title='bbox 668 392 768 423; x_wconf 88' lang='lat' dir='ltr'><em>Tusc.</em></span> <span class='ocrx_word' id='word_1_39' title='bbox 784 402 813 421; x_wconf 93' lang='lat' dir='ltr'><em>v.</em></span> <span class='ocrx_word' id='word_1_40' title='bbox 833 395 861 421; x_wconf 76' lang='lat'><em>8.</em></span> <span class='ocrx_word' id='word_1_41' title='bbox 877 390 932 429; x_wconf 85' lang='lat' dir='ltr'><em>qui</em></span> 
     </span>
     <span class='ocr_line' id='line_1_8' title="bbox 209 435 933 478; baseline -0.008 -9"><span class='ocrx_word' id='word_1_42' title='bbox 209 437 316 470; x_wconf 86' lang='lat' dir='ltr'><em>Bruto</em></span> <span class='ocrx_word' id='word_1_43' title='bbox 339 441 560 478; x_wconf 70' lang='lat' dir='ltr'>persuaserat,</span> <span class='ocrx_word' id='word_1_44' title='bbox 576 438 700 467; x_wconf 85' lang='lat' dir='ltr'><em>virtute</em></span> <span class='ocrx_word' id='word_1_45' title='bbox 720 435 804 466; x_wconf 86' lang='lat' dir='ltr'><em>effici</em></span> <span class='ocrx_word' id='word_1_46' title='bbox 828 435 933 464; x_wconf 65' lang='lat' dir='ltr'><em>xitaui</em></span> 
     </span>
     <span class='ocr_line' id='line_1_9' title="bbox 210 480 933 519; baseline -0.007 -7"><span class='ocrx_word' id='word_1_47' title='bbox 210 481 356 519; x_wconf 75' lang='lat' dir='ltr'><em>beatam,</em></span> <span class='ocrx_word' id='word_1_48' title='bbox 381 491 447 511; x_wconf 89' lang='lat' dir='ltr'><em>non</em></span> <span class='ocrx_word' id='word_1_49' title='bbox 469 480 709 518; x_wconf 78' lang='lat' dir='ltr'>beatissimam,</span> <span class='ocrx_word' id='word_1_50' title='bbox 732 483 766 508; x_wconf 86' lang='lat' dir='ltr'><em>et</em></span> <span class='ocrx_word' id='word_1_51' title='bbox 789 487 933 517; x_wconf 88' lang='lat' dir='ltr'><em>quocum</em></span> 
     </span>
     <span class='ocr_line' id='line_1_10' title="bbox 209 521 933 563; baseline -0.008 -8"><span class='ocrx_word' id='word_1_52' title='bbox 209 524 362 555; x_wconf 83' lang='lat' dir='ltr'>Ciceroni</span> <span class='ocrx_word' id='word_1_53' title='bbox 388 525 451 555; x_wconf 87' lang='lat' dir='ltr'><em>hoc</em></span> <span class='ocrx_word' id='word_1_54' title='bbox 478 524 613 555; x_wconf 86' lang='lat' dir='ltr'><em>nomine</em></span> <span class='ocrx_word' id='word_1_55' title='bbox 641 522 824 563; x_wconf 88' lang='lat' dir='ltr'><em>disputatio</em></span> <span class='ocrx_word' id='word_1_56' title='bbox 846 521 933 551; x_wconf 87' lang='lat' dir='ltr'><em>fuit:</em></span> 
     </span>
     <span class='ocr_line' id='line_1_11' title="bbox 207 565 935 606; baseline -0.007 -7"><span class='ocrx_word' id='word_1_57' title='bbox 207 569 264 599; x_wconf 80' lang='lat' dir='ltr'><em>sed</em></span> <span class='ocrx_word' id='word_1_58' title='bbox 283 570 325 599; x_wconf 84' lang='lat' dir='ltr'><em>ibi</em></span> <span class='ocrx_word' id='word_1_59' title='bbox 340 569 489 599; x_wconf 86' lang='lat' dir='ltr'><strong>Aristum</strong></span> <span class='ocrx_word' id='word_1_60' title='bbox 510 567 683 606; x_wconf 76' lang='lat' dir='ltr'><em>legendnm</em></span> <span class='ocrx_word' id='word_1_61' title='bbox 701 566 813 596; x_wconf 77' lang='lat' dir='ltr'><em>docent</em></span> <span class='ocrx_word' id='word_1_62' title='bbox 827 565 935 596; x_wconf 84' lang='lat' dir='ltr'><em>Davi-</em></span> 
     </span>
     <span class='ocr_line' id='line_1_12' title="bbox 206 613 513 644; baseline -0.01 -1"><span class='ocrx_word' id='word_1_63' title='bbox 206 614 275 643; x_wconf 77' lang='lat' dir='ltr'><em>sius</em></span> <span class='ocrx_word' id='word_1_64' title='bbox 287 617 320 643; x_wconf 81' lang='lat' dir='ltr'><em>et</em></span> <span class='ocrx_word' id='word_1_65' title='bbox 335 613 513 644; x_wconf 66' lang='lat' dir='ltr'><em>Balteo-ius,</em></span> 
     </span>
    </p>

    <p class='ocr_par' dir='ltr' id='par_1_4' title="bbox 208 651 934 731">
     <span class='ocr_line' id='line_1_13' title="bbox 251 651 934 694; baseline -0.007 -7"><span class='ocrx_word' id='word_1_66' title='bbox 251 657 373 694; x_wconf 77' lang='lat' dir='ltr'><em>Aristo,</em></span> <span class='ocrx_word' id='word_1_67' title='bbox 388 655 480 686; x_wconf 89' lang='lat' dir='ltr'><strong>Balb.</strong></span> <span class='ocrx_word' id='word_1_68' title='bbox 494 657 546 687; x_wconf 68' lang='lat'><em>22.</em></span> <span class='ocrx_word' id='word_1_69' title='bbox 571 652 800 690; x_wconf 78' lang='lat' dir='ltr'>Massiliensis,</span> <span class='ocrx_word' id='word_1_70' title='bbox 813 662 832 683; x_wconf 85' lang='lat' dir='ltr'><em>a</em></span> <span class='ocrx_word' id='word_1_71' title='bbox 842 651 934 683; x_wconf 88' lang='lat' dir='ltr'><em>Sulla</em></span> 
     </span>
     <span class='ocr_line' id='line_1_14' title="bbox 208 699 516 731; baseline -0.006 -1"><span class='ocrx_word' id='word_1_72' title='bbox 208 700 345 731; x_wconf 87' lang='lat' dir='ltr'><em>civitate</em></span> <span class='ocrx_word' id='word_1_73' title='bbox 362 699 516 730; x_wconf 83' lang='lat' dir='ltr'><em>donatus.</em></span> 
     </span>
    </p>

    <p class='ocr_par' dir='ltr' id='par_1_5' title="bbox 208 740 933 826">
     <span class='ocr_line' id='line_1_15' title="bbox 251 740 933 779; baseline -0.006 -5"><span class='ocrx_word' id='word_1_74' title='bbox 251 744 476 779; x_wconf 83' lang='lat' dir='ltr'><em>Aristocritus,</em></span> <span class='ocrx_word' id='word_1_75' title='bbox 493 741 535 772; x_wconf 90' lang='lat' dir='ltr'><em>ad</em></span> <span class='ocrx_word' id='word_1_76' title='bbox 561 740 638 772; x_wconf 89' lang='lat' dir='ltr'><em>Div.</em></span> <span class='ocrx_word' id='word_1_77' title='bbox 665 741 730 771; x_wconf 89' lang='lat' dir='ltr'><em>xiv.</em></span> <span class='ocrx_word' id='word_1_78' title='bbox 758 743 789 772; x_wconf 88' lang='grc'><em>3.</em></span> <span class='ocrx_word' id='word_1_79' title='bbox 819 749 933 771; x_wconf 87' lang='lat' dir='ltr'><em>servus</em></span> 
     </span>
     <span class='ocr_line' id='line_1_16' title="bbox 208 786 560 826; baseline -0.009 -8"><span class='ocrx_word' id='word_1_80' title='bbox 208 791 268 818; x_wconf 73' lang='lat' dir='ltr'><em>aut</em></span> <span class='ocrx_word' id='word_1_81' title='bbox 283 787 421 818; x_wconf 86' lang='lat' dir='ltr'><em>libertus</em></span> <span class='ocrx_word' id='word_1_82' title='bbox 438 786 560 826; x_wconf 82' lang='lat' dir='ltr'><em>potius.</em></span> 
     </span>
    </p>

    <p class='ocr_par' dir='ltr' id='par_1_6' title="bbox 205 827 930 906">
     <span class='ocr_line' id='line_1_17' title="bbox 249 827 930 870; baseline -0.007 -7"><span class='ocrx_word' id='word_1_83' title='bbox 249 831 490 870; x_wconf 77' lang='lat' dir='ltr'><em>Aristodamus,</em></span> <span class='ocrx_word' id='word_1_84' title='bbox 514 827 805 870; x_wconf 78' lang='lat' dir='ltr'><em>Apollonidiensis.</em></span> <span class='ocrx_word' id='word_1_85' title='bbox 836 827 930 859; x_wconf 89' lang='lat' dir='ltr'><em>Verr.</em></span> 
     </span>
     <span class='ocr_line' id='line_1_18' title="bbox 205 875 285 906; baseline 0 -2"><span class='ocrx_word' id='word_1_86' title='bbox 205 884 236 905; x_wconf 88' lang='lat' dir='ltr'><em>v.</em></span> <span class='ocrx_word' id='word_1_87' title='bbox 254 875 285 906; x_wconf 88' lang='grc'><em>6.</em></span> 
     </span>
    </p>

    <p class='ocr_par' dir='ltr' id='par_1_7' title="bbox 249 915 730 955">
     <span class='ocr_line' id='line_1_19' title="bbox 249 915 730 955; baseline -0.008 -6"><span class='ocrx_word' id='word_1_88' title='bbox 249 917 486 955; x_wconf 76' lang='lat' dir='ltr'><em>Aristodemus,</em></span> <span class='ocrx_word' id='word_1_89' title='bbox 503 916 545 947; x_wconf 87' lang='lat' dir='ltr'><em>ad</em></span> <span class='ocrx_word' id='word_1_90' title='bbox 558 915 630 947; x_wconf 77' lang='lat' dir='ltr'><em>Att.</em></span> <span class='ocrx_word' id='word_1_91' title='bbox 648 915 683 946; x_wconf 86' lang='lat' dir='ltr'><em>ii.</em></span> <span class='ocrx_word' id='word_1_92' title='bbox 699 919 730 950; x_wconf 86' lang='grc'><em>7.</em></span> 
     </span>
    </p>

    <p class='ocr_par' dir='ltr' id='par_1_8' title="bbox 204 959 935 1080">
     <span class='ocr_line' id='line_1_20' title="bbox 247 959 933 1001; baseline -0.007 -8"><span class='ocrx_word' id='word_1_93' title='bbox 247 962 462 1001; x_wconf 71' lang='lat' dir='ltr'><em>Aristogiton,</em></span> <span class='ocrx_word' id='word_1_94' title='bbox 473 961 574 991; x_wconf 78' lang='lat' dir='ltr'><strong>Taso.</strong></span> <span class='ocrx_word' id='word_1_95' title='bbox 591 961 614 990; x_wconf 88' lang='lat' dir='ltr'><em>i.</em></span> <span class='ocrx_word' id='word_1_96' title='bbox 630 962 684 994; x_wconf 85' lang='lat'><em>49.</em></span> <span class='ocrx_word' id='word_1_97' title='bbox 716 959 933 996; x_wconf 75' lang='lat' dir='ltr'><em>Atheniensis,</em></span> 
     </span>
     <span class='ocr_line' id='line_1_21' title="bbox 204 1002 935 1045; baseline -0.005 -9"><span class='ocrx_word' id='word_1_98' title='bbox 204 1006 261 1045; x_wconf 77' lang='lat' dir='ltr'><em>qm·</em></span> <span class='ocrx_word' id='word_1_99' title='bbox 270 1016 345 1036; x_wconf 77' lang='lat' dir='ltr'><em>cum</em></span> <span class='ocrx_word' id='word_1_100' title='bbox 354 1005 536 1038; x_wconf 80' lang='lat' dir='ltr'><em>Harmodio</em></span> <span class='ocrx_word' id='word_1_101' title='bbox 545 1004 716 1035; x_wconf 70' lang='lat' dir='ltr'><em>Pisistrati</em></span> <span class='ocrx_word' id='word_1_102' title='bbox 724 1002 935 1042; x_wconf 71' lang='lat' dir='ltr'><em>tyrannidem</em></span> 
     </span>
     <span class='ocr_line' id='line_1_22' title="bbox 204 1050 330 1080; baseline 0 -1"><span class='ocrx_word' id='word_1_103' title='bbox 204 1050 330 1080; x_wconf 77' lang='lat' dir='ltr'><em>evertit.</em></span> 
     </span>
    </p>

    <p class='ocr_par' dir='ltr' id='par_1_9' title="bbox 206 1090 935 1178">
     <span class='ocr_line' id='line_1_23' title="bbox 250 1090 935 1131; baseline -0.004 -8"><span class='ocrx_word' id='word_1_104' title='bbox 250 1093 485 1131; x_wconf 72' lang='lat' dir='ltr'><em>Aristomache,</em></span> <span class='ocrx_word' id='word_1_105' title='bbox 500 1091 601 1122; x_wconf 87' lang='lat' dir='ltr'><em>Tusc.</em></span> <span class='ocrx_word' id='word_1_106' title='bbox 617 1100 648 1121; x_wconf 91' lang='lat' dir='ltr'><em>v.</em></span> <span class='ocrx_word' id='word_1_107' title='bbox 666 1092 719 1122; x_wconf 73' lang='lat'><em>20.</em></span> <span class='ocrx_word' id='word_1_108' title='bbox 749 1100 833 1121; x_wconf 81' lang='lat' dir='ltr'><em>uxor</em></span> <span class='ocrx_word' id='word_1_109' title='bbox 854 1090 935 1121; x_wconf 93' lang='lat' dir='ltr'><em>Dio-</em></span> 
     </span>
     <span class='ocr_line' id='line_1_24' title="bbox 206 1136 451 1178; baseline -0.008 -11"><span class='ocrx_word' id='word_1_110' title='bbox 206 1137 290 1178; x_wconf 89' lang='lat' dir='ltr'><em>nysii</em></span> <span class='ocrx_word' id='word_1_111' title='bbox 304 1136 451 1177; x_wconf 79' lang='lat' dir='ltr'><em>tyranni.</em></span> 
     </span>
    </p>

    <p class='ocr_par' dir='ltr' id='par_1_10' title="bbox 207 1177 934 1308">
     <span class='ocr_line' id='line_1_25' title="bbox 249 1177 933 1218; baseline -0.007 -6"><span class='ocrx_word' id='word_1_112' title='bbox 249 1181 463 1218; x_wconf 71' lang='lat' dir='ltr'><em>Aristonicus,</em></span> <span class='ocrx_word' id='word_1_113' title='bbox 481 1178 565 1209; x_wconf 87' lang='lat' dir='ltr'><em>Phil.</em></span> <span class='ocrx_word' id='word_1_114' title='bbox 583 1179 627 1208; x_wconf 85' lang='lat' dir='ltr'><em>xi.</em></span> <span class='ocrx_word' id='word_1_115' title='bbox 646 1181 676 1209; x_wconf 87' lang='grc'><em>8.</em></span> <span class='ocrx_word' id='word_1_116' title='bbox 706 1188 783 1208; x_wconf 87' lang='lat' dir='ltr'><em>cum</em></span> <span class='ocrx_word' id='word_1_117' title='bbox 805 1188 844 1208; x_wconf 88' lang='lat' dir='ltr'><em>eo</em></span> <span class='ocrx_word' id='word_1_118' title='bbox 866 1177 933 1208; x_wconf 89' lang='lat' dir='ltr'><em>bel-</em></span> 
     </span>
     <span class='ocr_line' id='line_1_26' title="bbox 207 1221 934 1265; baseline -0.004 -11"><span class='ocrx_word' id='word_1_119' title='bbox 207 1224 279 1255; x_wconf 90' lang='lat' dir='ltr'><em>lum</em></span> <span class='ocrx_word' id='word_1_120' title='bbox 306 1228 439 1265; x_wconf 81' lang='lat' dir='ltr'><em>gestum</em></span> <span class='ocrx_word' id='word_1_121' title='bbox 464 1222 503 1253; x_wconf 92' lang='lat' dir='ltr'><em>L.</em></span> <span class='ocrx_word' id='word_1_122' title='bbox 530 1221 662 1254; x_wconf 84' lang='lat' dir='ltr'><em>Valerio</em></span> <span class='ocrx_word' id='word_1_123' title='bbox 685 1225 720 1252; x_wconf 85' lang='lat' dir='ltr'><em>et</em></span> <span class='ocrx_word' id='word_1_124' title='bbox 744 1222 778 1252; x_wconf 87' lang='lat' dir='ltr'><em>P.</em></span> <span class='ocrx_word' id='word_1_125' title='bbox 803 1222 934 1252; x_wconf 88' lang='lat' dir='ltr'><em>Licinio</em></span> 
     </span>
     <span class='ocr_line' id='line_1_27' title="bbox 209 1267 516 1308; baseline -0.007 -9"><span class='ocrx_word' id='word_1_126' title='bbox 209 1269 300 1299; x_wconf 86' lang='lat' dir='ltr'><em>Coss.</em></span> <span class='ocrx_word' id='word_1_127' title='bbox 315 1267 395 1308; x_wconf 77' lang='lat' dir='ltr'><em>Agr.</em></span> <span class='ocrx_word' id='word_1_128' title='bbox 413 1268 446 1297; x_wconf 93' lang='lat' dir='ltr'><em>ii.</em></span> <span class='ocrx_word' id='word_1_129' title='bbox 464 1270 516 1298; x_wconf 87' lang='lat'><em>33.</em></span> 
     </span>
    </p>

    <p class='ocr_par' dir='ltr' id='par_1_11' title="bbox 206 1308 932 1398">
     <span class='ocr_line' id='line_1_28' title="bbox 250 1308 932 1352; baseline -0.006 -9"><span class='ocrx_word' id='word_1_130' title='bbox 250 1313 495 1352; x_wconf 71' lang='lat' dir='ltr'><em>Aristophanes,</em></span> <span class='ocrx_word' id='word_1_131' title='bbox 513 1310 681 1348; x_wconf 82' lang='lat' dir='ltr'><em>Comicus,</em></span> <span class='ocrx_word' id='word_1_132' title='bbox 703 1308 807 1349; x_wconf 86' lang='lat' dir='ltr'><em>Legg.</em></span> <span class='ocrx_word' id='word_1_133' title='bbox 826 1309 862 1339; x_wconf 90' lang='lat' dir='ltr'><em>ii.</em></span> <span class='ocrx_word' id='word_1_134' title='bbox 882 1311 932 1340; x_wconf 89' lang='lat'><em>15.</em></span> 
     </span>
     <span class='ocr_line' id='line_1_29' title="bbox 206 1354 679 1398; baseline -0.008 -11"><span class='ocrx_word' id='word_1_135' title='bbox 206 1360 308 1398; x_wconf 65' lang='lat' dir='ltr'><em>poeta</em></span> <span class='ocrx_word' id='word_1_136' title='bbox 323 1356 555 1386; x_wconf 81' lang='lat' dir='ltr'><em>facetissimus.</em></span> <span class='ocrx_word' id='word_1_137' title='bbox 574 1354 630 1384; x_wconf 91' lang='lat' dir='ltr'><strong>Or.</strong></span> <span class='ocrx_word' id='word_1_138' title='bbox 647 1358 679 1389; x_wconf 90' lang='lat'><strong>9.</strong></span> 
     </span>
    </p>

    <p class='ocr_par' dir='ltr' id='par_1_12' title="bbox 207 1396 936 1482">
     <span class='ocr_line' id='line_1_30' title="bbox 250 1396 936 1439; baseline -0.009 -7"><span class='ocrx_word' id='word_1_139' title='bbox 250 1401 494 1439; x_wconf 73' lang='lat' dir='ltr'><em>Aristophanes,</em></span> <span class='ocrx_word' id='word_1_140' title='bbox 511 1398 568 1428; x_wconf 91' lang='lat' dir='ltr'><strong>Or.</strong></span> <span class='ocrx_word' id='word_1_141' title='bbox 586 1398 633 1428; x_wconf 88' lang='lat' dir='ltr'><em>iii.</em></span> <span class='ocrx_word' id='word_1_142' title='bbox 650 1399 703 1428; x_wconf 84' lang='lat'><em>33.</em></span> <span class='ocrx_word' id='word_1_143' title='bbox 732 1396 936 1427; x_wconf 79' lang='lat' dir='ltr'><em>Grammati-</em></span> 
     </span>
     <span class='ocr_line' id='line_1_31' title="bbox 207 1441 900 1482; baseline -0.006 -8"><span class='ocrx_word' id='word_1_144' title='bbox 207 1453 266 1475; x_wconf 87' lang='lat' dir='ltr'><em>cus</em></span> <span class='ocrx_word' id='word_1_145' title='bbox 282 1443 434 1482; x_wconf 86' lang='lat' dir='ltr'><em>insignis.</em></span> <span class='ocrx_word' id='word_1_146' title='bbox 452 1442 523 1472; x_wconf 91' lang='lat' dir='ltr'><em>Fin.</em></span> <span class='ocrx_word' id='word_1_147' title='bbox 542 1452 571 1471; x_wconf 95' lang='lat' dir='ltr'><em>v.</em></span> <span class='ocrx_word' id='word_1_148' title='bbox 592 1444 642 1475; x_wconf 90' lang='lat'><em>19.</em></span> <span class='ocrx_word' id='word_1_149' title='bbox 674 1441 746 1471; x_wconf 88' lang='lat' dir='ltr'><em>Att.</em></span> <span class='ocrx_word' id='word_1_150' title='bbox 764 1441 829 1470; x_wconf 87' lang='lat' dir='ltr'><em>xvi.</em></span> <span class='ocrx_word' id='word_1_151' title='bbox 850 1443 900 1470; x_wconf 90' lang='lat'><em>11.</em></span> 
     </span>
    </p>

    <p class='ocr_par' dir='ltr' id='par_1_13' title="bbox 203 1483 939 2794">
     <span class='ocr_line' id='line_1_32' title="bbox 249 1483 936 1524; baseline -0.006 -6"><span class='ocrx_word' id='word_1_152' title='bbox 249 1488 449 1524; x_wconf 78' lang='lat' dir='ltr'><em>Aristoteles,</em></span> <span class='ocrx_word' id='word_1_153' title='bbox 465 1485 566 1516; x_wconf 85' lang='lat' dir='ltr'><em>Tusc.</em></span> <span class='ocrx_word' id='word_1_154' title='bbox 583 1485 630 1515; x_wconf 91' lang='lat' dir='ltr'><em>iii.</em></span> <span class='ocrx_word' id='word_1_155' title='bbox 648 1486 701 1515; x_wconf 70' lang='lat'><strong>⁶28.</strong></span> <span class='ocrx_word' id='word_1_156' title='bbox 737 1488 849 1524; x_wconf 81' lang='lat' dir='ltr'><em>sperat</em></span> <span class='ocrx_word' id='word_1_157' title='bbox 861 1483 936 1524; x_wconf 85' lang='lat' dir='ltr'><em>phi-</em></span> 
     </span>
     <span class='ocr_line' id='line_1_33' title="bbox 206 1527 935 1572; baseline -0.007 -10"><span class='ocrx_word' id='word_1_158' title='bbox 206 1530 393 1572; x_wconf 79' lang='lat' dir='ltr'><em>losophiam</em></span> <span class='ocrx_word' id='word_1_159' title='bbox 429 1530 519 1560; x_wconf 85' lang='lat' dir='ltr'><em>brevi</em></span> <span class='ocrx_word' id='word_1_160' title='bbox 557 1533 708 1568; x_wconf 84' lang='lat' dir='ltr'><em>tempore</em></span> <span class='ocrx_word' id='word_1_161' title='bbox 747 1527 935 1558; x_wconf 86' lang='lat' dir='ltr'><em>absolutam</em></span> 
     </span>
     <span class='ocr_line' id='line_1_34' title="bbox 203 1572 935 1606; baseline -0.005 -1"><span class='ocrx_word' id='word_1_162' title='bbox 203 1576 288 1606; x_wconf 80' lang='lat' dir='ltr'><em>fore.</em></span> <span class='ocrx_word' id='word_1_163' title='bbox 312 1574 414 1604; x_wconf 86' lang='lat' dir='ltr'><strong>Acad.</strong></span> <span class='ocrx_word' id='word_1_164' title='bbox 431 1574 452 1604; x_wconf 93' lang='lat' dir='ltr'><em>i.</em></span> <span class='ocrx_word' id='word_1_165' title='bbox 470 1576 501 1604; x_wconf 82' lang='lat'><em>4.</em></span> <span class='ocrx_word' id='word_1_166' title='bbox 530 1573 673 1603; x_wconf 81' lang='lat' dir='ltr'><em>Socratis</em></span> <span class='ocrx_word' id='word_1_167' title='bbox 689 1572 935 1602; x_wconf 80' lang='lat' dir='ltr'><em>dubitationem</em></span> 
     </span>
     <span class='ocr_line' id='line_1_35' title="bbox 205 1614 934 1656; baseline -0.007 -6"><span class='ocrx_word' id='word_1_168' title='bbox 205 1623 244 1650; x_wconf 80' lang='lat' dir='ltr'><em>et</em></span> <span class='ocrx_word' id='word_1_169' title='bbox 265 1618 447 1649; x_wconf 78' lang='lat' dir='ltr'><em>disserendi</em></span> <span class='ocrx_word' id='word_1_170' title='bbox 471 1626 575 1656; x_wconf 78' lang='lat' dir='ltr'><em>genus</em></span> <span class='ocrx_word' id='word_1_171' title='bbox 598 1616 770 1655; x_wconf 79' lang='lat' dir='ltr'><em>relinquit,</em></span> <span class='ocrx_word' id='word_1_172' title='bbox 788 1614 934 1646; x_wconf 80' lang='lat' dir='ltr'><em>Platonis</em></span> 
     </span>
     <span class='ocr_line' id='line_1_36' title="bbox 206 1659 935 1701; baseline -0.01 -7"><span class='ocrx_word' id='word_1_173' title='bbox 206 1663 398 1694; x_wconf 83' lang='lat' dir='ltr'><em>ubertatem</em></span> <span class='ocrx_word' id='word_1_174' title='bbox 410 1660 614 1701; x_wconf 84' lang='lat' dir='ltr'><em>complexus.</em></span> <span class='ocrx_word' id='word_1_175' title='bbox 637 1659 739 1690; x_wconf 74' lang='lat' dir='ltr'><strong>Acad.</strong></span> <span class='ocrx_word' id='word_1_176' title='bbox 751 1661 774 1691; x_wconf 88' lang='lat' dir='ltr'><em>i.</em></span> <span class='ocrx_word' id='word_1_177' title='bbox 787 1663 817 1692; x_wconf 95' lang='lat'><em>7.</em></span> <span class='ocrx_word' id='word_1_178' title='bbox 838 1659 935 1697; x_wconf 91' lang='lat' dir='ltr'><em>quin-</em></span> 
     </span>
     <span class='ocr_line' id='line_1_37' title="bbox 205 1703 934 1746; baseline -0.007 -9"><span class='ocrx_word' id='word_1_179' title='bbox 205 1711 282 1737; x_wconf 71' lang='lat' dir='ltr'><em>tum</em></span> <span class='ocrx_word' id='word_1_180' title='bbox 298 1716 402 1746; x_wconf 74' lang='lat' dir='ltr'><em>genus</em></span> <span class='ocrx_word' id='word_1_181' title='bbox 419 1705 662 1735; x_wconf 83' lang='lat' dir='ltr'><em>elementorum</em></span> <span class='ocrx_word' id='word_1_182' title='bbox 677 1703 812 1740; x_wconf 78' lang='lat' dir='ltr'><em>statuit,</em></span> <span class='ocrx_word' id='word_1_183' title='bbox 827 1712 846 1732; x_wconf 90' lang='lat' dir='ltr'><em>e</em></span> <span class='ocrx_word' id='word_1_184' title='bbox 868 1712 934 1740; x_wconf 90' lang='lat' dir='ltr'><em>quo</em></span> 
     </span>
     <span class='ocr_line' id='line_1_38' title="bbox 207 1745 933 1786; baseline -0.008 -5"><span class='ocrx_word' id='word_1_185' title='bbox 207 1754 338 1781; x_wconf 83' lang='lat' dir='ltr'><em>mentes</em></span> <span class='ocrx_word' id='word_1_186' title='bbox 351 1754 386 1780; x_wconf 85' lang='lat' dir='ltr'><em>et</em></span> <span class='ocrx_word' id='word_1_187' title='bbox 397 1750 514 1780; x_wconf 80' lang='lat' dir='ltr'><em>sidera.</em></span> <span class='ocrx_word' id='word_1_188' title='bbox 534 1747 635 1777; x_wconf 88' lang='lat' dir='ltr'><em>Tusc.</em></span> <span class='ocrx_word' id='word_1_189' title='bbox 648 1747 669 1776; x_wconf 90' lang='lat' dir='ltr'><em>i.</em></span> <span class='ocrx_word' id='word_1_190' title='bbox 687 1749 736 1777; x_wconf 93' lang='grc'><em>10.</em></span> <span class='ocrx_word' id='word_1_191' title='bbox 754 1745 933 1786; x_wconf 53' lang='lat' dir='ltr'><em>inreligata,</em></span> 
     </span>
     <span class='ocr_line' id='line_1_39' title="bbox 206 1790 935 1829; baseline -0.007 -5"><span class='ocrx_word' id='word_1_192' title='bbox 206 1794 248 1825; x_wconf 84' lang='lat' dir='ltr'><em>de</em></span> <span class='ocrx_word' id='word_1_193' title='bbox 273 1796 386 1823; x_wconf 86' lang='lat' dir='ltr'><em>mente</em></span> <span class='ocrx_word' id='word_1_194' title='bbox 409 1792 589 1822; x_wconf 80' lang='lat' dir='ltr'><em>sententia.</em></span> <span class='ocrx_word' id='word_1_195' title='bbox 613 1790 653 1821; x_wconf 88' lang='lat' dir='ltr'><em>de</em></span> <span class='ocrx_word' id='word_1_196' title='bbox 671 1790 742 1820; x_wconf 89' lang='lat' dir='ltr'><em>Fin.</em></span> <span class='ocrx_word' id='word_1_197' title='bbox 758 1800 790 1820; x_wconf 87' lang='lat' dir='ltr'><em>v.</em></span> <span class='ocrx_word' id='word_1_198' title='bbox 805 1792 837 1820; x_wconf 83' lang='lat'><em>4.</em></span> <span class='ocrx_word' id='word_1_199' title='bbox 867 1791 935 1829; x_wconf 88' lang='lat' dir='ltr'><em>pri-</em></span> 
     </span>
     <span class='ocr_line' id='line_1_40' title="bbox 207 1833 938 1869; baseline -0.007 -1"><span class='ocrx_word' id='word_1_200' title='bbox 207 1846 284 1869; x_wconf 79' lang='lat' dir='ltr'><em>mus</em></span> <span class='ocrx_word' id='word_1_201' title='bbox 307 1837 458 1867; x_wconf 70' lang='lat' dir='ltr'><em>instituit</em></span> <span class='ocrx_word' id='word_1_202' title='bbox 479 1835 754 1865; x_wconf 77' lang='lat' dir='ltr'><em>exercitationem</em></span> <span class='ocrx_word' id='word_1_203' title='bbox 772 1833 812 1863; x_wconf 84' lang='lat' dir='ltr'><em>de</em></span> <span class='ocrx_word' id='word_1_204' title='bbox 828 1833 938 1864; x_wconf 87' lang='lat' dir='ltr'><em>omni-</em></span> 
     </span>
     <span class='ocr_line' id='line_1_41' title="bbox 207 1877 936 1919; baseline -0.007 -7"><span class='ocrx_word' id='word_1_205' title='bbox 207 1882 269 1912; x_wconf 88' lang='lat' dir='ltr'><em>bus</em></span> <span class='ocrx_word' id='word_1_206' title='bbox 276 1882 373 1911; x_wconf 79' lang='lat' dir='ltr'><em>rebus</em></span> <span class='ocrx_word' id='word_1_207' title='bbox 380 1881 415 1910; x_wconf 91' lang='lat' dir='ltr'><em>in</em></span> <span class='ocrx_word' id='word_1_208' title='bbox 422 1884 599 1918; x_wconf 84' lang='lat' dir='ltr'><em>utramque</em></span> <span class='ocrx_word' id='word_1_209' title='bbox 606 1882 737 1919; x_wconf 84' lang='lat' dir='ltr'><em>partem</em></span> <span class='ocrx_word' id='word_1_210' title='bbox 746 1877 936 1908; x_wconf 82' lang='lat' dir='ltr'><em>disserendi.</em></span> 
     </span>
     <span class='ocr_line' id='line_1_42' title="bbox 205 1920 935 1964; baseline -0.007 -8"><span class='ocrx_word' id='word_1_211' title='bbox 205 1924 280 1956; x_wconf 79' lang='lat' dir='ltr'><em>Fin.</em></span> <span class='ocrx_word' id='word_1_212' title='bbox 295 1935 325 1955; x_wconf 89' lang='lat' dir='ltr'><em>v.</em></span> <span class='ocrx_word' id='word_1_213' title='bbox 343 1927 373 1955; x_wconf 90' lang='grc'><em>5.</em></span> <span class='ocrx_word' id='word_1_214' title='bbox 402 1923 536 1964; x_wconf 84' lang='lat' dir='ltr'><em>Duplex</em></span> <span class='ocrx_word' id='word_1_215' title='bbox 559 1922 724 1952; x_wconf 83' lang='lat' dir='ltr'><em>scribendi</em></span> <span class='ocrx_word' id='word_1_216' title='bbox 744 1931 848 1961; x_wconf 81' lang='lat' dir='ltr'><em>genus</em></span> <span class='ocrx_word' id='word_1_217' title='bbox 862 1920 935 1951; x_wconf 87' lang='lat' dir='ltr'><em>Ari-</em></span> 
     </span>
     <span class='ocr_line' id='line_1_43' title="bbox 207 1965 936 2008; baseline -0.007 -9"><span class='ocrx_word' id='word_1_218' title='bbox 207 1968 351 2006; x_wconf 80' lang='lat' dir='ltr'><em>stotelis,</em></span> <span class='ocrx_word' id='word_1_219' title='bbox 368 1967 528 2008; x_wconf 86' lang='lat' dir='ltr'><em>populare</em></span> <span class='ocrx_word' id='word_1_220' title='bbox 551 1970 585 1996; x_wconf 91' lang='lat' dir='ltr'><em>et</em></span> <span class='ocrx_word' id='word_1_221' title='bbox 603 1965 740 2003; x_wconf 81' lang='lat' dir='ltr'><em>subtile,</em></span> <span class='ocrx_word' id='word_1_222' title='bbox 757 1975 856 1995; x_wconf 81' lang='lat' dir='ltr'><em>causa</em></span> <span class='ocrx_word' id='word_1_223' title='bbox 871 1969 936 2003; x_wconf 85' lang='lat' dir='ltr'><em>est,</em></span> 
     </span>
     <span class='ocr_line' id='line_1_44' title="bbox 209 2008 937 2052; baseline -0.007 -9"><span class='ocrx_word' id='word_1_224' title='bbox 209 2022 310 2052; x_wconf 83' lang='lat' dir='ltr'><em>quare</em></span> <span class='ocrx_word' id='word_1_225' title='bbox 326 2011 497 2042; x_wconf 87' lang='lat' dir='ltr'><em>interdum</em></span> <span class='ocrx_word' id='word_1_226' title='bbox 512 2019 580 2040; x_wconf 89' lang='lat' dir='ltr'><em>non</em></span> <span class='ocrx_word' id='word_1_227' title='bbox 595 2009 684 2040; x_wconf 84' lang='lat' dir='ltr'><em>idem</em></span> <span class='ocrx_word' id='word_1_228' title='bbox 700 2009 810 2039; x_wconf 81' lang='lat' dir='ltr'><em>dicere</em></span> <span class='ocrx_word' id='word_1_229' title='bbox 825 2008 937 2039; x_wconf 86' lang='lat' dir='ltr'><em>videa-</em></span> 
     </span>
     <span class='ocr_line' id='line_1_45' title="bbox 207 2053 937 2095; baseline -0.005 -9"><span class='ocrx_word' id='word_1_230' title='bbox 207 2061 277 2086; x_wconf 87' lang='lat' dir='ltr'><em>tur.</em></span> <span class='ocrx_word' id='word_1_231' title='bbox 324 2055 404 2095; x_wconf 85' lang='lat' dir='ltr'><em>Ejus</em></span> <span class='ocrx_word' id='word_1_232' title='bbox 437 2054 513 2085; x_wconf 85' lang='lat' dir='ltr'><em>libri</em></span> <span class='ocrx_word' id='word_1_233' title='bbox 550 2053 590 2084; x_wconf 89' lang='lat' dir='ltr'><em>de</em></span> <span class='ocrx_word' id='word_1_234' title='bbox 628 2054 790 2091; x_wconf 84' lang='lat' dir='ltr'><em>moribus,</em></span> <span class='ocrx_word' id='word_1_235' title='bbox 818 2056 937 2083; x_wconf 87' lang='lat' dir='ltr'><em>utrum</em></span> 
     </span>
     <span class='ocr_line' id='line_1_46' title="bbox 210 2095 938 2140; baseline -0.004 -10"><span class='ocrx_word' id='word_1_236' title='bbox 210 2100 313 2140; x_wconf 88' lang='lat' dir='ltr'><em>ipsius</em></span> <span class='ocrx_word' id='word_1_237' title='bbox 330 2109 372 2130; x_wconf 84' lang='lat' dir='ltr'><em>an</em></span> <span class='ocrx_word' id='word_1_238' title='bbox 388 2098 475 2129; x_wconf 78' lang='lat' dir='ltr'><em>filii?</em></span> <span class='ocrx_word' id='word_1_239' title='bbox 502 2097 582 2128; x_wconf 85' lang='lat' dir='ltr'><em>Nat.</em></span> <span class='ocrx_word' id='word_1_240' title='bbox 606 2097 650 2128; x_wconf 94' lang='lat' dir='ltr'><em>D.</em></span> <span class='ocrx_word' id='word_1_241' title='bbox 675 2097 695 2128; x_wconf 93' lang='lat' dir='ltr'><em>i.</em></span> <span class='ocrx_word' id='word_1_242' title='bbox 715 2101 764 2128; x_wconf 78' lang='lat'><em>13.</em></span> <span class='ocrx_word' id='word_1_243' title='bbox 798 2095 938 2136; x_wconf 83' lang='lat' dir='ltr'><em>Scripsit</em></span> 
     </span>
     <span class='ocr_line' id='line_1_47' title="bbox 208 2141 937 2184; baseline -0.005 -11"><span class='ocrx_word' id='word_1_244' title='bbox 208 2142 309 2173; x_wconf 87' lang='lat' dir='ltr'><em>libros</em></span> <span class='ocrx_word' id='word_1_245' title='bbox 322 2143 362 2173; x_wconf 86' lang='lat' dir='ltr'><em>de</em></span> <span class='ocrx_word' id='word_1_246' title='bbox 373 2142 595 2184; x_wconf 87' lang='lat' dir='ltr'><em>philosophia,</em></span> <span class='ocrx_word' id='word_1_247' title='bbox 606 2150 745 2181; x_wconf 79' lang='lat' dir='ltr'><em>quoram</em></span> <span class='ocrx_word' id='word_1_248' title='bbox 759 2142 810 2170; x_wconf 82' lang='lat' dir='ltr'><em>lzic</em></span> <span class='ocrx_word' id='word_1_249' title='bbox 820 2141 937 2170; x_wconf 80' lang='lat' dir='ltr'><em>tertius</em></span> 
     </span>
     <span class='ocr_line' id='line_1_48' title="bbox 212 2184 938 2217; baseline -0.004 0"><span class='ocrx_word' id='word_1_250' title='bbox 212 2188 383 2217; x_wconf 72' lang='lat' dir='ltr'><em>laudatur.</em></span> <span class='ocrx_word' id='word_1_251' title='bbox 413 2186 452 2217; x_wconf 92' lang='lat' dir='ltr'><em>In</em></span> <span class='ocrx_word' id='word_1_252' title='bbox 475 2186 646 2216; x_wconf 81' lang='lat' dir='ltr'><em>sententia</em></span> <span class='ocrx_word' id='word_1_253' title='bbox 667 2184 708 2214; x_wconf 87' lang='lat' dir='ltr'><em>de</em></span> <span class='ocrx_word' id='word_1_254' title='bbox 731 2185 803 2215; x_wconf 91' lang='lat' dir='ltr'><em>Deo</em></span> <span class='ocrx_word' id='word_1_255' title='bbox 821 2184 938 2214; x_wconf 80' lang='lat' dir='ltr'><em>incon-</em></span> 
     </span>
     <span class='ocr_line' id='line_1_49' title="bbox 209 2229 937 2261; baseline -0.004 -1"><span class='ocrx_word' id='word_1_256' title='bbox 209 2235 315 2261; x_wconf 74' lang='lat' dir='ltr'><em>stans.</em></span> <span class='ocrx_word' id='word_1_257' title='bbox 333 2230 373 2260; x_wconf 87' lang='lat' dir='ltr'><em>de</em></span> <span class='ocrx_word' id='word_1_258' title='bbox 390 2230 453 2260; x_wconf 80' lang='lat' dir='ltr'><em>Off.</em></span> <span class='ocrx_word' id='word_1_259' title='bbox 469 2231 517 2260; x_wconf 90' lang='lat' dir='ltr'><em>iii.</em></span> <span class='ocrx_word' id='word_1_260' title='bbox 535 2233 564 2261; x_wconf 81' lang='lat'><em>8.</em></span> <span class='ocrx_word' id='word_1_261' title='bbox 594 2229 809 2259; x_wconf 80' lang='lat' dir='ltr'><em>honestatem</em></span> <span class='ocrx_word' id='word_1_262' title='bbox 830 2229 937 2258; x_wconf 78' lang='lat' dir='ltr'><em>omni-</em></span> 
     </span>
     <span class='ocr_line' id='line_1_50' title="bbox 211 2271 937 2314; baseline -0.004 -10"><span class='ocrx_word' id='word_1_263' title='bbox 211 2274 274 2304; x_wconf 90' lang='lat' dir='ltr'><em>bus</em></span> <span class='ocrx_word' id='word_1_264' title='bbox 294 2275 391 2304; x_wconf 86' lang='lat' dir='ltr'><em>rebus</em></span> <span class='ocrx_word' id='word_1_265' title='bbox 411 2273 557 2314; x_wconf 81' lang='lat' dir='ltr'><em>praefert.</em></span> <span class='ocrx_word' id='word_1_266' title='bbox 579 2271 620 2302; x_wconf 83' lang='lat' dir='ltr'><em>de</em></span> <span class='ocrx_word' id='word_1_267' title='bbox 642 2271 713 2302; x_wconf 89' lang='lat' dir='ltr'><strong>Inv.</strong></span> <span class='ocrx_word' id='word_1_268' title='bbox 730 2272 752 2301; x_wconf 91' lang='lat' dir='ltr'><em>i.</em></span> <span class='ocrx_word' id='word_1_269' title='bbox 770 2274 801 2303; x_wconf 86' lang='lat'><em>5.</em></span> <span class='ocrx_word' id='word_1_270' title='bbox 832 2271 937 2312; x_wconf 86' lang='lat' dir='ltr'><em>pluri-</em></span> 
     </span>
     <span class='ocr_line' id='line_1_51' title="bbox 211 2315 936 2357; baseline -0.003 -9"><span class='ocrx_word' id='word_1_271' title='bbox 211 2326 306 2348; x_wconf 89' lang='lat' dir='ltr'><em>mum</em></span> <span class='ocrx_word' id='word_1_272' title='bbox 322 2318 485 2348; x_wconf 76' lang='lat' dir='ltr'><em>Oratoriae</em></span> <span class='ocrx_word' id='word_1_273' title='bbox 500 2317 637 2357; x_wconf 81' lang='lat' dir='ltr'><em>profuit.</em></span> <span class='ocrx_word' id='word_1_274' title='bbox 657 2316 697 2346; x_wconf 84' lang='lat' dir='ltr'><em>de</em></span> <span class='ocrx_word' id='word_1_275' title='bbox 713 2316 807 2346; x_wconf 84' lang='lat' dir='ltr'><em>Orat.</em></span> <span class='ocrx_word' id='word_1_276' title='bbox 822 2315 868 2345; x_wconf 88' lang='lat' dir='ltr'><em>iii.</em></span> <span class='ocrx_word' id='word_1_277' title='bbox 884 2318 936 2346; x_wconf 88' lang='lat'><em>35.</em></span> 
     </span>
     <span class='ocr_line' id='line_1_52' title="bbox 210 2358 938 2401; baseline -0.005 -9"><span class='ocrx_word' id='word_1_278' title='bbox 210 2361 439 2400; x_wconf 84' lang='lat' dir='ltr'><em>eloquentiam</em></span> <span class='ocrx_word' id='word_1_279' title='bbox 453 2361 619 2401; x_wconf 77' lang='lat' dir='ltr'><em>professus</em></span> <span class='ocrx_word' id='word_1_280' title='bbox 635 2366 699 2397; x_wconf 83' lang='lat' dir='ltr'><em>est,</em></span> <span class='ocrx_word' id='word_1_281' title='bbox 712 2359 800 2399; x_wconf 86' lang='lat' dir='ltr'><em>quod</em></span> <span class='ocrx_word' id='word_1_282' title='bbox 809 2358 938 2389; x_wconf 85' lang='lat' dir='ltr'><em>videret</em></span> 
     </span>
     <span class='ocr_line' id='line_1_53' title="bbox 212 2402 938 2443; baseline -0.001 -9"><span class='ocrx_word' id='word_1_283' title='bbox 212 2402 395 2435; x_wconf 80' lang='lat' dir='ltr'><em>Isocratem</em></span> <span class='ocrx_word' id='word_1_284' title='bbox 415 2406 448 2434; x_wconf 93' lang='lat' dir='ltr'><em>in</em></span> <span class='ocrx_word' id='word_1_285' title='bbox 468 2414 507 2434; x_wconf 88' lang='lat' dir='ltr'><em>eo</em></span> <span class='ocrx_word' id='word_1_286' title='bbox 524 2414 644 2443; x_wconf 77' lang='lat' dir='ltr'><em>genere</em></span> <span class='ocrx_word' id='word_1_287' title='bbox 659 2403 878 2442; x_wconf 78' lang='lat' dir='ltr'><em>frequentari.</em></span> <span class='ocrx_word' id='word_1_288' title='bbox 895 2402 938 2433; x_wconf 84' lang='lat' dir='ltr'><em>ad</em></span> 
     </span>
     <span class='ocr_line' id='line_1_54' title="bbox 211 2446 937 2487; baseline -0.003 -9"><span class='ocrx_word' id='word_1_289' title='bbox 211 2449 288 2478; x_wconf 86' lang='lat' dir='ltr'><em>Div.</em></span> <span class='ocrx_word' id='word_1_290' title='bbox 306 2449 327 2478; x_wconf 83' lang='lat' dir='ltr'><em>i.</em></span> <span class='ocrx_word' id='word_1_291' title='bbox 344 2453 375 2483; x_wconf 87' lang='lat'><em>9.</em></span> <span class='ocrx_word' id='word_1_292' title='bbox 405 2449 475 2487; x_wconf 79' lang='lat' dir='ltr'><em>ejus</em></span> <span class='ocrx_word' id='word_1_293' title='bbox 495 2449 580 2477; x_wconf 79' lang='lat' dir='ltr'><em>ratio</em></span> <span class='ocrx_word' id='word_1_294' title='bbox 602 2449 748 2477; x_wconf 82' lang='lat' dir='ltr'><em>oratoria</em></span> <span class='ocrx_word' id='word_1_295' title='bbox 768 2446 876 2477; x_wconf 88' lang='lat' dir='ltr'><em>omnis</em></span> <span class='ocrx_word' id='word_1_296' title='bbox 898 2446 937 2476; x_wconf 89' lang='lat' dir='ltr'><em>li-</em></span> 
     </span>
     <span class='ocr_line' id='line_1_55' title="bbox 211 2491 939 2523; baseline -0.001 -2"><span class='ocrx_word' id='word_1_297' title='bbox 211 2493 277 2523; x_wconf 86' lang='lat' dir='ltr'><em>bris</em></span> <span class='ocrx_word' id='word_1_298' title='bbox 294 2492 334 2522; x_wconf 84' lang='lat' dir='ltr'><em>de</em></span> <span class='ocrx_word' id='word_1_299' title='bbox 346 2492 486 2522; x_wconf 85' lang='lat' dir='ltr'><em>Oratore</em></span> <span class='ocrx_word' id='word_1_300' title='bbox 500 2491 724 2521; x_wconf 82' lang='lat' dir='ltr'><em>Ciceronianis</em></span> <span class='ocrx_word' id='word_1_301' title='bbox 736 2491 939 2521; x_wconf 84' lang='lat' dir='ltr'><em>continetur.</em></span> 
     </span>
     <span class='ocr_line' id='line_1_56' title="bbox 210 2533 938 2572; baseline -0.001 -7"><span class='ocrx_word' id='word_1_302' title='bbox 210 2535 289 2566; x_wconf 88' lang='lat' dir='ltr'><em>ibid.</em></span> <span class='ocrx_word' id='word_1_303' title='bbox 305 2536 515 2566; x_wconf 79' lang='lat' dir='ltr'><em>Aristotelius</em></span> <span class='ocrx_word' id='word_1_304' title='bbox 528 2544 598 2565; x_wconf 84' lang='lat' dir='ltr'><em>mos</em></span> <span class='ocrx_word' id='word_1_305' title='bbox 607 2538 671 2572; x_wconf 81' lang='lat' dir='ltr'><em>est,</em></span> <span class='ocrx_word' id='word_1_306' title='bbox 683 2545 757 2565; x_wconf 80' lang='lat' dir='ltr'><em>cum</em></span> <span class='ocrx_word' id='word_1_307' title='bbox 767 2533 938 2564; x_wconf 79' lang='lat' dir='ltr'><em>scribimus</em></span> 
     </span>
     <span class='ocr_line' id='line_1_57' title="bbox 208 2578 937 2617; baseline -0.004 -7"><span class='ocrx_word' id='word_1_308' title='bbox 208 2579 246 2610; x_wconf 73' lang='lat' dir='ltr'><em>in</em></span> <span class='ocrx_word' id='word_1_309' title='bbox 273 2589 418 2610; x_wconf 72' lang='lat' dir='ltr'><em>sermone</em></span> <span class='ocrx_word' id='word_1_310' title='bbox 444 2590 483 2609; x_wconf 76' lang='lat' dir='ltr'><em>ac</em></span> <span class='ocrx_word' id='word_1_311' title='bbox 512 2580 648 2617; x_wconf 67' lang='lat' dir='ltr'><em>distingo.</em></span> <span class='ocrx_word' id='word_1_312' title='bbox 680 2579 722 2608; x_wconf 83' lang='lat' dir='ltr'><em>ad</em></span> <span class='ocrx_word' id='word_1_313' title='bbox 747 2578 819 2608; x_wconf 78' lang='lat' dir='ltr'><em>Att.</em></span> <span class='ocrx_word' id='word_1_314' title='bbox 847 2578 880 2607; x_wconf 90' lang='lat' dir='ltr'><em>ii.</em></span> <span class='ocrx_word' id='word_1_315' title='bbox 910 2581 937 2608; x_wconf 93' lang='lat' dir='ltr'><em>l.</em></span> 
     </span>
     <span class='ocr_line' id='line_1_58' title="bbox 210 2621 937 2662; baseline -0.001 -10"><span class='ocrx_word' id='word_1_316' title='bbox 210 2622 405 2653; x_wconf 77' lang='lat' dir='ltr'><em>Aristotelia</em></span> <span class='ocrx_word' id='word_1_317' title='bbox 430 2624 604 2662; x_wconf 77' lang='lat' dir='ltr'><em>pigmenta</em></span> <span class='ocrx_word' id='word_1_318' title='bbox 629 2621 661 2651; x_wconf 84' lang='lat' dir='ltr'><em>h.</em></span> <span class='ocrx_word' id='word_1_319' title='bbox 688 2632 716 2652; x_wconf 90' lang='lat' dir='ltr'><em>e.</em></span> <span class='ocrx_word' id='word_1_320' title='bbox 743 2627 937 2652; x_wconf 75' lang='lat' dir='ltr'><em>ornamenta</em></span> 
     </span>
     <span class='ocr_line' id='line_1_59' title="bbox 209 2665 936 2705; baseline -0.001 -9"><span class='ocrx_word' id='word_1_321' title='bbox 209 2668 364 2696; x_wconf 66' lang='lat' dir='ltr'><em>orationis</em></span> <span class='ocrx_word' id='word_1_322' title='bbox 378 2677 418 2698; x_wconf 65' lang='lat' dir='ltr'><em>ex</em></span> <span class='ocrx_word' id='word_1_323' title='bbox 432 2667 613 2696; x_wconf 73' lang='lat' dir='ltr'><em>Aristotelis</em></span> <span class='ocrx_word' id='word_1_324' title='bbox 620 2667 800 2705; x_wconf 64' lang='lat' dir='ltr'><em>praeceptis.</em></span> <span class='ocrx_word' id='word_1_325' title='bbox 829 2665 884 2695; x_wconf 87' lang='lat' dir='ltr'><em>Or.</em></span> <span class='ocrx_word' id='word_1_326' title='bbox 902 2666 936 2695; x_wconf 90' lang='lat' dir='ltr'><em>ii.</em></span> 
     </span>
     <span class='ocr_line' id='line_1_60' title="bbox 210 2708 938 2750; baseline -0.001 -11"><span class='ocrx_word' id='word_1_327' title='bbox 210 2713 263 2744; x_wconf 82' lang='lat'><em>39.</em></span> <span class='ocrx_word' id='word_1_328' title='bbox 289 2709 372 2740; x_wconf 79' lang='lat' dir='ltr'><em>liber</em></span> <span class='ocrx_word' id='word_1_329' title='bbox 387 2711 469 2750; x_wconf 83' lang='lat' dir='ltr'><em>ejus,</em></span> <span class='ocrx_word' id='word_1_330' title='bbox 486 2711 519 2739; x_wconf 93' lang='lat' dir='ltr'><em>in</em></span> <span class='ocrx_word' id='word_1_331' title='bbox 537 2719 601 2748; x_wconf 85' lang='lat' dir='ltr'><em>quo</em></span> <span class='ocrx_word' id='word_1_332' title='bbox 617 2714 704 2739; x_wconf 81' lang='lat' dir='ltr'><em>artes</em></span> <span class='ocrx_word' id='word_1_333' title='bbox 719 2708 850 2739; x_wconf 83' lang='lat' dir='ltr'><em>dicendi</em></span> <span class='ocrx_word' id='word_1_334' title='bbox 866 2719 938 2739; x_wconf 87' lang='lat' dir='ltr'><em>om-</em></span> 
     </span>
     <span class='ocr_line' id='line_1_61' title="bbox 208 2752 902 2794; baseline -0.001 -10"><span class='ocrx_word' id='word_1_335' title='bbox 208 2753 304 2787; x_wconf 81' lang='lat' dir='ltr'><em>nium</em></span> <span class='ocrx_word' id='word_1_336' title='bbox 319 2754 527 2794; x_wconf 84' lang='lat' dir='ltr'><em>superiorum</em></span> <span class='ocrx_word' id='word_1_337' title='bbox 543 2753 700 2783; x_wconf 73' lang='lat' dir='ltr'><em>narravit.</em></span> <span class='ocrx_word' id='word_1_338' title='bbox 716 2753 758 2782; x_wconf 77' lang='lat' dir='ltr'><em>cf.</em></span> <span class='ocrx_word' id='word_1_339' title='bbox 776 2752 846 2782; x_wconf 88' lang='lat' dir='ltr'><strong>Inv.</strong></span> <span class='ocrx_word' id='word_1_340' title='bbox 867 2753 902 2783; x_wconf 92' lang='lat' dir='ltr'><em>ii.</em></span> 
     </span>
    </p>

    <p class='ocr_par' dir='ltr' id='par_1_14' title="bbox 209 2796 936 2881">
     <span class='ocr_line' id='line_1_62' title="bbox 252 2796 936 2835; baseline 0 -8"><span class='ocrx_word' id='word_1_341' title='bbox 252 2798 453 2835; x_wconf 79' lang='lat' dir='ltr'><em>Aristoteles,</em></span> <span class='ocrx_word' id='word_1_342' title='bbox 480 2797 517 2828; x_wconf 89' lang='lat' dir='ltr'><em>A.</em></span> <span class='ocrx_word' id='word_1_343' title='bbox 545 2797 708 2834; x_wconf 80' lang='lat' dir='ltr'><em>Licinius,</em></span> <span class='ocrx_word' id='word_1_344' title='bbox 736 2796 936 2835; x_wconf 80' lang='lat' dir='ltr'><em>Melitensis,</em></span> 
     </span>
     <span class='ocr_line' id='line_1_63' title="bbox 209 2840 837 2881; baseline -0.005 -9"><span class='ocrx_word' id='word_1_345' title='bbox 209 2840 251 2875; x_wconf 66' lang='lat' dir='ltr'><em>ad</em></span> <span class='ocrx_word' id='word_1_346' title='bbox 266 2841 341 2871; x_wconf 89' lang='lat' dir='ltr'><em>Div.</em></span> <span class='ocrx_word' id='word_1_347' title='bbox 358 2841 426 2871; x_wconf 80' lang='lat' dir='ltr'><em>xiii.</em></span> <span class='ocrx_word' id='word_1_348' title='bbox 442 2843 493 2872; x_wconf 75' lang='lat'><strong>552.</strong></span> <span class='ocrx_word' id='word_1_349' title='bbox 522 2840 640 2881; x_wconf 84' lang='lat' dir='ltr'><em>hospes</em></span> <span class='ocrx_word' id='word_1_350' title='bbox 658 2840 837 2871; x_wconf 85' lang='lat' dir='ltr'><em>Ciceronis.</em></span> 
     </span>
    </p>

    <p class='ocr_par' dir='ltr' id='par_1_15' title="bbox 252 2883 940 2923">
     <span class='ocr_line' id='line_1_64' title="bbox 252 2883 940 2923; baseline 0 -6"><span class='ocrx_word' id='word_1_351' title='bbox 252 2885 478 2923; x_wconf 71' lang='lat' dir='ltr'><em>Aristoxenus,</em></span> <span class='ocrx_word' id='word_1_352' title='bbox 511 2884 535 2917; x_wconf 83' lang='lat' dir='ltr'><strong>F</strong></span> <span class='ocrx_word' id='word_1_353' title='bbox 537 2886 581 2916; x_wconf 85' lang='lat' dir='ltr'><em>in.</em></span> <span class='ocrx_word' id='word_1_354' title='bbox 613 2894 644 2917; x_wconf 82' lang='lat' dir='ltr'><em>v.</em></span> <span class='ocrx_word' id='word_1_355' title='bbox 680 2887 729 2919; x_wconf 84' lang='lat'><em>19.</em></span> <span class='ocrx_word' id='word_1_356' title='bbox 774 2883 940 2920; x_wconf 81' lang='lat' dir='ltr'><em>Musicus.</em></span> 
     </span>
    </p>
   </div>
   <div class='ocr_carea' id='block_1_3' title="bbox 726 78 1215 112">
    <p class='ocr_par' dir='ltr' id='par_1_16' title="bbox 726 78 1215 112">
     <span class='ocr_line' id='line_1_65' title="bbox 726 78 1215 112; baseline -0.008 0"><span class='ocrx_word' id='word_1_357' title='bbox 726 78 727 81; x_wconf 36' lang='lat'>¹</span> <span class='ocrx_word' id='word_1_358' title='bbox 757 81 905 112; x_wconf 66' lang='lat' dir='ltr'><em>mmsx</em></span> <span class='ocrx_word' id='word_1_359' title='bbox 935 79 1215 111; x_wconf 74' lang='lat' dir='ltr'><em>ms&#39;romcUS.</em></span> 
     </span>
    </p>
   </div>
   <div class='ocr_carea' id='block_1_4' title="bbox 970 169 1718 2923">
    <p class='ocr_par' dir='ltr' id='par_1_17' title="bbox 975 169 1708 343">
     <span class='ocr_line' id='line_1_66' title="bbox 975 169 1708 212; baseline 0.001 -10"><span class='ocrx_word' id='word_1_360' title='bbox 975 172 1046 202; x_wconf 82' lang='lat' dir='ltr'><em>Att.</em></span> <span class='ocrx_word' id='word_1_361' title='bbox 1062 172 1129 201; x_wconf 86' lang='lat' dir='ltr'><em>viii.</em></span> <span class='ocrx_word' id='word_1_362' title='bbox 1144 174 1176 203; x_wconf 87' lang='grc'><em>4.</em></span> <span class='ocrx_word' id='word_1_363' title='bbox 1199 170 1256 202; x_wconf 89' lang='lat' dir='ltr'><em>Or.</em></span> <span class='ocrx_word' id='word_1_364' title='bbox 1271 170 1317 202; x_wconf 89' lang='lat' dir='ltr'><em>iii.</em></span> <span class='ocrx_word' id='word_1_365' title='bbox 1334 174 1385 202; x_wconf 83' lang='lat'><em>33.</em></span> <span class='ocrx_word' id='word_1_366' title='bbox 1407 169 1507 203; x_wconf 69' lang='lat' dir='ltr'><em>ruse.</em></span> <span class='ocrx_word' id='word_1_367' title='bbox 1518 171 1540 204; x_wconf 89' lang='lat' dir='ltr'><em>i.</em></span> <span class='ocrx_word' id='word_1_368' title='bbox 1554 175 1604 204; x_wconf 91' lang='grc'><em>10.</em></span> <span class='ocrx_word' id='word_1_369' title='bbox 1619 169 1708 212; x_wconf 66' lang='grc' dir='ltr'><em>ᾳιιὶἅ</em></span> 
     </span>
     <span class='ocr_line' id='line_1_67' title="bbox 978 214 1702 247; baseline 0 -1"><span class='ocrx_word' id='word_1_370' title='bbox 978 216 1017 246; x_wconf 88' lang='lat' dir='ltr'><em>de</em></span> <span class='ocrx_word' id='word_1_371' title='bbox 1031 215 1144 245; x_wconf 84' lang='lat' dir='ltr'><em>anima</em></span> <span class='ocrx_word' id='word_1_372' title='bbox 1153 216 1303 245; x_wconf 85' lang='lat' dir='ltr'><em>senserit.</em></span> <span class='ocrx_word' id='word_1_373' title='bbox 1319 214 1396 247; x_wconf 74' lang='lat' dir='ltr'><em>ibid.</em></span> <span class='ocrx_word' id='word_1_374' title='bbox 1417 218 1464 247; x_wconf 82' lang='grc'><em>18.</em></span> <span class='ocrx_word' id='word_1_375' title='bbox 1480 216 1648 247; x_wconf 80' lang='lat' dir='ltr'><em>sententia</em></span> <span class='ocrx_word' id='word_1_376' title='bbox 1658 215 1702 246; x_wconf 81' lang='lat' dir='ltr'><em>de</em></span> 
     </span>
     <span class='ocr_line' id='line_1_68' title="bbox 977 259 1701 299; baseline 0.003 -11"><span class='ocrx_word' id='word_1_377' title='bbox 977 259 1090 289; x_wconf 82' lang='lat' dir='ltr'><em>anima</em></span> <span class='ocrx_word' id='word_1_378' title='bbox 1104 259 1368 299; x_wconf 83' lang='lat' dir='ltr'><em>reprehenditur.</em></span> <span class='ocrx_word' id='word_1_379' title='bbox 1400 259 1588 290; x_wconf 77' lang='lat' dir='ltr'><em>Aristotelis</em></span> <span class='ocrx_word' id='word_1_380' title='bbox 1603 259 1701 291; x_wconf 84' lang='lat' dir='ltr'><em>disci—</em></span> 
     </span>
     <span class='ocr_line' id='line_1_69' title="bbox 976 302 1083 343; baseline -0.009 -10"><span class='ocrx_word' id='word_1_381' title='bbox 976 302 1083 343; x_wconf 82' lang='lat' dir='ltr'><em>pulus.</em></span> 
     </span>
    </p>

    <p class='ocr_par' dir='ltr' id='par_1_18' title="bbox 976 344 1710 770">
     <span class='ocr_line' id='line_1_70' title="bbox 1020 344 1701 384; baseline 0 -9"><span class='ocrx_word' id='word_1_382' title='bbox 1020 345 1163 384; x_wconf 73' lang='lat' dir='ltr'><em>Aristus,</em></span> <span class='ocrx_word' id='word_1_383' title='bbox 1175 346 1404 384; x_wconf 80' lang='lat' dir='ltr'><em>Academicus,</em></span> <span class='ocrx_word' id='word_1_384' title='bbox 1416 346 1486 377; x_wconf 83' lang='lat' dir='ltr'><em>Att.</em></span> <span class='ocrx_word' id='word_1_385' title='bbox 1498 356 1528 376; x_wconf 90' lang='lat' dir='ltr'><em>v.</em></span> <span class='ocrx_word' id='word_1_386' title='bbox 1539 349 1587 377; x_wconf 88' lang='grc'><em>10.</em></span> <span class='ocrx_word' id='word_1_387' title='bbox 1599 344 1701 376; x_wconf 79' lang='lat' dir='ltr'><em>Aead.</em></span> 
     </span>
     <span class='ocr_line' id='line_1_71' title="bbox 979 387 1702 431; baseline -0.001 -12"><span class='ocrx_word' id='word_1_388' title='bbox 979 390 999 419; x_wconf 88' lang='lat' dir='ltr'><em>i.</em></span> <span class='ocrx_word' id='word_1_389' title='bbox 1024 393 1053 420; x_wconf 84' lang='lat'><em>3.</em></span> <span class='ocrx_word' id='word_1_390' title='bbox 1082 390 1186 423; x_wconf 84' lang='lat' dir='ltr'><em>frater</em></span> <span class='ocrx_word' id='word_1_391' title='bbox 1210 390 1379 428; x_wconf 83' lang='lat' dir='ltr'><em>Antiochi,</em></span> <span class='ocrx_word' id='word_1_392' title='bbox 1400 387 1483 431; x_wconf 80' lang='lat' dir='ltr'><em>ejus,</em></span> <span class='ocrx_word' id='word_1_393' title='bbox 1504 391 1560 430; x_wconf 78' lang='lat' dir='ltr'><em>qui</em></span> <span class='ocrx_word' id='word_1_394' title='bbox 1584 392 1702 420; x_wconf 70' lang='lat' dir='ltr'><em>auctor</em></span> 
     </span>
     <span class='ocr_line' id='line_1_72' title="bbox 977 434 1702 475; baseline 0 -13"><span class='ocrx_word' id='word_1_395' title='bbox 977 437 1024 463; x_wconf 86' lang='lat' dir='ltr'><em>est</em></span> <span class='ocrx_word' id='word_1_396' title='bbox 1038 434 1158 473; x_wconf 70' lang='lat' dir='ltr'><em>quintae</em></span> <span class='ocrx_word' id='word_1_397' title='bbox 1173 434 1365 471; x_wconf 73' lang='lat' dir='ltr'><em>Academioe‚</em></span> <span class='ocrx_word' id='word_1_398' title='bbox 1379 435 1417 465; x_wconf 82' lang='lat' dir='ltr'><em>cle</em></span> <span class='ocrx_word' id='word_1_399' title='bbox 1430 444 1491 474; x_wconf 79' lang='lat' dir='ltr'><em>qao</em></span> <span class='ocrx_word' id='word_1_400' title='bbox 1498 443 1613 475; x_wconf 81' lang='lat' dir='ltr'><em>supra.</em></span> <span class='ocrx_word' id='word_1_401' title='bbox 1624 441 1702 472; x_wconf 76' lang='lat' dir='ltr'><em>quo-</em></span> 
     </span>
     <span class='ocr_line' id='line_1_73' title="bbox 978 474 1704 518; baseline 0 -12"><span class='ocrx_word' id='word_1_402' title='bbox 978 486 1052 508; x_wconf 77' lang='lat' dir='ltr'><em>cum</em></span> <span class='ocrx_word' id='word_1_403' title='bbox 1067 474 1293 518; x_wconf 67' lang='lat' dir='ltr'><em>conjungitur.</em></span> <span class='ocrx_word' id='word_1_404' title='bbox 1307 478 1406 508; x_wconf 50' lang='grc' dir='ltr'><strong>Τυδεῖ.</strong></span> <span class='ocrx_word' id='word_1_405' title='bbox 1431 488 1459 508; x_wconf 91' lang='lat' dir='ltr'><em>v.</em></span> <span class='ocrx_word' id='word_1_406' title='bbox 1479 481 1510 509; x_wconf 79' lang='lat'><em>8.</em></span> <span class='ocrx_word' id='word_1_407' title='bbox 1540 477 1596 508; x_wconf 77' lang='lat' dir='ltr'><em>Sic</em></span> <span class='ocrx_word' id='word_1_408' title='bbox 1613 477 1704 508; x_wconf 79' lang='lat' dir='ltr'><em>enim</em></span> 
     </span>
     <span class='ocr_line' id='line_1_74' title="bbox 977 518 1705 560; baseline 0.001 -10"><span class='ocrx_word' id='word_1_409' title='bbox 977 521 1020 550; x_wconf 88' lang='lat' dir='ltr'><em>ibi</em></span> <span class='ocrx_word' id='word_1_410' title='bbox 1035 521 1219 560; x_wconf 77' lang='lat' dir='ltr'><em>tegendum,</em></span> <span class='ocrx_word' id='word_1_411' title='bbox 1235 531 1299 551; x_wconf 81' lang='lat' dir='ltr'><em>non</em></span> <span class='ocrx_word' id='word_1_412' title='bbox 1314 522 1434 553; x_wconf 84' lang='lat' dir='ltr'><em>Aristo.</em></span> <span class='ocrx_word' id='word_1_413' title='bbox 1459 526 1496 552; x_wconf 80' lang='lat' dir='ltr'><em>ut</em></span> <span class='ocrx_word' id='word_1_414' title='bbox 1509 522 1645 552; x_wconf 71' lang='lat' dir='ltr'><em>docuere</em></span> <span class='ocrx_word' id='word_1_415' title='bbox 1657 518 1705 550; x_wconf 71' lang='lat' dir='ltr'><em>ad</em></span> 
     </span>
     <span class='ocr_line' id='line_1_75' title="bbox 976 563 1703 599; baseline -0.001 -5"><span class='ocrx_word' id='word_1_416' title='bbox 976 565 1072 594; x_wconf 74' lang='lat' dir='ltr'><em>illum</em></span> <span class='ocrx_word' id='word_1_417' title='bbox 1096 567 1199 595; x_wconf 74' lang='lat' dir='ltr'><em>locum</em></span> <span class='ocrx_word' id='word_1_418' title='bbox 1222 565 1380 596; x_wconf 72' lang='lat' dir='ltr'><em>Davisius</em></span> <span class='ocrx_word' id='word_1_419' title='bbox 1397 570 1429 596; x_wconf 78' lang='lat' dir='ltr'><em>et</em></span> <span class='ocrx_word' id='word_1_420' title='bbox 1453 566 1630 599; x_wconf 73' lang='lat' dir='ltr'><em>Buherius.</em></span> <span class='ocrx_word' id='word_1_421' title='bbox 1653 563 1703 594; x_wconf 91' lang='lat' dir='ltr'><em>M.</em></span> 
     </span>
     <span class='ocr_line' id='line_1_76' title="bbox 976 608 1702 647; baseline -0.001 -9"><span class='ocrx_word' id='word_1_422' title='bbox 976 608 1073 638; x_wconf 87' lang='lat' dir='ltr'><em>Bruti</em></span> <span class='ocrx_word' id='word_1_423' title='bbox 1100 609 1269 647; x_wconf 66' lang='lat' dir='ltr'><em>magister.</em></span> <span class='ocrx_word' id='word_1_424' title='bbox 1304 608 1511 639; x_wconf 69' lang='lat' dir='ltr'><em>Plutarchus</em></span> <span class='ocrx_word' id='word_1_425' title='bbox 1536 610 1572 639; x_wconf 75' lang='lat' dir='ltr'><em>in</em></span> <span class='ocrx_word' id='word_1_426' title='bbox 1598 609 1702 640; x_wconf 74' lang='lat' dir='ltr'><em>Brut.</em></span> 
     </span>
     <span class='ocr_line' id='line_1_77' title="bbox 977 650 1703 691; baseline -0.001 -10"><span class='ocrx_word' id='word_1_427' title='bbox 977 653 1049 682; x_wconf 79' lang='lat' dir='ltr'><em>init.</em></span> <span class='ocrx_word' id='word_1_428' title='bbox 1073 652 1150 683; x_wconf 83' lang='lat' dir='ltr'><em>adeo</em></span> <span class='ocrx_word' id='word_1_429' title='bbox 1165 650 1248 691; x_wconf 79' lang='grc' dir='ltr'><strong><em>φίλον</em></strong></span> <span class='ocrx_word' id='word_1_430' title='bbox 1263 656 1291 682; x_wconf 81' lang='lat' dir='ltr'><em>et</em></span> <span class='ocrx_word' id='word_1_431' title='bbox 1306 651 1470 691; x_wconf 67' lang='grc' dir='ltr'><strong><em>συμξιῶσ-πν</em></strong></span> <span class='ocrx_word' id='word_1_432' title='bbox 1480 657 1584 684; x_wconf 71' lang='lat' dir='ltr'><em>vocat.</em></span> <span class='ocrx_word' id='word_1_433' title='bbox 1606 652 1703 683; x_wconf 84' lang='lat' dir='ltr'><em>Brut.</em></span> 
     </span>
     <span class='ocr_line' id='line_1_78' title="bbox 976 695 1710 736; baseline 0 -10"><span class='ocrx_word' id='word_1_434' title='bbox 976 700 1028 730; x_wconf 86' lang='lat'><em>97.</em></span> <span class='ocrx_word' id='word_1_435' title='bbox 1047 695 1234 726; x_wconf 75' lang='lat' dir='ltr'><em>Academiae</em></span> <span class='ocrx_word' id='word_1_436' title='bbox 1245 696 1352 734; x_wconf 79' lang='lat' dir='ltr'><em>heres,</em></span> <span class='ocrx_word' id='word_1_437' title='bbox 1361 696 1478 736; x_wconf 82' lang='lat' dir='ltr'><em>hospes</em></span> <span class='ocrx_word' id='word_1_438' title='bbox 1487 701 1521 727; x_wconf 85' lang='lat' dir='ltr'><em>et</em></span> <span class='ocrx_word' id='word_1_439' title='bbox 1529 695 1710 727; x_wconf 47' lang='lat' dir='ltr'><em>familiario.</em></span> 
     </span>
     <span class='ocr_line' id='line_1_79' title="bbox 978 739 1157 770; baseline -0.006 0"><span class='ocrx_word' id='word_1_440' title='bbox 978 739 1157 770; x_wconf 55' lang='lat' dir='ltr'><em>Ciceronis</em></span> 
     </span>
    </p>

    <p class='ocr_par' dir='ltr' id='par_1_19' title="bbox 975 782 1704 858">
     <span class='ocr_line' id='line_1_80' title="bbox 1020 782 1704 822; baseline -0.003 -8"><span class='ocrx_word' id='word_1_441' title='bbox 1020 784 1165 822; x_wconf 78' lang='lat' dir='ltr'><em>Aristus,</em></span> <span class='ocrx_word' id='word_1_442' title='bbox 1182 784 1216 814; x_wconf 91' lang='lat' dir='ltr'><em>in</em></span> <span class='ocrx_word' id='word_1_443' title='bbox 1236 783 1329 814; x_wconf 88' lang='lat' dir='ltr'><em>Verr.</em></span> <span class='ocrx_word' id='word_1_444' title='bbox 1345 783 1388 814; x_wconf 91' lang='lat' dir='ltr'><em>iv.</em></span> <span class='ocrx_word' id='word_1_445' title='bbox 1412 785 1461 814; x_wconf 71' lang='lat'><em>12.</em></span> <span class='ocrx_word' id='word_1_446' title='bbox 1494 782 1704 816; x_wconf 83' lang='lat' dir='ltr'><em>Panormita·</em></span> 
     </span>
     <span class='ocr_line' id='line_1_81' title="bbox 975 837 1049 858; baseline 0.014 -1"><span class='ocrx_word' id='word_1_447' title='bbox 975 837 1049 858; x_wconf 86' lang='lat' dir='ltr'><em>nus.</em></span> 
     </span>
    </p>

    <p class='ocr_par' dir='ltr' id='par_1_20' title="bbox 979 868 1704 946">
     <span class='ocr_line' id='line_1_82' title="bbox 1020 868 1704 911; baseline -0.003 -9"><span class='ocrx_word' id='word_1_448' title='bbox 1020 872 1166 911; x_wconf 67' lang='lat' dir='ltr'><em>Amans,</em></span> <span class='ocrx_word' id='word_1_449' title='bbox 1182 881 1207 902; x_wconf 87' lang='lat' dir='ltr'><em>s.</em></span> <span class='ocrx_word' id='word_1_450' title='bbox 1222 871 1342 908; x_wconf 66' lang='lat' dir='ltr'><em>Amas,</em></span> <span class='ocrx_word' id='word_1_451' title='bbox 1357 870 1474 910; x_wconf 73' lang='lat' dir='ltr'><em>Arqui.</em></span> <span class='ocrx_word' id='word_1_452' title='bbox 1495 870 1576 901; x_wconf 86' lang='lat' dir='ltr'><em>Nat.</em></span> <span class='ocrx_word' id='word_1_453' title='bbox 1597 869 1640 901; x_wconf 92' lang='lat' dir='ltr'><em>D.</em></span> <span class='ocrx_word' id='word_1_454' title='bbox 1655 868 1704 900; x_wconf 81' lang='lat' dir='ltr'><em>iii.</em></span> 
     </span>
     <span class='ocr_line' id='line_1_83' title="bbox 979 914 1398 946; baseline -0.005 0"><span class='ocrx_word' id='word_1_455' title='bbox 979 916 1031 946; x_wconf 72' lang='lat'><em>20.</em></span> <span class='ocrx_word' id='word_1_456' title='bbox 1061 914 1283 946; x_wconf 84' lang='lat' dir='ltr'><em>Thaumantis</em></span> <span class='ocrx_word' id='word_1_457' title='bbox 1300 914 1398 945; x_wconf 81' lang='lat' dir='ltr'><em>filius.</em></span> 
     </span>
    </p>

    <p class='ocr_par' dir='ltr' id='par_1_21' title="bbox 975 956 1712 1305">
     <span class='ocr_line' id='line_1_84' title="bbox 1027 956 1704 996; baseline -0.003 -7"><span class='ocrx_word' id='word_1_458' title='bbox 1027 958 1061 989; x_wconf 90' lang='lat' dir='ltr'><em>C.</em></span> <span class='ocrx_word' id='word_1_459' title='bbox 1087 959 1220 996; x_wconf 71' lang='lat' dir='ltr'><em>Arrius,</em></span> <span class='ocrx_word' id='word_1_460' title='bbox 1251 958 1292 991; x_wconf 71' lang='lat' dir='ltr'><em>ad</em></span> <span class='ocrx_word' id='word_1_461' title='bbox 1316 958 1387 988; x_wconf 61' lang='grc' dir='ltr'><strong>ΑΗ..</strong></span> <span class='ocrx_word' id='word_1_462' title='bbox 1413 958 1446 988; x_wconf 88' lang='lat' dir='ltr'><em>ii.</em></span> <span class='ocrx_word' id='word_1_463' title='bbox 1480 960 1529 988; x_wconf 84' lang='lat'><em>14.</em></span> <span class='ocrx_word' id='word_1_464' title='bbox 1562 959 1612 988; x_wconf 86' lang='lat'><em>15.</em></span> <span class='ocrx_word' id='word_1_465' title='bbox 1642 956 1704 989; x_wconf 78' lang='lat' dir='ltr'><em>&amp;e-</em></span> 
     </span>
     <span class='ocr_line' id='line_1_85' title="bbox 979 1001 1705 1040; baseline -0.003 -8"><span class='ocrx_word' id='word_1_466' title='bbox 979 1002 1106 1032; x_wconf 59' lang='lat' dir='ltr'><em>amicus</em></span> <span class='ocrx_word' id='word_1_467' title='bbox 1137 1003 1304 1033; x_wconf 72' lang='lat' dir='ltr'><em>Ciceronis</em></span> <span class='ocrx_word' id='word_1_468' title='bbox 1333 1006 1368 1031; x_wconf 82' lang='lat' dir='ltr'><em>et</em></span> <span class='ocrx_word' id='word_1_469' title='bbox 1398 1001 1526 1031; x_wconf 85' lang='lat' dir='ltr'><em>vicinus</em></span> <span class='ocrx_word' id='word_1_470' title='bbox 1562 1001 1634 1040; x_wconf 88' lang='lat' dir='ltr'><em>ejus</em></span> <span class='ocrx_word' id='word_1_471' title='bbox 1667 1001 1705 1031; x_wconf 83' lang='lat' dir='ltr'><em>in</em></span> 
     </span>
     <span class='ocr_line' id='line_1_86' title="bbox 980 1045 1704 1084; baseline -0.001 -9"><span class='ocrx_word' id='word_1_472' title='bbox 980 1045 1166 1076; x_wconf 74' lang='lat' dir='ltr'><em>Formiano.</em></span> <span class='ocrx_word' id='word_1_473' title='bbox 1197 1046 1238 1076; x_wconf 78' lang='lat' dir='ltr'><em>ad</em></span> <span class='ocrx_word' id='word_1_474' title='bbox 1264 1046 1304 1084; x_wconf 68' lang='grc' dir='ltr'><em>Ω.</em></span> <span class='ocrx_word' id='word_1_475' title='bbox 1334 1045 1386 1076; x_wconf 87' lang='lat' dir='ltr'><em>Fr.</em></span> <span class='ocrx_word' id='word_1_476' title='bbox 1416 1045 1437 1076; x_wconf 89' lang='lat' dir='ltr'><em>i.</em></span> <span class='ocrx_word' id='word_1_477' title='bbox 1467 1048 1498 1076; x_wconf 85' lang='lat'><em>3.</em></span> <span class='ocrx_word' id='word_1_478' title='bbox 1534 1053 1704 1076; x_wconf 84' lang='lat' dir='ltr'><em>summam</em></span> 
     </span>
     <span class='ocr_line' id='line_1_87' title="bbox 980 1088 1705 1126; baseline -0.001 -7"><span class='ocrx_word' id='word_1_479' title='bbox 980 1090 1163 1119; x_wconf 80' lang='lat' dir='ltr'><em>amicitiam</em></span> <span class='ocrx_word' id='word_1_480' title='bbox 1178 1099 1255 1119; x_wconf 81' lang='lat' dir='ltr'><em>cuin</em></span> <span class='ocrx_word' id='word_1_481' title='bbox 1268 1090 1427 1120; x_wconf 79' lang='lat' dir='ltr'><em>Cicerone</em></span> <span class='ocrx_word' id='word_1_482' title='bbox 1438 1088 1612 1126; x_wconf 85' lang='lat' dir='ltr'><em>simulans,</em></span> <span class='ocrx_word' id='word_1_483' title='bbox 1624 1097 1705 1118; x_wconf 84' lang='lat' dir='ltr'><em>eum</em></span> 
     </span>
     <span class='ocr_line' id='line_1_88' title="bbox 978 1131 1707 1172; baseline -0.001 -10"><span class='ocrx_word' id='word_1_484' title='bbox 978 1133 1132 1164; x_wconf 80' lang='lat' dir='ltr'><em>insidiose</em></span> <span class='ocrx_word' id='word_1_485' title='bbox 1148 1138 1284 1164; x_wconf 73' lang='lat' dir='ltr'><em>tractat.</em></span> <span class='ocrx_word' id='word_1_486' title='bbox 1308 1132 1373 1163; x_wconf 82' lang='lat' dir='ltr'><em>Sed</em></span> <span class='ocrx_word' id='word_1_487' title='bbox 1374 1131 1524 1172; x_wconf 62' lang='lat' dir='ltr'><em>fiii-tasse</em></span> <span class='ocrx_word' id='word_1_488' title='bbox 1535 1133 1637 1162; x_wconf 84' lang='lat' dir='ltr'><em>etiam</em></span> <span class='ocrx_word' id='word_1_489' title='bbox 1647 1133 1707 1162; x_wconf 74' lang='lat' dir='ltr'><em>hoe</em></span> 
     </span>
     <span class='ocr_line' id='line_1_89' title="bbox 978 1175 1706 1216; baseline -0.001 -9"><span class='ocrx_word' id='word_1_490' title='bbox 978 1179 1121 1209; x_wconf 36' lang='lat' dir='ltr'><em>altem-721.</em></span> <span class='ocrx_word' id='word_1_491' title='bbox 1138 1178 1183 1208; x_wconf 84' lang='lat' dir='ltr'><em>ad</em></span> <span class='ocrx_word' id='word_1_492' title='bbox 1198 1178 1235 1209; x_wconf 84' lang='lat'><em>0.</em></span> <span class='ocrx_word' id='word_1_493' title='bbox 1248 1176 1448 1216; x_wconf 71' lang='lat' dir='ltr'><em>ArriumfiL</em></span> <span class='ocrx_word' id='word_1_494' title='bbox 1458 1175 1579 1216; x_wconf 56' lang='lat' dir='ltr'><em>reterri</em></span> <span class='ocrx_word' id='word_1_495' title='bbox 1586 1179 1706 1216; x_wconf 77' lang='lat' dir='ltr'><em>potest,</em></span> 
     </span>
     <span class='ocr_line' id='line_1_90' title="bbox 977 1207 1712 1267; baseline -0.003 -16"><span class='ocrx_word' id='word_1_496' title='bbox 977 1231 1072 1267; x_wconf 64' lang='lat' dir='ltr'><em>quem</em></span> <span class='ocrx_word' id='word_1_497' title='bbox 1088 1207 1285 1260; x_wconf 48' lang='lat' dir='ltr'><em>{ymen-Milan</em></span> <span class='ocrx_word' id='word_1_498' title='bbox 1310 1222 1358 1251; x_wconf 70' lang='lat'><em>12.</em></span> <span class='ocrx_word' id='word_1_499' title='bbox 1370 1219 1582 1260; x_wconf 68' lang='lat' dir='ltr'><em>‚sambiarem</em></span> <span class='ocrx_word' id='word_1_500' title='bbox 1603 1227 1712 1250; x_wconf 65' lang='lat' dir='ltr'><em>ammanv</em></span> 
     </span>
     <span class='ocr_line' id='line_1_91' title="bbox 975 1266 1130 1305; baseline 0 -10"><span class='ocrx_word' id='word_1_501' title='bbox 975 1266 1130 1305; x_wconf 73' lang='lat' dir='ltr'><em>appellat.</em></span> 
     </span>
    </p>

    <p class='ocr_par' dir='ltr' id='par_1_22' title="bbox 970 1306 1712 1654">
     <span class='ocr_line' id='line_1_92' title="bbox 1021 1306 1708 1350; baseline -0.001 -11"><span class='ocrx_word' id='word_1_502' title='bbox 1021 1309 1065 1350; x_wconf 68' lang='grc'><em>,9.</em></span> <span class='ocrx_word' id='word_1_503' title='bbox 1080 1309 1214 1345; x_wconf 79' lang='lat' dir='ltr'><em>Arrias,</em></span> <span class='ocrx_word' id='word_1_504' title='bbox 1230 1307 1285 1338; x_wconf 62' lang='grc' dir='ltr'><em>ΒΥ.</em></span> <span class='ocrx_word' id='word_1_505' title='bbox 1302 1308 1355 1342; x_wconf 86' lang='grc'><em>69.</em></span> <span class='ocrx_word' id='word_1_506' title='bbox 1381 1311 1477 1346; x_wconf 80' lang='lat' dir='ltr'><em>grata</em></span> <span class='ocrx_word' id='word_1_507' title='bbox 1493 1306 1618 1348; x_wconf 76' lang='lat' dir='ltr'><em>populo</em></span> <span class='ocrx_word' id='word_1_508' title='bbox 1632 1315 1708 1338; x_wconf 59' lang='lat' dir='ltr'><em>veh</em></span> 
     </span>
     <span class='ocr_line' id='line_1_93' title="bbox 976 1349 1707 1392; baseline -0.003 -9"><span class='ocrx_word' id='word_1_509' title='bbox 976 1352 1095 1383; x_wconf 88' lang='lat' dir='ltr'><em>borum</em></span> <span class='ocrx_word' id='word_1_510' title='bbox 1111 1352 1207 1392; x_wconf 81' lang='lat' dir='ltr'><em>copia</em></span> <span class='ocrx_word' id='word_1_511' title='bbox 1224 1351 1302 1387; x_wconf 72' lang='lat' dir='ltr'><em>fuit,</em></span> <span class='ocrx_word' id='word_1_512' title='bbox 1319 1361 1397 1391; x_wconf 82' lang='lat' dir='ltr'><em>qua,</em></span> <span class='ocrx_word' id='word_1_513' title='bbox 1413 1352 1532 1382; x_wconf 87' lang='lat' dir='ltr'><em>infimo</em></span> <span class='ocrx_word' id='word_1_514' title='bbox 1551 1349 1625 1381; x_wconf 82' lang='lat' dir='ltr'><em>loeo</em></span> <span class='ocrx_word' id='word_1_515' title='bbox 1646 1359 1707 1380; x_wconf 87' lang='lat' dir='ltr'><em>na-</em></span> 
     </span>
     <span class='ocr_line' id='line_1_94' title="bbox 976 1396 1706 1437; baseline -0.001 -11"><span class='ocrx_word' id='word_1_516' title='bbox 976 1399 1045 1434; x_wconf 80' lang='lat' dir='ltr'><em>tus,</em></span> <span class='ocrx_word' id='word_1_517' title='bbox 1074 1396 1254 1437; x_wconf 88' lang='lat' dir='ltr'><em>pecuniam</em></span> <span class='ocrx_word' id='word_1_518' title='bbox 1281 1400 1314 1425; x_wconf 82' lang='lat' dir='ltr'><em>et</em></span> <span class='ocrx_word' id='word_1_519' title='bbox 1340 1396 1482 1426; x_wconf 85' lang='lat' dir='ltr'><em>honores</em></span> <span class='ocrx_word' id='word_1_520' title='bbox 1505 1399 1706 1426; x_wconf 79' lang='lat' dir='ltr'><em>consecutus</em></span> 
     </span>
     <span class='ocr_line' id='line_1_95' title="bbox 978 1439 1708 1478; baseline 0 -9"><span class='ocrx_word' id='word_1_521' title='bbox 978 1443 1040 1470; x_wconf 79' lang='lat' dir='ltr'><em>est.</em></span> <span class='ocrx_word' id='word_1_522' title='bbox 1062 1441 1121 1470; x_wconf 90' lang='lat' dir='ltr'><em>&amp;c.</em></span> <span class='ocrx_word' id='word_1_523' title='bbox 1142 1439 1235 1470; x_wconf 87' lang='lat' dir='ltr'><em>Verr.</em></span> <span class='ocrx_word' id='word_1_524' title='bbox 1255 1439 1289 1469; x_wconf 88' lang='lat' dir='ltr'><em>ii.</em></span> <span class='ocrx_word' id='word_1_525' title='bbox 1315 1443 1362 1470; x_wconf 80' lang='lat'><em>15.</em></span> <span class='ocrx_word' id='word_1_526' title='bbox 1382 1443 1417 1469; x_wconf 88' lang='lat' dir='ltr'><em>et</em></span> <span class='ocrx_word' id='word_1_527' title='bbox 1434 1439 1477 1469; x_wconf 88' lang='lat' dir='ltr'><em>iv.</em></span> <span class='ocrx_word' id='word_1_528' title='bbox 1497 1441 1550 1471; x_wconf 74' lang='lat'><em>20.</em></span> <span class='ocrx_word' id='word_1_529' title='bbox 1581 1442 1708 1478; x_wconf 80' lang='lat' dir='ltr'><em>praetor</em></span> 
     </span>
     <span class='ocr_line' id='line_1_96' title="bbox 978 1481 1705 1522; baseline 0.001 -10"><span class='ocrx_word' id='word_1_530' title='bbox 978 1483 1098 1514; x_wconf 80' lang='lat' dir='ltr'><em>Siciliae</em></span> <span class='ocrx_word' id='word_1_531' title='bbox 1121 1483 1327 1522; x_wconf 64' lang='lat' dir='ltr'><em>designatus,</em></span> <span class='ocrx_word' id='word_1_532' title='bbox 1343 1492 1406 1512; x_wconf 86' lang='lat' dir='ltr'><em>non</em></span> <span class='ocrx_word' id='word_1_533' title='bbox 1427 1483 1578 1513; x_wconf 76' lang='lat' dir='ltr'><em>successit</em></span> <span class='ocrx_word' id='word_1_534' title='bbox 1594 1481 1705 1521; x_wconf 66' lang='lat' dir='ltr'><em>Veni,</em></span> 
     </span>
     <span class='ocr_line' id='line_1_97' title="bbox 977 1527 1708 1567; baseline -0.001 -9"><span class='ocrx_word' id='word_1_535' title='bbox 977 1529 1062 1567; x_wconf 79' lang='lat' dir='ltr'><em>quod</em></span> <span class='ocrx_word' id='word_1_536' title='bbox 1067 1532 1177 1558; x_wconf 63' lang='lat' dir='ltr'><em>exorto</em></span> <span class='ocrx_word' id='word_1_537' title='bbox 1188 1528 1264 1557; x_wconf 80' lang='lat' dir='ltr'><em>bello</em></span> <span class='ocrx_word' id='word_1_538' title='bbox 1279 1527 1389 1557; x_wconf 67' lang='lat' dir='ltr'><em>serviti</em></span> <span class='ocrx_word' id='word_1_539' title='bbox 1403 1527 1522 1557; x_wconf 82' lang='lat' dir='ltr'><em>missus</em></span> <span class='ocrx_word' id='word_1_540' title='bbox 1533 1530 1582 1557; x_wconf 78' lang='lat' dir='ltr'><em>est</em></span> <span class='ocrx_word' id='word_1_541' title='bbox 1592 1530 1708 1560; x_wconf 77' lang='lat' dir='ltr'><em>contra</em></span> 
     </span>
     <span class='ocr_line' id='line_1_98' title="bbox 984 1570 1708 1609; baseline 0 -8"><span class='ocrx_word' id='word_1_542' title='bbox 984 1570 1121 1602; x_wconf 67' lang='lat' dir='ltr'><em>Crirum</em></span> <span class='ocrx_word' id='word_1_543' title='bbox 1143 1576 1175 1602; x_wconf 84' lang='lat' dir='ltr'><em>et</em></span> <span class='ocrx_word' id='word_1_544' title='bbox 1198 1571 1420 1608; x_wconf 62' lang='lat' dir='ltr'><em>Spartacum.-</em></span> <span class='ocrx_word' id='word_1_545' title='bbox 1446 1578 1586 1609; x_wconf 77' lang='lat' dir='ltr'><em>quorum</em></span> <span class='ocrx_word' id='word_1_546' title='bbox 1609 1570 1708 1601; x_wconf 76' lang='lat' dir='ltr'><em>illum</em></span> 
     </span>
     <span class='ocr_line' id='line_1_99' title="bbox 970 1612 1712 1654; baseline 0.003 -11"><span class='ocrx_word' id='word_1_547' title='bbox 970 1614 1179 1654; x_wconf 70' lang='lat' dir='ltr'><em>profligavit,</em></span> <span class='ocrx_word' id='word_1_548' title='bbox 1195 1616 1236 1644; x_wconf 81' lang='lat' dir='ltr'><em>ab</em></span> <span class='ocrx_word' id='word_1_549' title='bbox 1259 1615 1315 1643; x_wconf 70' lang='lat' dir='ltr'><em>hoc</em></span> <span class='ocrx_word' id='word_1_550' title='bbox 1328 1615 1434 1644; x_wconf 76' lang='lat' dir='ltr'><em>victus</em></span> <span class='ocrx_word' id='word_1_551' title='bbox 1446 1617 1504 1644; x_wconf 83' lang='lat' dir='ltr'><em>est.</em></span> <span class='ocrx_word' id='word_1_552' title='bbox 1519 1612 1596 1644; x_wconf 70' lang='lat' dir='ltr'><strong>Lz‘v.</strong></span> <span class='ocrx_word' id='word_1_553' title='bbox 1609 1612 1712 1653; x_wconf 60' lang='lat' dir='ltr'><strong>Epa.</strong></span> 
     </span>
    </p>

    <p class='ocr_par' dir='ltr' id='par_1_23' title="bbox 977 1699 1710 2222">
     <span class='ocr_line' id='line_1_100' title="bbox 1021 1699 1710 1743; baseline 0.001 -12"><span class='ocrx_word' id='word_1_554' title='bbox 1021 1701 1066 1743; x_wconf 68' lang='lat' dir='ltr'><em>Q.</em></span> <span class='ocrx_word' id='word_1_555' title='bbox 1081 1701 1215 1737; x_wconf 64' lang='lat' dir='ltr'><em>Arrius,</em></span> <span class='ocrx_word' id='word_1_556' title='bbox 1232 1700 1273 1730; x_wconf 90' lang='lat' dir='ltr'><em>ad</em></span> <span class='ocrx_word' id='word_1_557' title='bbox 1296 1700 1366 1730; x_wconf 80' lang='lat' dir='ltr'><em>Att.</em></span> <span class='ocrx_word' id='word_1_558' title='bbox 1391 1700 1424 1730; x_wconf 91' lang='lat' dir='ltr'><em>ii.</em></span> <span class='ocrx_word' id='word_1_559' title='bbox 1449 1703 1478 1731; x_wconf 88' lang='lat'><em>5.</em></span> <span class='ocrx_word' id='word_1_560' title='bbox 1510 1699 1710 1732; x_wconf 81' lang='lat' dir='ltr'><em>destituitur</em></span> 
     </span>
     <span class='ocr_line' id='line_1_101' title="bbox 978 1743 1707 1786; baseline 0.001 -11"><span class='ocrx_word' id='word_1_561' title='bbox 978 1745 1012 1776; x_wconf 88' lang='lat' dir='ltr'><em>in</em></span> <span class='ocrx_word' id='word_1_562' title='bbox 1025 1745 1187 1786; x_wconf 86' lang='lat' dir='ltr'><em>petitione</em></span> <span class='ocrx_word' id='word_1_563' title='bbox 1201 1744 1402 1774; x_wconf 85' lang='lat' dir='ltr'><em>Consulatus</em></span> <span class='ocrx_word' id='word_1_564' title='bbox 1417 1753 1438 1774; x_wconf 87' lang='lat' dir='ltr'><em>a</em></span> <span class='ocrx_word' id='word_1_565' title='bbox 1449 1743 1592 1782; x_wconf 83' lang='lat' dir='ltr'><em>Caesare,</em></span> <span class='ocrx_word' id='word_1_566' title='bbox 1605 1754 1707 1784; x_wconf 81' lang='lat' dir='ltr'><em>quem</em></span> 
     </span>
     <span class='ocr_line' id='line_1_102' title="bbox 978 1787 1708 1829; baseline 0.003 -11"><span class='ocrx_word' id='word_1_567' title='bbox 978 1789 1048 1829; x_wconf 87' lang='lat' dir='ltr'><em>ipse</em></span> <span class='ocrx_word' id='word_1_568' title='bbox 1065 1792 1142 1819; x_wconf 87' lang='lat' dir='ltr'><em>ante</em></span> <span class='ocrx_word' id='word_1_569' title='bbox 1152 1789 1298 1827; x_wconf 82' lang='lat' dir='ltr'><em>juverat.</em></span> <span class='ocrx_word' id='word_1_570' title='bbox 1326 1788 1403 1819; x_wconf 83' lang='lat' dir='ltr'><em>Vat.</em></span> <span class='ocrx_word' id='word_1_571' title='bbox 1423 1790 1471 1820; x_wconf 76' lang='lat'><em>12.</em></span> <span class='ocrx_word' id='word_1_572' title='bbox 1495 1787 1635 1828; x_wconf 86' lang='lat' dir='ltr'><em>epulum</em></span> <span class='ocrx_word' id='word_1_573' title='bbox 1649 1789 1708 1820; x_wconf 75' lang='lat' dir='ltr'><em>de-</em></span> 
     </span>
     <span class='ocr_line' id='line_1_103' title="bbox 979 1831 1709 1872; baseline 0.003 -10"><span class='ocrx_word' id='word_1_574' title='bbox 979 1833 1030 1862; x_wconf 83' lang='lat' dir='ltr'><em>dit</em></span> <span class='ocrx_word' id='word_1_575' title='bbox 1044 1833 1079 1863; x_wconf 89' lang='lat' dir='ltr'><em>in</em></span> <span class='ocrx_word' id='word_1_576' title='bbox 1094 1832 1255 1862; x_wconf 86' lang='lat' dir='ltr'><em>honorem</em></span> <span class='ocrx_word' id='word_1_577' title='bbox 1271 1832 1388 1872; x_wconf 84' lang='lat' dir='ltr'><em>patris,</em></span> <span class='ocrx_word' id='word_1_578' title='bbox 1406 1831 1531 1863; x_wconf 66' lang='lat' dir='ltr'><em>&amp;esav-e</em></span> <span class='ocrx_word' id='word_1_579' title='bbox 1543 1836 1575 1863; x_wconf 86' lang='lat' dir='ltr'><em>et</em></span> <span class='ocrx_word' id='word_1_580' title='bbox 1586 1833 1709 1865; x_wconf 80' lang='lat' dir='ltr'><em>Bibulo</em></span> 
     </span>
     <span class='ocr_line' id='line_1_104' title="bbox 983 1877 1710 1916; baseline 0.001 -9"><span class='ocrx_word' id='word_1_581' title='bbox 983 1877 1064 1907; x_wconf 84' lang='lat' dir='ltr'><em>Coss.</em></span> <span class='ocrx_word' id='word_1_582' title='bbox 1089 1877 1124 1907; x_wconf 92' lang='lat' dir='ltr'><em>Is</em></span> <span class='ocrx_word' id='word_1_583' title='bbox 1142 1881 1188 1906; x_wconf 80' lang='lat' dir='ltr'><em>est</em></span> <span class='ocrx_word' id='word_1_584' title='bbox 1204 1877 1317 1914; x_wconf 80' lang='lat' dir='ltr'><em>etiam,</em></span> <span class='ocrx_word' id='word_1_585' title='bbox 1332 1886 1427 1916; x_wconf 79' lang='lat' dir='ltr'><em>quem</em></span> <span class='ocrx_word' id='word_1_586' title='bbox 1446 1878 1591 1908; x_wconf 75' lang='lat' dir='ltr'><em>amicum</em></span> <span class='ocrx_word' id='word_1_587' title='bbox 1607 1887 1710 1908; x_wconf 74' lang='lat' dir='ltr'><em>suum-</em></span> 
     </span>
     <span class='ocr_line' id='line_1_105' title="bbox 977 1917 1708 1960; baseline 0.003 -10"><span class='ocrx_word' id='word_1_588' title='bbox 977 1924 1082 1957; x_wconf 82' lang='lat' dir='ltr'><em>vooat,</em></span> <span class='ocrx_word' id='word_1_589' title='bbox 1099 1930 1136 1960; x_wconf 82' lang='lat' dir='ltr'><em>p.</em></span> <span class='ocrx_word' id='word_1_590' title='bbox 1161 1920 1276 1950; x_wconf 69' lang='lat' dir='ltr'><em>Micon.</em></span> <span class='ocrx_word' id='word_1_591' title='bbox 1303 1930 1329 1949; x_wconf 78' lang='lat' dir='ltr'><em>e.</em></span> <span class='ocrx_word' id='word_1_592' title='bbox 1357 1923 1406 1953; x_wconf 88' lang='lat'><em>17.</em></span> <span class='ocrx_word' id='word_1_593' title='bbox 1436 1917 1574 1951; x_wconf 70' lang='lat' dir='ltr'><em>Videtur</em></span> <span class='ocrx_word' id='word_1_594' title='bbox 1593 1925 1708 1952; x_wconf 76' lang='lat' dir='ltr'><em>autem</em></span> 
     </span>
     <span class='ocr_line' id='line_1_106' title="bbox 978 1962 1709 2004; baseline 0.003 -10"><span class='ocrx_word' id='word_1_595' title='bbox 978 1974 1043 1994; x_wconf 77' lang='lat' dir='ltr'><em>esse</em></span> <span class='ocrx_word' id='word_1_596' title='bbox 1045 1964 1146 2004; x_wconf 79' lang='lat' dir='ltr'><em>filius</em></span> <span class='ocrx_word' id='word_1_597' title='bbox 1160 1964 1204 2004; x_wconf 69' lang='lat' dir='ltr'><em>Q.</em></span> <span class='ocrx_word' id='word_1_598' title='bbox 1220 1965 1315 1994; x_wconf 82' lang='lat' dir='ltr'><em>Arrii</em></span> <span class='ocrx_word' id='word_1_599' title='bbox 1338 1962 1497 1994; x_wconf 74' lang='lat' dir='ltr'><em>Proetoris</em></span> <span class='ocrx_word' id='word_1_600' title='bbox 1517 1964 1636 1996; x_wconf 74' lang='lat' dir='ltr'><em>Sieilioe</em></span> <span class='ocrx_word' id='word_1_601' title='bbox 1653 1965 1709 1996; x_wconf 84' lang='lat' dir='ltr'><em>de—</em></span> 
     </span>
     <span class='ocr_line' id='line_1_107' title="bbox 977 2007 1710 2049; baseline 0.003 -11"><span class='ocrx_word' id='word_1_602' title='bbox 977 2009 1114 2047; x_wconf 79' lang='lat' dir='ltr'><em>signati,</em></span> <span class='ocrx_word' id='word_1_603' title='bbox 1131 2011 1162 2038; x_wconf 83' lang='lat' dir='ltr'><em>et</em></span> <span class='ocrx_word' id='word_1_604' title='bbox 1176 2009 1233 2038; x_wconf 78' lang='grc' dir='ltr'><em>Ιιοι·</em></span> <span class='ocrx_word' id='word_1_605' title='bbox 1242 2009 1375 2048; x_wconf 74' lang='lat' dir='ltr'><em>epulum</em></span> <span class='ocrx_word' id='word_1_606' title='bbox 1385 2007 1506 2038; x_wconf 74' lang='lat' dir='ltr'><em>dedisse</em></span> <span class='ocrx_word' id='word_1_607' title='bbox 1516 2018 1589 2039; x_wconf 87' lang='lat' dir='ltr'><em>eam</em></span> <span class='ocrx_word' id='word_1_608' title='bbox 1601 2010 1710 2049; x_wconf 84' lang='lat' dir='ltr'><em>ipsam</em></span> 
     </span>
     <span class='ocr_line' id='line_1_108' title="bbox 979 2052 1707 2093; baseline 0.001 -11"><span class='ocrx_word' id='word_1_609' title='bbox 979 2052 1015 2082; x_wconf 81' lang='lat' dir='ltr'><em>ob</em></span> <span class='ocrx_word' id='word_1_610' title='bbox 1038 2061 1186 2090; x_wconf 77' lang='lat' dir='ltr'><em>eausam,</em></span> <span class='ocrx_word' id='word_1_611' title='bbox 1208 2056 1246 2082; x_wconf 81' lang='lat' dir='ltr'><em>ut</em></span> <span class='ocrx_word' id='word_1_612' title='bbox 1264 2053 1378 2092; x_wconf 76' lang='lat' dir='ltr'><em>populi</em></span> <span class='ocrx_word' id='word_1_613' title='bbox 1399 2061 1522 2082; x_wconf 76' lang='lat' dir='ltr'><em>auram</em></span> <span class='ocrx_word' id='word_1_614' title='bbox 1544 2056 1707 2093; x_wconf 64' lang='lat' dir='ltr'><em>captaret,</em></span> 
     </span>
     <span class='ocr_line' id='line_1_109' title="bbox 979 2095 1710 2136; baseline 0.001 -10"><span class='ocrx_word' id='word_1_615' title='bbox 979 2097 1183 2126; x_wconf 78' lang='lat' dir='ltr'><em>consulatum</em></span> <span class='ocrx_word' id='word_1_616' title='bbox 1200 2097 1377 2136; x_wconf 70' lang='lat' dir='ltr'><em>pet-iturus.</em></span> <span class='ocrx_word' id='word_1_617' title='bbox 1405 2095 1628 2136; x_wconf 66' lang='lat' dir='ltr'><em>Magnificum</em></span> <span class='ocrx_word' id='word_1_618' title='bbox 1650 2097 1710 2127; x_wconf 74' lang='lat' dir='ltr'><em>hoe</em></span> 
     </span>
     <span class='ocr_line' id='line_1_110' title="bbox 979 2137 1708 2179; baseline 0.001 -9"><span class='ocrx_word' id='word_1_619' title='bbox 979 2141 1112 2179; x_wconf 78' lang='lat' dir='ltr'><em>epulam</em></span> <span class='ocrx_word' id='word_1_620' title='bbox 1124 2137 1235 2179; x_wconf 80' lang='lat' dir='ltr'><em>fuisse</em></span> <span class='ocrx_word' id='word_1_621' title='bbox 1249 2141 1302 2170; x_wconf 81' lang='lat' dir='ltr'><em>vel</em></span> <span class='ocrx_word' id='word_1_622' title='bbox 1313 2139 1450 2171; x_wconf 81' lang='lat' dir='ltr'><em>Horatii</em></span> <span class='ocrx_word' id='word_1_623' title='bbox 1463 2141 1551 2170; x_wconf 81' lang='lat' dir='ltr'><em>locus</em></span> <span class='ocrx_word' id='word_1_624' title='bbox 1569 2141 1708 2179; x_wconf 73' lang='lat' dir='ltr'><em>indicat,</em></span> 
     </span>
     <span class='ocr_line' id='line_1_111' title="bbox 981 2182 1191 2222; baseline -0.005 -8"><span class='ocrx_word' id='word_1_625' title='bbox 981 2182 1095 2222; x_wconf 78' lang='lat' dir='ltr'><em>Satyr.</em></span> <span class='ocrx_word' id='word_1_626' title='bbox 1111 2183 1144 2213; x_wconf 88' lang='lat' dir='ltr'><em>ii.</em></span> <span class='ocrx_word' id='word_1_627' title='bbox 1162 2186 1191 2214; x_wconf 88' lang='grc'><em>3.</em></span> 
     </span>
    </p>

    <p class='ocr_par' dir='ltr' id='par_1_24' title="bbox 978 2224 1712 2389">
     <span class='ocr_line' id='line_1_112' title="bbox 1025 2224 1712 2265; baseline 0.001 -8"><span class='ocrx_word' id='word_1_628' title='bbox 1025 2227 1175 2265; x_wconf 78' lang='lat' dir='ltr'><em>Arsaces,</em></span> <span class='ocrx_word' id='word_1_629' title='bbox 1198 2225 1241 2256; x_wconf 82' lang='lat' dir='ltr'><em>ad</em></span> <span class='ocrx_word' id='word_1_630' title='bbox 1261 2226 1339 2257; x_wconf 87' lang='lat' dir='ltr'><em>Div.</em></span> <span class='ocrx_word' id='word_1_631' title='bbox 1362 2226 1428 2257; x_wconf 90' lang='lat' dir='ltr'><em>viii.</em></span> <span class='ocrx_word' id='word_1_632' title='bbox 1455 2228 1505 2257; x_wconf 89' lang='lat'><em>14.</em></span> <span class='ocrx_word' id='word_1_633' title='bbox 1533 2224 1607 2258; x_wconf 80' lang='lat' dir='ltr'><em>Rex</em></span> <span class='ocrx_word' id='word_1_634' title='bbox 1629 2226 1712 2258; x_wconf 54' lang='lat' dir='ltr'><em>Pax*-</em></span> 
     </span>
     <span class='ocr_line' id='line_1_113' title="bbox 978 2269 1709 2311; baseline 0.001 -11"><span class='ocrx_word' id='word_1_635' title='bbox 978 2270 1116 2300; x_wconf 85' lang='lat' dir='ltr'><em>thorum</em></span> <span class='ocrx_word' id='word_1_636' title='bbox 1131 2283 1140 2309; x_wconf 82' lang='lat'>3</span> <span class='ocrx_word' id='word_1_637' title='bbox 1166 2279 1310 2310; x_wconf 84' lang='lat' dir='ltr'><em>quocum</em></span> <span class='ocrx_word' id='word_1_638' title='bbox 1325 2269 1441 2300; x_wconf 88' lang='lat' dir='ltr'><em>Cicero</em></span> <span class='ocrx_word' id='word_1_639' title='bbox 1460 2270 1586 2301; x_wconf 89' lang='lat' dir='ltr'><em>bellum</em></span> <span class='ocrx_word' id='word_1_640' title='bbox 1605 2271 1709 2311; x_wconf 80' lang='lat' dir='ltr'><em>gessit</em></span> 
     </span>
     <span class='ocr_line' id='line_1_114' title="bbox 980 2313 1708 2355; baseline 0.003 -11"><span class='ocrx_word' id='word_1_641' title='bbox 980 2314 1015 2344; x_wconf 89' lang='lat' dir='ltr'><em>in</em></span> <span class='ocrx_word' id='word_1_642' title='bbox 1032 2314 1156 2345; x_wconf 84' lang='lat' dir='ltr'><em>Cilicia.</em></span> <span class='ocrx_word' id='word_1_643' title='bbox 1184 2314 1250 2345; x_wconf 83' lang='lat' dir='ltr'><em>Est</em></span> <span class='ocrx_word' id='word_1_644' title='bbox 1265 2313 1403 2351; x_wconf 85' lang='lat' dir='ltr'><em>Orodes,</em></span> <span class='ocrx_word' id='word_1_645' title='bbox 1420 2314 1585 2346; x_wconf 80' lang='lat' dir='ltr'><em>Phraatis</em></span> <span class='ocrx_word' id='word_1_646' title='bbox 1597 2315 1643 2345; x_wconf 88' lang='lat' dir='ltr'><em>iii.</em></span> <span class='ocrx_word' id='word_1_647' title='bbox 1647 2315 1708 2355; x_wconf 83' lang='lat' dir='ltr'><em>fil.</em></span> 
     </span>
     <span class='ocr_line' id='line_1_115' title="bbox 980 2357 1534 2389; baseline 0.002 -1"><span class='ocrx_word' id='word_1_648' title='bbox 980 2363 1018 2388; x_wconf 84' lang='lat' dir='ltr'><em>ut</em></span> <span class='ocrx_word' id='word_1_649' title='bbox 1030 2360 1094 2389; x_wconf 80' lang='lat' dir='ltr'><em>atio</em></span> <span class='ocrx_word' id='word_1_650' title='bbox 1111 2360 1173 2388; x_wconf 78' lang='lat' dir='ltr'><em>loco</em></span> <span class='ocrx_word' id='word_1_651' title='bbox 1186 2368 1208 2388; x_wconf 89' lang='lat' dir='ltr'><em>a</em></span> <span class='ocrx_word' id='word_1_652' title='bbox 1229 2357 1375 2388; x_wconf 68' lang='lat' dir='ltr'><em>Cicmvne</em></span> <span class='ocrx_word' id='word_1_653' title='bbox 1387 2363 1534 2389; x_wconf 69' lang='lat' dir='ltr'><em>vocatur.</em></span> 
     </span>
    </p>

    <p class='ocr_par' dir='ltr' id='par_1_25' title="bbox 1022 2401 1708 2443">
     <span class='ocr_line' id='line_1_116' title="bbox 1022 2401 1708 2443; baseline 0 -11"><span class='ocrx_word' id='word_1_654' title='bbox 1022 2402 1175 2440; x_wconf 77' lang='lat' dir='ltr'><em>Arsinoa,</em></span> <span class='ocrx_word' id='word_1_655' title='bbox 1188 2401 1268 2432; x_wconf 84' lang='lat' dir='ltr'><em>Nat.</em></span> <span class='ocrx_word' id='word_1_656' title='bbox 1279 2401 1323 2432; x_wconf 94' lang='lat' dir='ltr'><em>D.</em></span> <span class='ocrx_word' id='word_1_657' title='bbox 1335 2402 1382 2432; x_wconf 90' lang='lat' dir='ltr'><em>iii.</em></span> <span class='ocrx_word' id='word_1_658' title='bbox 1399 2404 1452 2433; x_wconf 72' lang='lat'><em>22.</em></span> <span class='ocrx_word' id='word_1_659' title='bbox 1466 2401 1599 2443; x_wconf 82' lang='lat' dir='ltr'><em>Arsippi</em></span> <span class='ocrx_word' id='word_1_660' title='bbox 1613 2411 1708 2433; x_wconf 85' lang='lat' dir='ltr'><em>uxor.</em></span> 
     </span>
    </p>

    <p class='ocr_par' dir='ltr' id='par_1_26' title="bbox 981 2445 1718 2530">
     <span class='ocr_line' id='line_1_117' title="bbox 1022 2445 1718 2486; baseline 0.001 -10"><span class='ocrx_word' id='word_1_661' title='bbox 1022 2446 1195 2486; x_wconf 75' lang='lat' dir='ltr'><em>Arsippus,</em></span> <span class='ocrx_word' id='word_1_662' title='bbox 1220 2445 1298 2475; x_wconf 85' lang='lat' dir='ltr'><em>Nat.</em></span> <span class='ocrx_word' id='word_1_663' title='bbox 1328 2445 1371 2476; x_wconf 93' lang='lat' dir='ltr'><em>D.</em></span> <span class='ocrx_word' id='word_1_664' title='bbox 1397 2446 1443 2476; x_wconf 90' lang='lat' dir='ltr'><em>iii.</em></span> <span class='ocrx_word' id='word_1_665' title='bbox 1469 2448 1521 2478; x_wconf 73' lang='lat'><em>22.</em></span> <span class='ocrx_word' id='word_1_666' title='bbox 1558 2446 1718 2477; x_wconf 55' lang='lat' dir='ltr'><em>Arsinooeae</em></span> 
     </span>
     <span class='ocr_line' id='line_1_118' title="bbox 981 2488 1550 2530; baseline 0.002 -11"><span class='ocrx_word' id='word_1_667' title='bbox 981 2488 1041 2526; x_wconf 87' lang='lat' dir='ltr'><em>vir,</em></span> <span class='ocrx_word' id='word_1_668' title='bbox 1057 2489 1239 2529; x_wconf 86' lang='lat' dir='ltr'><em>AEsculapii</em></span> <span class='ocrx_word' id='word_1_669' title='bbox 1255 2489 1429 2528; x_wconf 86' lang='lat' dir='ltr'><em>cujusdam</em></span> <span class='ocrx_word' id='word_1_670' title='bbox 1444 2495 1550 2530; x_wconf 81' lang='lat' dir='ltr'><em>pater.</em></span> 
     </span>
    </p>

    <p class='ocr_par' dir='ltr' id='par_1_27' title="bbox 980 2532 1709 2651">
     <span class='ocr_line' id='line_1_119' title="bbox 1024 2532 1709 2571; baseline -0.003 -7"><span class='ocrx_word' id='word_1_671' title='bbox 1024 2533 1235 2571; x_wconf 55' lang='lat' dir='ltr'><em>Artavasdes,</em></span> <span class='ocrx_word' id='word_1_672' title='bbox 1247 2532 1317 2563; x_wconf 81' lang='lat' dir='ltr'><em>Att.</em></span> <span class='ocrx_word' id='word_1_673' title='bbox 1333 2543 1362 2562; x_wconf 88' lang='lat' dir='ltr'><em>v.</em></span> <span class='ocrx_word' id='word_1_674' title='bbox 1374 2534 1426 2564; x_wconf 75' lang='lat'><em>20.</em></span> <span class='ocrx_word' id='word_1_675' title='bbox 1449 2534 1521 2564; x_wconf 82' lang='lat' dir='ltr'><em>Rex</em></span> <span class='ocrx_word' id='word_1_676' title='bbox 1533 2533 1709 2564; x_wconf 85' lang='lat' dir='ltr'><em>Armenio-</em></span> 
     </span>
     <span class='ocr_line' id='line_1_120' title="bbox 980 2576 1709 2615; baseline -0.001 -8"><span class='ocrx_word' id='word_1_677' title='bbox 980 2587 1067 2607; x_wconf 86' lang='lat' dir='ltr'><em>rum.</em></span> <span class='ocrx_word' id='word_1_678' title='bbox 1093 2587 1123 2607; x_wconf 94' lang='lat' dir='ltr'><em>v.</em></span> <span class='ocrx_word' id='word_1_679' title='bbox 1148 2579 1200 2607; x_wconf 67' lang='lat'><em>21.</em></span> <span class='ocrx_word' id='word_1_680' title='bbox 1230 2577 1300 2615; x_wconf 84' lang='lat' dir='ltr'><em>ejus</em></span> <span class='ocrx_word' id='word_1_681' title='bbox 1326 2576 1396 2606; x_wconf 83' lang='lat' dir='ltr'><em>filia</em></span> <span class='ocrx_word' id='word_1_682' title='bbox 1423 2577 1521 2607; x_wconf 87' lang='lat' dir='ltr'><em>nubit</em></span> <span class='ocrx_word' id='word_1_683' title='bbox 1546 2577 1709 2608; x_wconf 81' lang='lat' dir='ltr'><em>Deiotaro</em></span> 
     </span>
     <span class='ocr_line' id='line_1_121' title="bbox 983 2620 1330 2651; baseline 0.003 -1"><span class='ocrx_word' id='word_1_684' title='bbox 983 2621 1062 2651; x_wconf 86' lang='lat' dir='ltr'><em>filio.</em></span> <span class='ocrx_word' id='word_1_685' title='bbox 1079 2620 1120 2650; x_wconf 83' lang='lat' dir='ltr'><em>ad</em></span> <span class='ocrx_word' id='word_1_686' title='bbox 1137 2620 1212 2651; x_wconf 79' lang='lat' dir='ltr'><em>Div.</em></span> <span class='ocrx_word' id='word_1_687' title='bbox 1230 2631 1282 2650; x_wconf 81' lang='lat' dir='ltr'><em>xv.</em></span> <span class='ocrx_word' id='word_1_688' title='bbox 1300 2622 1330 2651; x_wconf 71' lang='lat'><em>2.</em></span> 
     </span>
    </p>

    <p class='ocr_par' dir='ltr' id='par_1_28' title="bbox 981 2661 1708 2747">
     <span class='ocr_line' id='line_1_122' title="bbox 1025 2661 1708 2701; baseline -0.001 -6"><span class='ocrx_word' id='word_1_689' title='bbox 1025 2665 1241 2701; x_wconf 65' lang='lat' dir='ltr'><em>Artaxemes,</em></span> <span class='ocrx_word' id='word_1_690' title='bbox 1259 2663 1331 2694; x_wconf 75' lang='lat' dir='ltr'><em>Att.</em></span> <span class='ocrx_word' id='word_1_691' title='bbox 1354 2674 1385 2694; x_wconf 85' lang='lat' dir='ltr'><em>x.</em></span> <span class='ocrx_word' id='word_1_692' title='bbox 1406 2667 1435 2695; x_wconf 84' lang='grc'><em>8.</em></span> <span class='ocrx_word' id='word_1_693' title='bbox 1465 2663 1584 2693; x_wconf 84' lang='lat' dir='ltr'><em>Xerxis</em></span> <span class='ocrx_word' id='word_1_694' title='bbox 1606 2661 1708 2701; x_wconf 84' lang='lat' dir='ltr'><em>filius,</em></span> 
     </span>
     <span class='ocr_line' id='line_1_123' title="bbox 981 2707 1571 2747; baseline -0.002 -9"><span class='ocrx_word' id='word_1_695' title='bbox 981 2708 1023 2738; x_wconf 86' lang='lat' dir='ltr'><em>acl</em></span> <span class='ocrx_word' id='word_1_696' title='bbox 1039 2718 1138 2747; x_wconf 87' lang='lat' dir='ltr'><em>quem</em></span> <span class='ocrx_word' id='word_1_697' title='bbox 1152 2707 1182 2737; x_wconf 89' lang='lat' dir='ltr'>T</span> <span class='ocrx_word' id='word_1_698' title='bbox 1184 2707 1394 2738; x_wconf 86' lang='lat' dir='ltr'><em>hemistocles</em></span> <span class='ocrx_word' id='word_1_699' title='bbox 1409 2707 1571 2747; x_wconf 81' lang='lat' dir='ltr'><em>confugit.</em></span> 
     </span>
    </p>

    <p class='ocr_par' dir='ltr' id='par_1_29' title="bbox 1024 2750 1686 2788">
     <span class='ocr_line' id='line_1_124' title="bbox 1024 2750 1686 2788; baseline -0.003 -6"><span class='ocrx_word' id='word_1_700' title='bbox 1024 2751 1252 2782; x_wconf 70' lang='lat' dir='ltr'><em>Artemidorus</em></span> <span class='ocrx_word' id='word_1_701' title='bbox 1266 2751 1450 2788; x_wconf 83' lang='lat' dir='ltr'><em>AEtnensis,</em></span> <span class='ocrx_word' id='word_1_702' title='bbox 1465 2751 1559 2781; x_wconf 87' lang='lat' dir='ltr'><em>Verr.</em></span> <span class='ocrx_word' id='word_1_703' title='bbox 1571 2750 1618 2780; x_wconf 82' lang='lat' dir='ltr'><em>iii.</em></span> <span class='ocrx_word' id='word_1_704' title='bbox 1632 2752 1686 2781; x_wconf 89' lang='grc'><em>44.</em></span> 
     </span>
    </p>

    <p class='ocr_par' dir='ltr' id='par_1_30' title="bbox 982 2794 1710 2870">
     <span class='ocr_line' id='line_1_125' title="bbox 1024 2794 1710 2833; baseline 0 -8"><span class='ocrx_word' id='word_1_705' title='bbox 1024 2795 1252 2826; x_wconf 78' lang='lat' dir='ltr'><em>Artemidorus</em></span> <span class='ocrx_word' id='word_1_706' title='bbox 1273 2794 1460 2833; x_wconf 86' lang='lat' dir='ltr'><em>Cornelius,</em></span> <span class='ocrx_word' id='word_1_707' title='bbox 1474 2794 1568 2825; x_wconf 87' lang='lat' dir='ltr'><em>Verr.</em></span> <span class='ocrx_word' id='word_1_708' title='bbox 1588 2794 1636 2824; x_wconf 85' lang='lat' dir='ltr'><em>iii.</em></span> <span class='ocrx_word' id='word_1_709' title='bbox 1655 2796 1710 2829; x_wconf 88' lang='grc'><em>49.</em></span> 
     </span>
     <span class='ocr_line' id='line_1_126' title="bbox 982 2838 1276 2870; baseline -0.007 0"><span class='ocrx_word' id='word_1_710' title='bbox 982 2839 1131 2870; x_wconf 78' lang='lat' dir='ltr'><em>medicus</em></span> <span class='ocrx_word' id='word_1_711' title='bbox 1153 2838 1276 2869; x_wconf 83' lang='lat' dir='ltr'><em>Verris.</em></span> 
     </span>
    </p>

    <p class='ocr_par' dir='ltr' id='par_1_31' title="bbox 1023 2880 1718 2923">
     <span class='ocr_line' id='line_1_127' title="bbox 1023 2880 1718 2923; baseline -0.004 -9"><span class='ocrx_word' id='word_1_712' title='bbox 1023 2882 1253 2918; x_wconf 80' lang='lat' dir='ltr'><em>Artemidorus</em></span> <span class='ocrx_word' id='word_1_713' title='bbox 1274 2881 1442 2923; x_wconf 64' lang='lat' dir='ltr'><em>Pergaeus,</em></span> <span class='ocrx_word' id='word_1_714' title='bbox 1465 2880 1562 2915; x_wconf 84' lang='lat' dir='ltr'><em>Verr.</em></span> <span class='ocrx_word' id='word_1_715' title='bbox 1582 2880 1632 2914; x_wconf 80' lang='lat' dir='ltr'><em>iii.</em></span> <span class='ocrx_word' id='word_1_716' title='bbox 1655 2881 1718 2914; x_wconf 35' lang='lat'><strong>21..</strong></span> 
     </span>
    </p>
   </div>
  </div>
 </body>
</html>
