1790 3219
590 77 734 106 mmsx
765 77 1058 107 LATmlTA‘rls.

73 164 122 195 eit
145 164 344 203 splendor-em
372 166 405 195 in
430 173 519 196 voce.
543 164 638 195 Brut.
666 165 720 195 68.
744 165 791 194 sic

71 211 123 237 at
136 208 239 238 etiam
256 209 433 249 capiendo·
455 208 601 248 splendor
615 208 790 237 verborum

70 250 167 281 Orat.
182 253 234 286 49.
260 262 380 292 nempe
395 252 436 282 de
452 252 557 282 verbis
579 250 688 290 ample
716 259 792 280 sua-

72 294 222 333 viterque
234 296 439 325 sonantibus.
452 295 469 312 ⁶
482 295 515 324 in
528 294 676 324 oratione
686 295 792 333 splen-

73 337 143 374 dor,
160 342 210 368 est
236 344 372 369 ornatus
389 338 422 367 in
439 337 638 367 elocutione.
661 337 719 367 Or.
744 338 790 367 ili.

72 383 125 411 31.
141 382 195 412 36.
220 380 289 411 lnv.
306 382 327 410 i.
348 384 394 411 18.
418 380 588 410 exordium
613 380 711 410 debet
736 380 793 410 ha—

71 423 147 454 bere
162 425 339 464 splendoris
352 431 386 453 et
397 423 586 453 festivitatis
606 429 640 453 et
659 425 793 453 concin-

72 467 232 498 nitudinis
264 467 452 497 minimum.
484 468 661 506 ¹*splendor
686 467 792 497 homi-

71 511 136 547 nis,
150 510 262 540 existit
276 521 316 540 ex
338 510 457 550 gratia,
475 512 658 540 amicorum
675 517 789 551 poten-

68 553 170 591 tium,
185 553 371 589 clientium,
385 553 617 590 deductorium
632 555 794 584 salutato-

75 605 149 626 rum
169 597 275 636 copia.
301 597 371 627 Ait.
389 598 430 626 iv.
462 600 487 627 1.
510 599 659 639 splendor
685 598 793 627 foren-

69 640 124 669 sis.
148 639 264 679 Quint.
277 641 329 671 2⁴2.
351 641 500 680 splendor
510 649 544 671 et
561 641 678 680 gratia.
697 641 792 670 Brut.

65 685 120 714 43.
131 683 207 714 vitae
223 684 380 724 splendor.
398 686 416 703 Ῥ
426 685 534 714 omnis
546 685 705 723 dignitas,
717 693 791 722 quae

66 735 106 756 ex
116 735 326 766 quacumque
340 737 373 757 re
383 729 506 764 existit,
517 728 666 767 inprimis
677 738 715 756 ex
728 728 794 756 vir-

68 775 157 807 tute,
174 771 262 800 utin
275 771 346 801 his:
372 772 413 801 ad
423 771 498 801 Div.
512 771 532 800 i.
550 775 581 805 7.
607 776 644 801 ut
656 780 711 800 cos
724 780 789 799 non

67 817 139 843 tam
157 815 348 844 constantia
364 815 397 844 in
415 824 482 854 rep.
499 820 612 844 nostra
634 814 792 849 delectet,

69 865 169 895 quam
198 857 346 898 splendor
385 857 542 887 offendat.
587 857 699 887 Plane.
742 858 790 886 102.

71 898 162 930 hunc
189 907 228 931 tu
255 901 331 931 vitae
353 901 550 941 splendorem
575 901 714 931 maculis
737 900 793 930 ad-

67 945 207 984 spei-gis.
230 944 364 975 Cluent.
397 946 445 975 16.
476 945 624 984 splendor
651 944 793 974 munici—

69 997 164 1027 pum,
182 987 355 1018 hominum
377 997 423 1018 sc.
443 988 670 1018 honestorum.
695 988 792 1018 Rosc.

70 1030 108 1060 C.
131 1034 162 1061 5.
184 1031 333 1071 splendor
355 1032 589 1062 advocationis.
616 1031 656 1062 de
680 1041 720 1061 ea
741 1036 791 1061 est

68 1072 143 1113 Lig.
174 1077 222 1104 ll.
245 1074 378 1105 videsne
405 1074 494 1105 hunc
523 1075 721 1115 splendorem
744 1084 790 1104 sc.

67 1118 316 1148 advocatorum.
354 1119 373 1137 ¹⁵
398 1119 549 1159 proprius
591 1124 706 1149 autem
742 1121 793 1147 est

65 1161 215 1202 splendor
237 1163 403 1201 equitum,
421 1162 508 1192 unde
533 1163 663 1202 proprie
688 1163 793 1201 splen-

67 1205 150 1242 didi,
172 1210 211 1235 ut
226 1204 266 1235 de
292 1205 386 1246 plebe
414 1205 577 1242 homines,
595 1205 727 1235 honesti
744 1205 793 1235 di-

66 1254 208 1286 cuutur,
220 1254 256 1278 et
270 1250 400 1279 senatui
416 1250 598 1279 auctoritas
620 1249 790 1279 tribuitur.

68 1291 166 1323 Rosc.
181 1291 256 1322 Am.
273 1295 326 1324 48.
348 1293 495 1333 splendor
511 1299 675 1331 equester.
700 1292 790 1322 Sext.

67 1336 121 1366 65.
158 1336 394 1366 auctoritatem
441 1342 576 1366 senatus
627 1336 795 1375 splendore

66 1380 294 1419 proximorum
310 1379 464 1410 ordinum
481 1380 683 1409 confirmari.
698 1379 740 1409 cf.
752 1379 794 1408 ad

66 1422 145 1454 Div.
162 1423 184 1453 i.
201 1425 232 1454 3.
257 1424 318 1453 διο.
342 1424 361 1442 ¹⁵
373 1423 413 1453 de
430 1423 661 1462 magnitudine
676 1423 792 1452 animi.

66 1464 163 1497 Brut.
179 1470 233 1501 77.
256 1467 358 1497 animi
375 1467 532 1507 splendor.

111 1509 298 1550 Spondolia.
321 1510 379 1541 Or.
395 1511 427 1540 ii.
445 1511 498 1541 46.
521 1520 598 1540 cum
621 1519 661 1539 ex
681 1518 793 1549 perso-

65 1561 112 1584 na
134 1553 304 1584 histrionis
328 1553 416 1584 oculi
443 1553 558 1584 ardere
585 1553 790 1589 viderentur,

63 1597 233 1636 spondalia
261 1595 319 1627 illa
349 1597 489 1627 dicentis
516 1597 576 1627 διο.
611 1596 792 1636 Spondolia

62 1645 164 1670 erant
178 1641 340 1678 carmina,
356 1650 430 1680 quae
446 1642 535 1671 inter
548 1641 711 1670 sacrificia
735 1639 790 1670 ad-

63 1682 171 1714 hiberi
185 1683 348 1721 solebant,
358 1683 514 1714 adhibitis
525 1685 627 1714 etiam
645 1683 791 1714 tibicini-

63 1726 140 1764 bus,
156 1736 199 1757 ne
213 1727 404 1758 sacrificans
416 1727 540 1767 aliquid
559 1727 646 1757 male
661 1727 790 1757 omina-

61 1775 141 1802 tum
157 1770 272 1801 audire
297 1776 419 1811 posset.
443 1771 650 1801 Constabant
674 1775 789 1801 autem

66 1814 212 1844 maxime
227 1824 267 1845 eo
288 1814 385 1855 pede,
402 1814 458 1853 qui
476 1814 647 1854 spondeus
671 1814 712 1844 ab
735 1813 793 1844 illa

65 1858 140 1897 ipsa
175 1868 210 1888 re
247 1857 382 1896 dicitur,
406 1864 543 1899 propter
579 1859 790 1897 gravitatem.

64 1900 244 1941 Spondah'a
260 1906 371 1932 autem
386 1907 437 1932 est
452 1901 553 1932 lectio
568 1902 769 1932 Gruteriana
783 1913 790 1931 :

63 1944 241 1975 Turnebus
266 1945 468 1986 Spondiolia,
495 1944 675 1975 Salmasius
701 1951 792 1975 recte

64 1987 271 2028 Spondaulia
298 1989 476 2028 legendum
507 1993 634 2024 censet,
661 1995 700 2018 ut
716 1989 789 2027 jam

65 2035 223 2062 notatum
250 2038 301 2062 est
330 2033 365 2063 in
389 2031 510 2062 Lexieo
528 2032 633 2062 Fabri.
652 2042 682 2062 v.
706 2032 790 2062 Bur-

67 2083 158 2105 man.
183 2085 249 2106 sec.
275 2082 301 2106 t.
319 2076 352 2107 ii.
376 2074 561 2106 Siculorum
579 2075 733 2106 Dorvillii
759 2085 792 2115 p.

64 2121 141 2153 572-

109 2161 285 2203 Spondere,
307 2163 438 2203 proprie
454 2158 506 2193 es't
528 2161 651 2200 dicere,
682 2166 720 2192 ut
749 2172 788 2192 ex

63 2205 250 2246 'composito
265 2206 462 2246 respondere
488 2205 708 2244 intelligitur:
734 2205 790 2235 de-

65 2248 143 2279 inde
159 2249 194 2279 in
217 2249 490 2289 stipulationibus
520 2249 690 2289 significat
714 2259 789 2289 pro-

63 2293 213 2323 mittere.
257 2293 345 2324 Nam
364 2294 420 2333 qui
436 2292 631 2332 stipulatur,
648 2293 790 2323 interro-

107 2343 141 2366 t:
165 2337 337 2376 spondesne
353 2347 382 2366 v.
399 2347 428 2367 c.
445 2336 530 2366 hanc
544 2336 721 2376 pecuniam
738 2345 790 2366 so-

62 2345 177 2410 ffitum
194 2380 234 2410 iri
251 2380 263 2410 ?
289 2379 374 2410 alter
389 2379 587 2420 respondet:
618 2379 767 2420 spondeo
781 2392 788 2410 ε

63 2421 98 2453 h.
114 2432 143 2453 e.
159 2424 331 2463 promitto.
365 2424 462 2454 Rosc.
479 2422 573 2453 Com.
593 2425 629 2454 ιι.
651 2423 790 2463 stipula-

63 2470 120 2496 tus
136 2475 171 2497 es
185 2467 198 2497 ?
228 2467 283 2497 ubi
301 2468 312 2497 ?
338 2477 404 2507 quo
421 2466 474 2497 die
488 2467 501 2497 ἓ
527 2476 592 2506 quo
608 2468 786 2506 tempore?

63 2518 130 2549 quo
144 2515 306 2550 praesente
320 2511 332 2540 ?
366 2510 439 2549 quis
460 2510 658 2550 spopondisse
673 2520 725 2540 me
741 2510 791 2540 di-

63 2553 138 2583 cit?
164 2562 274 2584 nemo.
300 2554 394 2584 Verr.
423 2563 452 2583 v.
470 2557 520 2584 54.
547 2559 586 2584 ut
611 2553 790 2592 aliquando

62 2597 216 2636 spondere
236 2606 274 2627 se
288 2597 435 2628 diceret:
460 2606 505 2626 sc.
531 2597 572 2634 is,
595 2597 652 2636 qui
675 2597 790 2636 jussus

63 2643 138 2670 erat
151 2647 203 2670 ns.
215 2639 343 2671 duobus
360 2639 506 2670 millibus
519 2640 730 2680 sponsionem
743 2639 792 2670 fa-

64 2691 140 2712 cere
151 2692 229 2713 cum
245 2683 361 2714 lictore
377 2693 451 2721 su0,
462 2684 497 2714 ni
509 2683 607 2713 furtis
624 2688 790 2722 quaestum

62 2724 199 2756 faceret.
217 2735 245 2756 v.
268 2728 413 2766 sponsio.
436 2730 456 2749 ἱ
471 2727 622 2767 spondere
644 2736 705 2767 pro
729 2726 787 2756 ali-

63 2777 143 2806 quo,
169 2771 220 2799 est
248 2769 347 2800 fidem
369 2780 464 2801 suam
489 2771 703 2810 interponere
729 2780 788 2810 pro

64 2811 176 2850 aliquo
201 2812 234 2842 in
261 2822 295 2842 re
319 2813 520 2853 pecuniaria.
567 2814 654 2844 Nam
672 2814 698 2843 si
714 2814 786 2851 quis

64 2855 242 2894 pecuniam
268 2862 423 2888 mutuam
448 2857 598 2898 petebat,
628 2858 682 2888 cui
711 2860 786 2888 tuto

1473 71 1554 109 485

830 164 918 194 credi
938 175 1002 195 nun
1020 175 1113 205 posse
1129 165 1314 206 videbatur,
1331 167 1467 208 petebat
1481 177 1553 198 cre-

832 208 919 238 ditor
935 209 976 237 ab
992 219 1044 245 eo,
1062 215 1098 239 ut
1115 209 1258 248 aliquem
1272 211 1378 249 daret,
1391 212 1446 250 qui
1463 212 1552 242 solu-

832 257 906 280 tum
939 251 977 280 iri
1005 252 1215 290 promitteret
1230 267 1235 282 :
1268 254 1301 284 h.
1325 265 1353 284 e.
1474 259 1553 285 eret.

830 294 900 324 Att.
918 295 972 324 xii.
1001 297 1049 324 14.
1074 296 1156 324 scire
1178 296 1290 334 velim,
1307 298 1437 336 quando
1462 298 1553 328 dicat

829 338 1038 377 slmpondisse,
1050 343 1085 368 et
1095 348 1152 377 pro
1167 346 1273 376 patre,
1285 350 1371 370 anne
1384 350 1443 381 pro
1453 341 1521 371 filio
1535 342 1549 370 ἓ

833 381 911 411 ibid.
926 384 973 414 17.
984 391 1043 421 pro
1053 381 1231 411 Cornificio
1242 392 1293 412 me
1304 383 1423 414 abhinc
1433 384 1554 424 ampli-

832 433 869 454 us
886 424 981 454 anuis
1009 434 1070 454 xxv
1093 425 1297 464 spopondisse.
1314 426 1355 455 ad
1377 427 1471 457 Brut.
1495 437 1550 466 ep.

837 470 886 498 18.
910 468 1014 507 magis
1029 468 1119 497 enim
1141 467 1249 504 illum,
1267 478 1324 508 pro
1341 479 1405 507 quo
1421 480 1552 509 spopon-

832 512 877 547 dt,
891 521 990 549 quaxn
1008 520 1062 541 me
1077 510 1221 550 obligavi
1241 513 1301 541 &c.
1318 511 1358 540 de
1375 514 1472 542 verbo
1488 513 1552 543 hoc

833 554 932 594 longa
947 562 981 584 et
1001 554 1099 584 ducta
1117 554 1298 594 disputatio
1312 561 1363 584 est
1379 556 1466 595 apud
1483 555 1552 586 Sal-

833 607 914 627 mas.
932 598 1018 628 mod.
1037 598 1134 628 Usur.
1151 609 1179 628 c.
1201 598 1248 628 16.

876 641 1042 682 Sporus-alia
1055 642 1225 679 dicuntur,
1242 651 1318 672 cum
1329 644 1423 682 pater
1438 650 1472 671 se
1488 640 1553 670 fili-

832 694 884 714 am
903 683 1002 714 alicui
1019 685 1176 715 (laturum
1202 684 1355 725 spondet.
1377 684 1448 715 Att.
1463 683 1505 714 vi.
1522 685 1554 715 6.

833 727 930 757 factis
952 729 1160 768 sponsalibus.
1199 731 1217 749 ⁸
1233 729 1435 765 convivium,
1467 727 1556 766 quod

830 772 1009 810 praebetur,
1035 782 1112 802 cum
1134 773 1294 811 sponsalia
1321 772 1420 802 flunt.
1446 770 1488 801 ad
1511 771 1554 811 Ω.

834 813 883 843 Fr.
902 815 935 844 ii.
961 816 991 845 6.
1026 824 1056 844 a.
1074 815 1106 844 d.
1131 816 1197 845 viii.
1222 814 1270 845 Id.
1296 814 1375 855 Apr.
1392 816 1554 854 sponsalia

835 857 1020 898 Crassipedi
1047 858 1136 896 dedi,
1152 859 1207 888 cui
1233 859 1383 888 convivio
1407 858 1555 899 Quintus

833 906 910 931 tuus
928 901 1044 932 defuit.

876 945 1005 984 Sponsio
1020 949 1071 976 est
1084 946 1215 985 proprie
1228 946 1401 986 promissio
1411 945 1482 984 ejus
1495 945 1556 983 rei,

833 998 931 1027 quam
951 988 1035 1019 alter
1051 989 1244 1028 stipulatur.
1261 999 1290 1019 v.
1306 989 1479 1029 spondere.
1514 988 1555 1019 In

834 1033 1065 1062 controversiis
1081 1033 1229 1072 privatis,
1247 1042 1288 1062 ne
1300 1032 1474 1063 calumniis
1492 1033 1556 1062 im-

833 1085 922 1115 pune
938 1076 1011 1114 quis
1028 1075 1171 1105 alterum
1190 1080 1336 1113 vexaret,
1352 1081 1412 1106 aut
1427 1075 1557 1106 solebat

833 1126 958 1148 certam
972 1119 1147 1158 pecuniam
1158 1119 1321 1159 deponere
1332 1120 1468 1159 petitor,
1480 1128 1555 1158 quae

831 1166 1078 1192 sacramentum
1094 1162 1280 1200 dicebatur,
1299 1162 1338 1192 de
1355 1173 1420 1202 quo
1441 1173 1554 1202 supra,

834 1211 893 1235 aut
909 1210 1043 1235 tantum
1062 1205 1259 1245 spondebat,
1286 1215 1321 1235 se
1339 1206 1484 1245 aliquam
1500 1215 1559 1246 pe-

832 1249 940 1278 cuniae
957 1258 1123 1278 summam
1151 1249 1321 1286 daturum,
1338 1250 1373 1279 ni
1396 1250 1558 1286 vinceret,

830 1292 1015 1332 stipulante
1042 1302 1094 1330 eo,
1121 1293 1210 1322 unde
1236 1293 1423 1333 petebatur.
1469 1293 1557 1324 Cum

832 1342 946 1365 autem
973 1336 1197 1376 spoponderat
1222 1337 1360 1376 petitor,
1382 1336 1472 1366 idem
1496 1337 1557 1366 sti-

831 1379 1010 1419 pulabatur
1021 1380 1061 1409 ab
1078 1390 1129 1417 eo,
1143 1380 1229 1409 unde
1246 1379 1436 1419 petebatur,
1452 1383 1487 1409 et
1501 1379 1557 1410 hic

830 1422 946 1452 eodem
963 1422 1060 1454 modo
1075 1423 1270 1463 spondebat.
1315 1423 1360 1453 Et
1373 1423 1453 1453 hinc
1468 1423 1559 1453 ‹lice—

829 1466 930 1496 batur
944 1467 983 1504 iS,
1001 1467 1057 1505 qui
1081 1465 1176 1496 litem
1200 1466 1408 1504 intendebat,
1423 1468 1559 1506 sponsio-

828 1519 903 1540 nem
916 1508 1037 1539 faeere.
1059 1509 1178 1550 Quint.
1203 1512 1233 1540 8.
1256 1513 1310 1544 527.
1329 1510 1425 1540 verr.
1440 1511 1486 1540 iii.
1502 1511 1556 1542 62.

831 1553 954 1583 Caecin.
969 1556 999 1584 8.
1025 1552 1122 1583 Rosc.
1140 1552 1234 1583 Com.
1249 1556 1282 1584 4.
1301 1556 1332 1584 5.
1354 1553 1420 1584 Off.
1435 1554 1482 1584 iii.
1505 1556 1556 1588 19.

830 1597 894 1627 vid.
918 1596 1057 1627 Hotom.
1073 1596 1114 1627 ad
1140 1607 1190 1636 pr.
1205 1596 1322 1636 Quint.
1337 1599 1367 1627 8.
1386 1603 1422 1627 et
1435 1598 1556 1637 sponsio

829 1640 953 1671 dicitur
969 1650 1026 1680 pro
1049 1649 1162 1678 causa,
1179 1650 1253 1680 quae
1279 1641 1403 1680 agitur,
1419 1649 1446 1671 s.
1461 1640 1556 1680 judi-

828 1685 892 1722 cio,
919 1683 1007 1722 quod
1020 1683 1221 1721 intenditur,
1237 1684 1361 1724 agitur,
1377 1685 1555 1724 sponsione

828 1728 1040 1767 interposita,
1048 1736 1074 1757 s.
1089 1727 1233 1765 actione,
1243 1737 1316 1767 quae
1329 1728 1369 1758 fit
1376 1728 1555 1767 sponsione

830 1771 1038 1810 interposita.
1057 1771 1144 1801 Caec.
1172 1771 1221 1801 16.
1242 1773 1437 1810 sponsionem
1467 1772 1557 1811 opti-

830 1824 884 1844 me
900 1814 1009 1844 faeere
1035 1824 1143 1854 posse,
1159 1814 1283 1844 dicitur
1298 1814 1338 1844 de
1353 1824 1405 1850 eo,
1429 1814 1554 1855 quiju-

829 1863 916 1888 stam
929 1867 1063 1888 causam
1073 1857 1185 1888 habet.
1197 1857 1277 1887 hinc
1285 1862 1321 1888 et
1335 1857 1409 1888 aliae
1423 1857 1552 1889 formu·

831 1902 883 1932 lae.
916 1901 1009 1931 Verr.
1038 1901 1084 1932 iii.
1115 1904 1168 1935 57.
1191 1902 1351 1941 sponsione
1378 1901 1552 1933 lacessere.

830 1945 955 1976 Caecin.
978 1947 1031 1976 3‘2.
1065 1946 1227 1985 sponsione
1255 1951 1394 1975 certare.
1424 1945 1468 1975 ib.
1495 1948 1550 1977 31.

828 1988 1044 2019 condemnari
1057 1989 1238 2028 sponsionis.
1259 1989 1378 2028 Quint.
1392 1990 1446 2022 27.
1460 1998 1552 2029 spon-

827 2034 913 2063 sione
943 2031 1085 2062 vincere.
1112 2032 1236 2062 Caecin.
1267 2035 1320 2063 31.
1355 2033 1552 2072 sponsionem

829 2077 970 2106 vincere.
988 2075 1053 2106 vid.
1068 2076 1211 2105 vincere.
1222 2075 1315 2106 Verr.
1327 2075 1374 2105 iii.
1391 2076 1444 2107 62.
1460 2085 1554 2116 spon·

828 2121 928 2149 siones
941 2118 1122 2159 prohibitas
1137 2119 1294 2158 judicari.
1317 2118 1429 2158 *Leg.
1446 2119 1482 2150 ii.
1502 2119 1553 2149 16.

828 2164 897 2193 voti
913 2163 1046 2203 ffonsio,
1063 2172 1129 2202 qua
1142 2162 1330 2201 obligamur
1345 2162 1429 2192 Deo.

872 2205 1022 2246 Sponsor,
1045 2206 1100 2245 qui
1127 2215 1187 2246 pro
1213 2205 1317 2236 altero
1332 2205 1486 2245 spondet.
1511 2205 1554 2236 ad

827 2250 904 2280 Div.
915 2259 946 2280 v.
964 2252 1012 2280 18.
1029 2259 1157 2289 sponsor
1168 2259 1202 2279 es
1214 2258 1273 2289 pro
1286 2249 1454 2289 Pompeio.
1471 2249 1551 2280 ibid.

827 2294 883 2323 vii.
901 2296 932 2324 5.
953 2303 1082 2333 sponsor
1097 2292 1317 2323 humanitatis
1325 2296 1406 2323 tuae.
1424 2292 1467 2323 cl'.
1481 2293 1554 2324 Att.

827 2337 896 2367 xiii.
916 2339 965 2367 10.
990 2337 1054 2366 xvi.
1072 2339 1102 2367 5.
1127 2336 1147 2365 i.
1164 2339 1193 2367 8.
1213 2339 1261 2367 10.
1284 2346 1336 2366 xv.
1353 2339 1383 2366 5.
1409 2337 1474 2367 xvi.
1504 2339 1554 2368 15.

828 2379 907 2411 hinc
916 2381 1112 2419 junguntur
1137 2379 1315 2410 creditores
1331 2384 1366 2409 et
1381 2389 1553 2420 sponsores,

829 2422 931 2463 quod,
947 2424 1003 2462 qui
1028 2433 1086 2463 pro
1112 2422 1218 2453 altero
1237 2422 1272 2452 in
1302 2432 1336 2452 re
1363 2423 1556 2463 pecuniaria

830 2466 1094 2508 spoponderunt,
1113 2467 1146 2496 in
1164 2465 1280 2496 eodem
1299 2466 1445 2505 periculo
1460 2472 1554 2505 Sunt,

831 2520 897 2550 quo
913 2509 1104 2540 creditores.
1119 2510 1237 2550 Quint.
1254 2510 1306 2540 523.

875 2552 1048 2593 Sponsum,
1065 2553 1209 2593 sponsio.
1230 2553 1349 2593 Quint.
1363 2557 1396 2588 9.
1410 2564 1451 2584 ex
1465 2564 1558 2595 spon-

827 2607 859 2627 so
875 2597 956 2636 egit.

877 2639 997 2680 Sponte
1011 2648 1084 2676 sua,
1097 2648 1158 2669 sua
1175 2643 1308 2676 natura,
1323 2649 1382 2680 per
1396 2650 1442 2671 se.
1457 2640 1560 2672 Tusc.

832 2684 874 2713 ἰν.
912 2686 960 2714 15.
993 2692 1057 2712 sua
1085 2687 1194 2723 sponte
1226 2682 1400 2714 laudabilis
1440 2685 1558 2716 virtus.

831 2726 924 2757 Verr.
955 2727 976 2756 i.
1002 2727 1055 2757 42.
1085 2736 1146 2757 sua
1175 2730 1282 2766 sponte
1309 2726 1472 2758 scelerata
1498 2737 1562 2760 τες.

831 2769 888 2800 Or.
916 2771 970 2801 32.
1007 2779 1068 2800 sua
1089 2774 1199 2809 sponte
1227 2769 1438 2808 squalidiora.
1475 2770 1562 2801 *suo

830 2817 938 2854 sponte
952 2812 1060 2843 facere
1083 2812 1206 2843 dicitur
1221 2814 1338 2851 etiam,
1355 2815 1411 2853 qui
1434 2814 1562 2854 primus

831 2857 923 2893 facit,
941 2861 980 2887 ut
999 2861 1118 2888 auctor
1134 2857 1179 2888 rei
1203 2856 1269 2887 dici
1295 2859 1408 2898 possit.
1433 2857 1525 2888 Verr.
1543 2858 1564 2887 i.

875 2908 893 2930 F
907 2900 923 2930 f
943 2901 963 2931 2
1209 2911 1228 2927 t
