1804 3178
636 138 783 168 RNDEX
814 139 1096 170 flumineus—

172 223 207 257 C.
229 225 387 264 Mrem,
404 225 447 258 t..
470 225 509 258 F.
531 235 549 257 e
570 225 701 259 Licinia
714 227 857 268 familia

117 269 255 309 plebeia.
280 270 368 301 Mur.
394 274 424 306 7.
448 270 502 300 aba*
523 270 563 301 de
581 269 754 311 majoribus
771 273 808 303 C.
824 277 854 303 et

122 311 162 342 1..
178 312 331 344 Murenae
348 313 532 346 videndum.
562 312 684 346 Frater
701 314 781 357 qius,
793 326 855 356 pro

120 364 182 395 quo
194 361 240 388 est
253 359 368 395 oratio,
383 357 472 389 Mur.
486 359 540 388 41.
557 358 700 390 Galliam
718 360 854 399 regebat

122 398 267 430 Consule
285 401 456 432 Cicerone.

165 441 208 475 L.
225 443 381 480 Murena,
398 442 516 481 Pater,
531 443 625 476 Vei-r.
642 445 664 476 i.
683 448 735 477 35.
754 456 853 478 naves

121 485 313 518 civitatibus
329 487 414 518 Asiae
435 488 589 528 imperat.
614 489 730 520 Mauil.
756 494 786 520 3.
812 491 852 521 de

121 527 321 562 Mithridate
343 530 544 571 triumphat,
562 541 582 562 a
604 533 698 563 Sulla.
720 544 853 564 revoca-

120 577 188 604 tur.
205 573 301 605 Brut.
313 578 366 609 90.
384 573 470 605 bello
486 574 574 606 civili
591 576 727 607 Sullano
740 578 850 618 periit.

164 616 208 648 L.
223 616 380 655 Murena,
396 617 440 650 L.
458 617 496 649 F.
516 619 605 650 Mur.
631 624 662 655 7.
685 623 756 661 cjus
773 631 853 652 avus

119 663 156 690 et
171 669 311 700 proavus
326 667 484 702 praetores
501 661 603 693 suere.
620 664 698 694 ibid.
714 670 746 699 9.
763 664 852 703 lega-

119 707 175 734 tus
197 702 239 734 L.
262 704 407 736 Luculli.
432 706 476 736 ib.
505 709 532 736 1.
557 706 681 738 Consul
705 718 784 738 cum
806 709 851 739 D.

119 747 234 778 Silano
263 755 409 786 creatus,
441 749 585 780 ambitus
621 759 797 781 accusatus
833 761 854 782 a

118 789 232 821 Servio
247 791 395 832 Sulpicio
411 797 444 822 et
462 793 604 832 Catone,
621 794 813 825 defenditur
833 804 854 826 a

120 833 281 865 Cicerone
298 835 453 866 Consule.

163 877 210 908 P.
236 878 394 917 Murena,
421 880 516 911 Brut.
540 880 593 914 67.
619 880 776 912 mediocri
801 882 852 912 in-

119 922 232 961 genio,
262 922 322 953 sed
351 933 474 963 magno
504 924 628 962 studio,
661 923 851 956 litterarum

119 965 303 997 studiosus.

123 1007 307 1082 vMurena
329 1010 446 1048 Van-o,
469 1010 511 1041 ad
536 1011 614 1042 Div.
641 1012 711 1043 xiii.
739 1014 792 1044 22.
819 1023 850 1043 v.

154 1061 240 1083 arro.

161 1093 280 1134 Musae,
294 1095 339 1127 N.
353 1096 398 1128 D.
415 1097 463 1127 iii.
483 1099 535 1129 21.
559 1099 626 1129 tria
640 1108 764 1138 genera
774 1099 852 1130 Mu-

121 1147 247 1170 sarum.

161 1183 291 1220 Musca,
306 1184 378 1214 Att.
395 1185 452 1215 xii.
467 1188 519 1216 40.
551 1186 680 1216 videtur
694 1186 795 1216 Attici
814 1187 852 1216 11·-

119 1226 227 1257 bertus
249 1226 369 1266 fuisse.
405 1229 620 1268 Sempronius
652 1229 770 1260 Musca
800 1234 852 1259 est

118 1279 173 1310 ap.
190 1269 300 1301 Valet.
317 1271 363 1300 M.
381 1273 423 1302 vi.
446 1275 472 1302 1.

159 1313 303 1345 inustam
324 1315 507 1353 1Vumisius,
525 1316 735 1354 Αηαξηῖηιιε,
757 1316 797 1346 de
810 1318 852 1346 si-

116 1357 280 1389 cariisstl.
301 1358 436 1390 Antonii
457 1361 632 1390 triumviri.
655 1360 739 1390 Phil.
763 1360 797 1390 ii.
819 1362 852 1390 4.

115 1403 171 1431 41.
187 1411 218 1431 V.
235 1401 266 1431 6.
297 1402 365 1433 xiii.
382 1405 412 1434 2.
441 1403 512 1433 Att.
530 1403 586 1433 xii.
604 1406 635 1434 5.
654 1404 683 1434 ἃ
699 1407 753 1434 44.

166 1444 199 1476 C.
215 1444 371 1484 stlustius,
390 1446 485 1477 Vei-r.
500 1447 522 1476 i.
542 1449 594 1478 51.
618 1457 718 1486 eques
730 1447 852 1478 Roma-

119 1496 193 1519 nus.

119 1530 387 1605 VMyrmec-ieles,
396 1532 498 1563 Acad.
512 1533 554 1564 iv.
567 1536 620 1565 38.
637 1534 701 1565 vid.
713 1533 849 1566 AElian.

151 1598 158 1606 .
174 1575 222 1606 H.
241 1575 263 1606 i.
284 1578 335 1610 17.

157 1618 269 1659 Myro,
287 1619 436 1650 Hei-eun.
454 1620 496 1651 iv.
514 1621 545 1652 6.
576 1620 633 1651 Or.
651 1621 699 1651 iii.
722 1625 753 1655 7.
784 1626 851 1651 sta-

115 1664 247 1700 tuarius
277 1668 451 1703 praestans.
482 1663 575 1694 Vei-r.
607 1666 650 1695 iv.
683 1666 736 1695 60.
776 1666 848 1704 ejus

116 1706 248 1739 bucula.
265 1709 318 1738 43.
341 1707 474 1747 Apelle,
491 1711 522 1739 3.
542 1708 704 1739 Hercules
721 1709 781 1739 διο.

158 1749 329 1790 Myrtilus,
347 1750 427 1788 Nat.
445 1751 488 1782 D.
514 1752 560 1782 iii.
583 1755 636 1783 38.
667 1753 739 1791 ejus
763 1762 851 1783 mors

114 1794 316 1825 vindicatur.
347 1795 502 1826 OEnomai
532 1798 654 1835 auriga
683 1806 705 1826 a
731 1796 852 1837 Pelope

115 1837 314 1877 interjectus,
330 1848 362 1868 v.
381 1838 594 1878 Hygin.fab.
613 1843 666 1872 84.

158 1881 328 1921 Myrtilus,
344 1881 416 1913 Att.
438 1893 491 1914 xv.
512 1885 562 1914 13.
593 1884 657 1915 xvi.
685 1886 735 1914 11.
765 1885 850 1915 servi

118 1933 254 1957 nomen.

459 2011 503 2044 N.

159 2098 295 2131 Noevius
320 2099 452 2139 Turpio,
469 2099 563 2131 Vei-r.
588 2101 622 2131 ii.
644 2103 675 2132 8.
706 2101 852 2140 quadru-

115 2141 237 2184 platur,
254 2143 333 2175 civis
348 2144 445 2175 Rom.
463 2143 504 2174 de
520 2149 688 2175 conventu
704 2145 851 2176 Mamer-

115 2186 200 2218 tino.
218 2187 261 2218 cf.
280 2197 310 2217 v.
327 2190 380 2218 41.

159 2230 233 2262 Ser.
251 2231 398 2270 Noevius,
414 2232 511 2263 Brut.
528 2232 581 2263 60.
598 2241 618 2261 a
633 2231 778 2262 Curione
795 2230 852 2261 de—

115 2272 276 2306 fenditur.

158 2318 251 2350 Sext.
275 2317 558 2360 Noeiius‚§2uint.
590 2322 618 2350 l.
643 2319 702 2349 διο.
727 2328 850 2359 praeco,

115 2362 171 2392 eui
188 2371 266 2393 cum
283 2362 319 2393 P.
335 2363 477 2403 Quintio
492 2363 730 2393 controversia.
748 2363 851 2402 grati-

115 2414 192 2436 osus
209 2406 298 2446 apud
314 2406 479 2445 Sullanos,
497 2406 538 2437 ad
555 2416 636 2446 quos
654 2416 673 2436 a
689 2406 850 2437 Marianis

116 2447 296 2480 defecerat.

160 2493 310 2531 Noem‘us,
324 2494 419 2525 Orat.
436 2494 471 2524 ii.
487 2493 540 2524 63.
572 2497 672 2535 pocta
687 2493 849 2529 comicus,

112 2546 207 2577 quem
235 2546 317 2577 soepe
345 2539 425 2568 citat
460 2537 575 2568 Cicero.
606 2538 702 2568 Brut.
729 2539 778 2567 15.
808 2536 849 2566 de

114 2584 267 2620 tempore
284 2582 402 2612 mortis
419 2581 613 2621 ambigitur.

114 2623 347 2699 sulNanneius,
370 2625 442 2657 Λα.
470 2626 492 2657 ἰ.
521 2626 569 2656 16.
601 2624 807 2665 proscriptus
831 2632 852 2654 a

160 2712 304 2749 Ναηπίἰ,
323 2711 395 2742 Pet.
412 2711 512 2744 cons.
527 2714 558 2743 2.
582 2711 715 2742 Manae.
732 2710 777 2741 ad
799 2720 848 2751 ep.

120 2754 170 2786 16.
193 2757 216 2787 l.
231 2756 254 2786 i.
270 2755 317 2787 ad
332 2756 400 2786 Aet.
416 2757 495 2795 legit
507 2767 517 2785 .·
542 2755 698 2786 Nanneii.

165 2798 198 2831 C·
228 2799 430 2838 NawnnMs,
455 2800 629 2840 municeps
656 2799 851 2829 Suessanus.

116 2841 160 2874 ad
174 2842 271 2873 Brut.
287 2845 318 2875 8.

162 2885 302 2925 Nasica,
321 2887 395 2918 vide
417 2887 456 2918 in
469 2886 590 2928 Scipio.
611 2888 689 2918 item
711 2885 747 2916 in
769 2882 856 2918 Por-

117 2939 184 2960 ens.

1550 134 1628 181 127

944 227 986 259 L.
1014 228 1186 266 Nasidius,
1206 229 1278 260 Att.
1302 230 1346 260 xi.
1377 233 1426 266 17.
1455 231 1628 274 Pompeia·

900 280 974 301 nus.
991 281 1019 301 υ.
1036 276 1066 301 et
1083 273 1115 301 in
1132 272 1285 303 x'isidius.

948 313 1005 345 Cn.
1032 313 1189 345 Otacilius
1213 316 1314 354 Naso,
1331 315 1372 346 ad
1395 315 1471 347 Div.
1490 320 1557 350 xiii.
1573 324 1627 352 33.

902 367 1003 398 eques
1019 358 1201 388 Romanus.

943 401 987 432 L.
1007 400 1162 432 Octavius
1179 401 1281 438 Naso,
1297 402 1338 442 Ω.
1355 401 1406 432 Fr.
1423 402 1444 433 i.
1461 405 1492 434 2.
1509 407 1539 435 3.
1572 414 1630 436 ne-

899 447 1046 485 gotiator
1063 444 1097 474 in
1116 444 1305 483 Asiaficisse
1321 445 1457 476 videtur.

942 487 987 519 P.
1006 487 1108 525 Naso,
1126 488 1210 518 Phil.
1230 488 1276 518 iii.
1305 491 1350 519 10.
1382 489 1585 528 provinciam
1608 501 1630 522 ει

902 531 950 563 M.
966 531 1112 562 Antonio
1129 532 1333 570 assignatam
1353 533 1528 563 recusavit.
1560 534 1633 565 Ant.

899 576 955 606 xii.
978 579 1026 609 17.

943 618 988 660 Q.
1020 618 1125 655 Naso,
1156 617 1291 648 Cluent.
1324 621 1375 649 53.
1407 623 1541 658 praetor,
1572 621 1629 658 qui

900 671 1007 692 causae
1025 661 1173 692 Cluentii
1189 661 1335 702 praesuit.
1352 660 1458 692 Flacc.
1474 663 1525 692 21.
1546 672 1630 701 prze-

898 711 953 736 tor
973 705 1070 736 Asiae.
1095 705 1166 736 Hos
1190 705 1266 735 duos
1294 705 1441 735 Nasones
1465 705 1507 735 P.
1530 712 1560 736 ee
1584 707 1629 747 Q.

891 750 1101 790 proetermisie
1125 748 1279 779 Heinsius
1299 759 1333 779 m
1357 748 1507 788 (matogo
1523 748 1632 780 Naso-

899 802 992 829 num,
1008 793 1054 823 ad
1073 791 1165 823 ovid.
1181 792 1289 832 Epist.
1309 795 1335 822 1.

943 836 1067 873 Natta,
1083 845 1100 866 e
1123 835 1286 873 Pinariis,
1304 836 1379 866 Div.
1405 836 1425 865 i.
1453 837 1502 867 12.
1534 836 1572 866 it.
1596 836 1632 868 ii.

899 881 952 911 2²0.
982 879 1053 918 ejus
1070 878 1287 910 simulacrum
1304 889 1343 909 ex
1360 889 1436 909 aere.

942 921 985 954 l..
1011 923 1134 959 Nacta,
1158 923 1247 954 Mur.
1271 925 1323 953 35.
1347 922 1514 952 laudatur.
1538 922 1633 954 Idem

898 972 1014 1006 post-ea
1031 966 1193 1006 pontifex,
1210 976 1275 1005 quo
1300 973 1472 1006 praeeunte
1494 965 1633 998 domum

899 1010 1068 1040 Ciceronis
1084 1009 1291 1040 consecravit
1307 1009 1453 1040 Clodius.
1466 1009 1629 1042 Dom.45.

897 1053 937 1083 de
949 1063 982 1083 eo
996 1055 1141 1092 intellige
1156 1052 1228 1083 Att.
1245 1054 1288 1083 iv.
1299 1055 1331 1084 8.
1352 1053 1407 1083 Ad
1428 1054 1514 1083 hunc
1529 1053 1632 1093 refert

905 1097 1047 1128 Ursinus
1061 1103 1186 1134 numos,
1202 1098 1236 1126 in
1251 1097 1366 1137 quibus
1383 1097 1498 1128 Naetoe
1518 1107 1631 1137 coguo-

900 1150 986 1171 men.
1003 1141 1042 1170 de
1057 1139 1176 1170 Fama.
1195 1139 1237 1170 R.
1247 1150 1284 1179 p.
1302 1142 1377 1173 5207.

945 1184 1087 1220 Navius,
1103 1183 1225 1221 Attius,
1244 1193 1274 1212 v.
1290 1184 1416 1213 Attius.

943 1227 1143 1263 Naucrates,
1168 1225 1368 1266 Erythraeus
1398 1227 1628 1265 Natu-ratitos,

898 1271 994 1301 Orat.
1011 1271 1046 1300 ii.
1062 1272 1115 1302 23.
1131 1271 1169 1300 it.
1182 1270 1229 1300 iii.
1241 1272 1295 1301 44.
1319 1269 1473 1300 Isocratis
1485 1269 1633 1310 discipu-

898 1314 962 1351 lus,
980 1313 1169 1344 historicus.
1192 1313 1260 1344 Hic
1281 1319 1338 1350 est,
1355 1314 1410 1353 qui
1431 1322 1505 1343 cum
1533 1313 1632 1344 Theo-

892 1368 1006 1398 pompo
1017 1362 1048 1387 et
1061 1356 1234 1388 Theodec-te
1245 1355 1395 1396 interjicit
1406 1357 1504 1396 agoni
1512 1356 1550 1386 de
1557 1358 1632 1387 lau-

898 1402 990 1432 dibus
1004 1401 1145 1432 Mausoli
1165 1400 1312 1430 dic-undis
1329 1401 1372 1430 ab
1387 1400 1563 1430 Artemisia
1580 1402 1631 1431 in-

898 1447 1019 1476 scituro.
1036 1444 1100 1474 vid.
1120 1444 1225 1475 Usser.
1243 1444 1288 1474 αιΙ
1302 1455 1334 1474 α.
1351 1444 1449 1475 3652.

944 1488 1175 1528 Nausiphanes
1198 1487 1303 1525 Teius,
1321 1487 1569 1525 Democriteus,
1585 1486 1630 1518 N.

898 1532 942 1562 Ι).
960 1533 980 1562 i.
998 1533 1050 1563 26.
1082 1531 1217 1571 Epicuri
1234 1532 1406 1570 magister,
1424 1530 1464 1560 ab
1488 1540 1527 1560 eo
1551 1539 1631 1560 con-

896 1576 1074 1605 temnitur.
1108 1575 1292 1613 Pyrrhonis
1328 1574 1508 1604 auditorem
1536 1578 1630 1605 vocae

899 1619 992 1650 Sext.
1007 1619 1042 1649 E
1046 1620 1141 1658 mpir.
1158 1619 1232 1649 adv.
1248 1617 1356 1648 Matla.
1372 1618 1444 1647 inii.
1463 1617 1630 1648 Laio-tius.

899 1663 1078 1693 Democriti
1097 1671 1232 1702 procem.
1263 1660 1348 1692 Sect.
1377 1663 1425 1691 15.
1448 1671 1478 1690 v.
1502 1660 1629 1691 Fabi-ic.

900 1707 946 1736 ad
960 1706 1100 1737 Sextum
1119 1708 1140 1736 l.
1156 1715 1183 1736 c.
1199 1704 1242 1746 ‘f-
1257 1704 1393 1744 Menag.
1408 1704 1452 1734 ad
1468 1704 1585 1734 Laeti.
1598 1715 1631 1735 x.

943 1793 1088 1829 Neocles,
1102 1792 1144 1823 N.
1160 1792 1204 1823 D.
1222 1792 1243 1822 i.
1258 1791 1312 1824 26.
1335 1790 1502 1832 Pamphili
1517 1789 1630 1821 Plato-

900 1837 967 1866 nici
983 1842 1090 1876 pater.

942 1880 1181 1920 Neoptolemus,
1205 1887 1390 1918 cognomen
1415 1877 1558 1917 Pyrrhi,
1582 1878 1627 1908 A·

897 1924 1086 1964 “hillis-filii.
1110 1923 1168 1952 Or.
1181 1923 1215 1952 ii.
1232 1925 1285 1955 37.
1300 1921 1401 1952 Tusc.
1418 1921 1452 1951 ii.
1472 1925 1499 1951 1.
1524 1920 1631 1961 philo-

898 1967 1031 2008 sophari
1049 1967 1095 1996 ait
1110 1966 1172 1996 sibi
1190 1975 1324 1996 necesse
1336 1973 1419 2001 esse,
1431 1964 1489 1994 sed
1502 1964 1629 2004 paucis.

943 2011 1129 2051 lVeptunus,
1146 2010 1211 2040 Off.
1226 2010 1247 2039 i.
1266 2012 1316 2040 10.
1339 2008 1460 2038 Thesei
1477 2007 1631 2048 precihus

896 2061 1084 2084 commotus
1102 2052 1285 2093 Hippolyto
1300 2061 1400 2091 equos
1418 2050 1568 2081 immisit.
1585 2049 1629 2081 N.

897 2099 941 2130 D.
954 2099 975 2128 i.
989 2100 1041 2128 23.
1068 2097 1218 2136 Neptuni
1238 2096 1325 2126 filius
1342 2096 1463 2125 dic—itur
1477 2094 1516 2124 de
1531 2095 1633 2124 homi·

895 2152 936 2172 ne
952 2142 1103 2179 immani,
1115 2149 1208 2178 soevo,
1224 2142 1358 2170 latrone.
1374 2138 1445 2169 vide
1458 2137 1575 2170 Davi-5.
1586 2137 1634 2169 ad

898 2188 929 2216 h.
948 2187 968 2215 l.

943 2228 999 2260 Ca.
1018 2228 1120 2264 Nero,
1136 2226 1229 2256 Verr.
1249 2226 1270 2255 i.
1290 2229 1338 2261 19.
1371 2229 1496 2265 praetor
1509 2224 1609 2255 Asiae.

941 2272 1010 2304 Tib.
1028 2271 1182 2302 Claudius
1194 2270 1296 2306 Nero,
1311 2268 1415 2299 Livioe
1428 2272 1505 2299 ante
1512 2268 1631 2307 Augu-

894 2322 983 2349 stum
1000 2316 1150 2346 maritus.
1167 2314 1208 2343 ad
1224 2313 1300 2344 niv.
1322 2312 1390 2342 xiii.
1413 2312 1466 2343 64.
1494 2311 1565 2342 Att.
1588 2312 1630 2341 vi.

896 2361 927 2391 6.
960 2361 1045 2400 petit
1069 2357 1237 2388 Ciceronis
1255 2356 1369 2386 filiam.
1392 2366 1423 2386 v.
1445 2355 1581 2386 Alanut.
1597 2357 1632 2384 et

895 2404 1085 2443 Malaspiua
1100 2401 1145 2432 ad
1159 2403 1182 2431 l.
1198 2411 1226 2430 ι·.
1255 2400 1310 2432 De
1330 2409 1364 2430 eo
1384 2410 1416 2430 v.
1440 2399 1572 2430 Sueten.
1594 2399 1632 2428 in

897 2447 966 2478 Tib.
990 2450 1022 2477 4.

940 2490 1184 2524 Neronianum,
1215 2486 1310 2517 Orat.
1340 2486 1375 2517 ii.
1402 2486 1456 2517 61.
1498 2484 1630 2515 dictum

898 2534 1044 2565 Neronis
1061 2531 1245 2571 enjusdam.

943 2578 1071 2613 Neri-a,
1089 2576 1129 2605 ad
1145 2575 1221 2606 Div.
1238 2584 1269 2604 x.
1290 2576 1339 2604 18.
1362 2571 1427 2602 vid.
1445 2570 1562 2604 Lam
1581 2569 1632 2602 G-

896 2623 996 2662 spius.
1028 2621 1147 2650 Nervae
1162 2621 1240 2648 sunt
1253 2627 1270 2648 e
1285 2616 1422 2648 Liciniis
1433 2627 1443 2644 .·
1465 2615 1505 2646 de
1518 2616 1631 2656 quibus

897 2675 936 2695 sn
980 2675 1012 2694 a.

933 2675 1126 2742 &Gestar-ius,
1151 2704 1193 2735 ad
1220 2704 1297 2735 Div.
1322 2703 1367 2733 vi.
1403 2705 1452 2733 11.
1478 2711 1542 2742 pro
1570 2710 1634 2741 quo

905 2751 1012 2782 Groev.
1046 2749 1216 2780 Vestorius
1231 2759 1242 2786 ;
1287 2746 1459 2777 familiaris
1498 2745 1631 2776 Cicero-

898 2804 963 2826 ms.

943 2837 1116 2869 Nicander
1142 2834 1357 2874 Colophonius,
1376 2832 1434 2864 Or.
1457 2832 1479 2862 i.
1507 2832 1556 2862 16.
1588 2829 1630 2860 dc

898 2882 996 2913 rebus
1013 2880 1145 2911 rusticis
1161 2878 1304 2918 scripsit.
1329 2876 1469 2917 Respicit
1483 2875 1528 2905 ad
1541 2885 1630 2915 γωρ-

899 2923 988 2964 ογιιιῦ,
1011 2933 1082 2966 qua
1105 2923 1147 2954 ab
1170 2919 1416 2957 Eustatlnioad
1441 2918 1576 2955 Homer.
1600 2919 1632 2949 et
