1800 3131
126 179 210 220 246

183 275 409 308 conturbatus.
429 273 529 306 Tusc.
542 274 633 310 iiia.
649 277 861 308 conturbatus

136 320 272 351 oculus:
297 320 319 350 i.
335 330 364 349 e.
380 319 495 350 morbo
510 319 659 350 affectus.

185 364 397 394 Contu-roario.
431 363 513 402 Top.
550 365 600 394 12.
629 363 799 401 titubatio,
829 370 863 394 et

138 408 166 439 si
181 418 255 448 quae
271 407 337 438 alia
361 408 458 447 signa
471 407 721 437 conturbationis
736 411 770 437 et
785 417 863 438 con-

137 452 297 482 scientiae.

187 495 362 526 Convector.
393 494 462 524 Att.
487 504 518 523 x.
552 496 600 527 17.
631 495 707 524 navi
737 495 807 532 ejus
831 499 866 524 et

137 539 208 579 ipso
225 542 400 568 convectore
414 547 467 567 me
486 547 623 567 usurum
643 541 735 576 puto.

187 582 379 619 Convellere,
404 581 559 611 refutare.
593 581 650 610 Or.
676 581 710 610 ii.
743 583 795 610 51.
825 589 865 609 ne

137 624 313 657 convellere
328 625 518 656 adoriamur
539 633 590 660 ea,
607 632 680 661 quae
705 633 772 653 non
794 632 868 662 pos-

139 670 208 700 sint
230 669 441 699 commoveri.
470 667 636 706 *eripcrm
666 665 737 696 Act.
760 677 790 695 v.
815 667 867 696 ⁶20.

139 716 190 751 ut,
220 712 309 752 quod
338 715 397 742 tuo
428 720 567 749 meoque
597 710 760 740 beneficio
786 719 869 749 puer

138 756 253 794 habet,
270 766 311 786 ne
327 765 393 794 qua
406 754 532 785 ratione
547 754 757 783 com-ellalur.

188 800 393 835 Conveniens,
417 798 558 833 amicus,
581 805 729 827 concois.
761 796 826 826 Oii'.
847 797 868 825 i.

142 846 193 878 17.
236 843 321 873 bene
351 842 566 872 com-eniemes
594 840 783 880 propinqui.
825 839 868 870 cf.

140 887 237 918 Rosc.
255 886 330 916 Am.
347 887 400 915 34.
422 885 505 914 item
522 884 744 914 consentiens.
768 883 869 914 Dom.

140 931 175 961 ii.
192 932 224 961 4.
252 929 436 960 conveniens
455 932 490 958 et
511 928 694 967 conjuncta
716 931 870 958 constan-

138 975 199 1004 tia.

189 1016 416 1047 Convenientia
444 1018 586 1045 naturae.
618 1014 661 1045 N.
684 1014 727 1045 D.
754 1014 800 1044 iii.
820 1017 870 1045 11.

139 1064 191 1091 est
208 1058 392 1099 συμπάθεια.
417 1058 459 1089 cf.
477 1059 554 1089 Div.
571 1058 606 1087 ii.
626 1059 673 1089 15.
690 1058 742 1088 60.
770 1057 871 1088 *Fim

140 1105 188 1137 iii.
205 1104 235 1134 6.
267 1102 356 1142 quod
370 1101 529 1142 ὁμολογίαν
544 1101 659 1139 Stoici,
677 1111 736 1131 nos
759 1101 872 1141 appel-

140 1147 250 1179 lemus
269 1147 534 1183 convenientiam,
550 1146 578 1175 si
600 1144 720 1184 placet.
752 1144 771 1163 ³¹⁵
785 1145 871 1174 Con-

141 1200 272 1227 sensus,
286 1190 486 1220 constantia.
504 1189 585 1219 Nat.
601 1189 644 1219 D.
662 1189 696 1219 ii.
714 1190 766 1220 21.
784 1187 872 1218 hane

141 1235 178 1266 in
208 1233 312 1264 stellis
347 1233 586 1270 constantiam,
616 1232 704 1263 hanc
740 1235 871 1262 tantam

140 1281 214 1308 tam
229 1278 328 1308 variis
344 1278 493 1307 cursibus
509 1277 543 1306 in
568 1278 659 1306 omni
684 1276 872 1306 {eternitate

140 1322 396 1353 convenientiam
417 1327 620 1360 temporum.
649 1319 731 1350 Lael.
755 1321 806 1353 27.
837 1320 873 1349 in

141 1365 294 1396 amicitia
315 1369 366 1394 est
388 1365 607 1395 convenientia
629 1373 752 1398 rerum,
776 1363 810 1393 in
834 1373 875 1393 ca

142 1408 321 1446 stabilitas,
338 1408 373 1438 in
389 1418 428 1438 ea
443 1408 642 1438 constantia.

192 1452 432 1483 Convenienter.
460 1452 561 1482 Tusc.
592 1456 623 1486 9.
654 1451 874 1481 convenienter

143 1496 252 1527 dicere
269 1495 414 1535 aliquid;
435 1495 474 1525 de
487 1494 691 1535 philosophis
708 1499 770 1531 est,
782 1504 873 1532 cum,

143 1540 234 1578 quod
249 1538 380 1577 dieunt,
392 1548 460 1569 non
472 1544 640 1579 repugnat
655 1538 728 1570 aliis
743 1538 874 1578 placitis

144 1583 306 1625 ipsorum.
329 1592 359 1613 v.
375 1586 579 1613 constanter.

192 1627 377 1657 Convenire.
400 1627 436 1656 in
452 1626 597 1665 aliquem
613 1626 780 1656 convenire
795 1625 875 1655 dici-

142 1672 212 1709 tur,
229 1669 318 1709 quod.
334 1670 376 1700 ad
391 1680 467 1704 eum
489 1669 650 1709 pertinet,
666 1669 701 1699 in
726 1678 803 1699 eum
821 1679 875 1698 ca-

143 1713 206 1752 dit,
223 1714 254 1743 ei
269 1717 388 1753 aptum
405 1717 467 1743 est.
489 1712 587 1744 Rosc.
605 1713 679 1743 Am.
696 1714 749 1744 33.
768 1712 876 1752 suspi-

144 1757 197 1787 cio
219 1758 363 1787 convenit
385 1757 421 1787 in
444 1756 602 1796 aliquem.
633 1755 715 1786 Sull.
734 1760 765 1790 7.
798 1765 875 1785 con-

143 1800 286 1831 tumelia
315 1800 357 1830 ad
386 1801 567 1831 maximam
594 1804 724 1840 partem
752 1800 875 1829 civium

144 1845 300 1875 convenit.
331 1844 402 1874 Fin.
425 1844 472 1874 iii.
496 1847 543 1875 14.
574 1844 601 1874 si
625 1843 779 1874 cothurni
803 1843 874 1873 laus

144 1892 245 1925 esset,
263 1887 302 1917 ad
327 1887 447 1928 pedem
465 1892 543 1927 apte
559 1888 735 1918 convenire.
766 1887 784 1905 ²*
796 1896 875 1917 con-

144 1936 246 1968 stare,
274 1932 475 1961 consentire.
508 1931 608 1962 Tusc.
636 1941 666 1961 v.
699 1934 745 1961 11.
775 1940 875 1969 quam

144 1975 206 2006 sibi
223 1976 399 2005 conveniat.
425 1985 454 2004 v.
470 1975 718 2005 convenienter.
743 1974 812 2004 Fin.
829 1974 875 2003 iii.

145 2020 200 2050 22.
230 2018 394 2058 posterius
409 2018 509 2058 priori
527 2028 594 2048 non
608 2019 762 2048 convenit.
794 2017 813 2035 *²
825 2027 876 2047 res

145 2063 303 2098 crmvenit,
328 2071 405 2093 cum
436 2063 650 2102 componitur
673 2062 877 2102 pacificatio-

146 2115 188 2136 ne
206 2106 266 2135 διε.
282 2105 352 2135 Att.
370 2106 414 2135 ix.
431 2106 461 2136 6.
491 2105 638 2145 dumque
659 2116 729 2136 rem
747 2115 877 2135 conven-

147 2153 259 2180 turam
276 2153 447 2189 putamus.
479 2149 564 2180 Phil.
580 2149 647 2179 xiii.
668 2153 695 2179 1.
726 2150 753 2179 si
769 2158 878 2179 conve-

147 2194 257 2231 nisset,
277 2202 321 2222 sc.
346 2203 408 2233 pax
434 2194 523 2222 inter
546 2192 672 2223 Sullam
696 2197 728 2222 et
753 2192 877 2231 Scipio-

148 2246 239 2267 nem.
268 2235 350 2276 Leg.
367 2237 388 2266 i.
404 2238 456 2267 20.
488 2237 515 2266 si
532 2236 661 2267 nollent
685 2240 819 2266 aetatem
843 2237 877 2266 in

146 2280 261 2311 litibus
274 2284 456 2316 conterere,
467 2290 560 2320 posse
573 2290 642 2310 rem
653 2281 830 2310 convenire.
847 2289 876 2310 V.

148 2324 250 2354 Gron.
267 2324 404 2353 Sestert.
421 2334 452 2364 p.
469 2326 544 2355 213.
571 2323 635 2353 *in
651 2334 788 2354 inanum
805 2333 879 2353 con-

147 2369 267 2399 venire.
296 2367 380 2407 Top.
405 2370 434 2397 3.
466 2367 625 2397 (licuntur
650 2377 781 2404 uxores,
806 2366 878 2406 qui-

150 2411 290 2441 buscum
314 2417 373 2441 aut
397 2421 461 2441 usu
484 2415 543 2441 aut
559 2411 747 2441 coemtione
766 2411 879 2440 matri-

149 2455 301 2485 monium
325 2454 546 2484 contrahitur.
577 2465 607 2484 v.
632 2454 714 2484 Intt.
739 2454 780 2484 ad
802 2454 824 2484 l.
849 2464 878 2484 c.

150 2497 256 2527 Flacc.
281 2500 333 2529 34.
366 2497 488 2529 mulier
510 2499 544 2527 in
568 2507 705 2527 manum
729 2507 879 2528 convene—

148 2546 215 2571 rat.
246 2541 346 2571 Nunc
363 2541 472 2572 audio.
506 2541 572 2571 Sed
587 2551 717 2580 quaero:
744 2551 818 2578 usu,
836 2551 879 2571 an

148 2585 357 2615 coemtione?
405 2584 458 2616 hic
497 2588 550 2615 est
584 2584 674 2615 locus
713 2585 878 2615 classicus.

147 2628 272 2658 *Vcrn
296 2628 330 2657 ii.
358 2631 406 2658 15.
436 2629 614 2659 adversarii
637 2628 820 2668 postulunt,
841 2634 880 2659 ut

148 2672 185 2702 in
201 2681 276 2701 eam
293 2681 361 2701 rem
379 2671 512 2711 judices
528 2672 652 2702 (lentur
665 2682 704 2702 ex
726 2672 776 2701 his
800 2672 879 2701 civi-

148 2715 288 2751 tatibus,
313 2725 385 2753 quae
409 2716 442 2744 in
467 2716 500 2745 id
524 2715 633 2745 forum
657 2717 878 2746 convenirent:

150 2758 204 2789 die
221 2759 256 2788 in
269 2758 359 2787 diese
373 2758 579 2790 Creis-Stadt
595 2759 779 2799 gchoerten‚
792 2759 881 2798 quod

147 2801 219 2833 scil.
251 2811 290 2831 eo
326 2803 563 2839 conveniebam,
603 2813 680 2833 cum
711 2807 880 2833 conventus

145 2848 269 2886 praetor
299 2850 425 2883 ageret,
450 2847 569 2884 quibus
600 2846 725 2885 aliquid
749 2850 880 2877 contro-

148 2888 263 2919 versiae
295 2893 393 2918 esset.
427 2899 457 2918 v,
490 2890 679 2920 conventus.
715 2890 879 2921 rement.

146 2935 201 2963 43.
224 2931 405 2962 Neminem
423 2931 600 2963 voluerunt
617 2934 758 2971 majores
774 2934 879 2964 nostri

145 2984 214 3008 non
231 2975 329 3007 modo
343 2975 384 3006 de
400 2976 649 3008 existimatione
666 2979 877 3017 cujusquam,

646 186 793 216 INDEX
825 187 1120 217 LATINITATIS.

905 277 962 307 sed
980 287 1020 307 ne
1044 276 1237 317 pecuniaria
1259 275 1393 316 quidem
1416 275 1457 307 de
1479 287 1514 308 re
1530 277 1631 308 mini-

907 331 961 351 ma
984 330 1054 350 esse
1070 321 1235 358 judicem,
1252 321 1314 350 nisi
1337 320 1394 358 qui
1417 320 1505 352 inter
1519 321 1633 352 adver-

906 365 1008 395 sarios
1030 365 1236 394 convenisset.-
1268 374 1341 404 pm,
1365 362 1405 392 de
1436 374 1501 402 quo
1523 374 1632 395 conve-

907 410 1012 438 nisses.
1044 408 1158 438 cedem
1178 407 1275 437 modo
1291 407 1414 437 dicitur
1432 407 1528 444 illud,
1545 407 1634 446 quod

907 460 1006 490 supra
1020 451 1212 481 attulimus:
1237 461 1288 481 rcs
1299 452 1449 482 convenit.
1468 452 1527 481 ἀς.
1543 451 1633 481 *Ra-

909 505 972 524 rwr
989 496 1193 524 constructio
1209 501 1260 524 est
1281 495 1360 525 Nat.
1377 495 1419 524 D.
1439 494 1471 524 ii.
1489 497 1540 529 29.
1571 503 1634 524 nee

908 537 970 567 hoc
986 539 1065 568 inte
1080 549 1145 568 uno
1158 540 1320 568 convenis.-
1345 547 1404 578 pro
1420 539 1453 567 iu
1466 546 1499 568 te
1514 547 1632 568 unum.

909 581 962 610 sie
979 587 1012 610 et
1030 585 1165 611 sueton.
1180 582 1265 620 Aug.
1283 586 1335 612 ¹25.
1362 582 1420 612 sed
1437 581 1529 612 locus
1544 586 1637 611 uter·

909 634 972 663 que
989 630 1040 654 est
1055 632 1240 664 suspectus.

958 668 1162 698 Conventum.
1190 669 1311 699 Caecin.
1334 671 1380 699 18.
1409 669 1499 709 pacti
1515 673 1551 699 et
1564 678 1636 699 cem·

908 713 996 741 venti
1008 710 1163 741 formula.

959 754 1144 791 Omoemus,
1158 763 1280 784 corona
1294 755 1484 786 auditorum
1500 755 1536 784 in
1547 754 1639 794 judi-

911 798 980 828 ciis.
1010 798 1107 828 Brut.
1125 798 1177 828 6⁶2.
1207 797 1345 828 minime
1369 798 1485 838 dignos
1504 798 1638 837 elegan-

909 843 953 871 tis
969 846 1139 872 conventus
1153 841 1300 877 auribus,
1317 842 1504 881 aptissimos
1516 851 1638 880 cogno-

911 886 942 915 vi
967 885 1169 916 turbulentis
1203 885 1427 915 concionibus.
1466 885 1556 914 Sext.
1583 885 1637 916 56.

911 930 992 965 scio,
1009 929 1090 968 quid
1105 929 1248 968 gravitas
1265 932 1372 959 vestra
1390 929 1448 967 (sc.
1465 927 1635 967 judicum)

912 972 992 1011 quid
1008 973 1077 1002 haec
1099 972 1280 1010 advocatio,
1298 972 1378 1011 quid
1399 972 1456 1002 ille
1471 975 1641 1002 com-entus

913 1018 972 1050 oze.
1008 1015 1165 1056 postulet.
1202 1016 1258 1046 ubi
1288 1016 1351 1045 vid.
1384 1016 1518 1046 Manut.
1552 1015 1642 1055 *pa-

913 1064 1018 1089 ctum.
1050 1059 1120 1090 Att.
1135 1060 1176 1089 vi.
1193 1064 1224 1090 3.
1254 1069 1294 1089 ex
1317 1065 1416 1099 pacto
1435 1064 1469 1089 et
1485 1063 1641 1090 conventu

913 1103 953 1132 ab
969 1103 1080 1142 aliquo
1096 1103 1275 1134 discedere.
1308 1103 1432 1134 Caeein.
1449 1106 1479 1134 8.
1505 1112 1546 1133 ex
1567 1112 1641 1133 eon-

912 1151 1011 1177 ventu
1040 1149 1099 1176 &tn
1129 1147 1147 1164 *⁶
1165 1150 1191 1176 1.
1219 1147 1312 1184 Dies,
1335 1157 1400 1186 quo
1427 1147 1642 1186 magistratus

913 1190 1124 1230 provincialis
1143 1191 1178 1220 in
1195 1191 1328 1220 civitate
1345 1190 1456 1230 aliqua
1471 1190 1529 1229 jus
1546 1189 1643 1228 dicit,

915 1234 1180 1273 quaestionesque
1225 1244 1400 1264 causarum
1445 1233 1642 1274 capitalium

914 1281 1055 1307 exercet.
1083 1277 1139 1306 Gr.
1155 1277 1300 1320 ἀγὸξαως.
1344 1277 1395 1308 De
1410 1278 1473 1312 hoc
1489 1281 1646 1308 com-enm

914 1321 978 1351 vid.
995 1322 1097 1351 etiam
1112 1319 1288 1360 Theophil.
1306 1321 1418 1352 instit.
1435 1323 1465 1358 ξ.
1481 1323 1513 1352 4.
1536 1321 1594 1360 qui
1608 1326 1645 1351 et

915 1374 932 1395 e
963 1365 1082 1404 quibus
1111 1365 1218 1395 causis
1246 1374 1398 1402 manum,
1428 1374 1497 1395 non
1520 1364 1643 1404 possit:

914 1412 949 1438 et
964 1409 1009 1438 ibi
1034 1408 1177 1438 Fabrott.
1224 1407 1312 1438 Hinc
1335 1408 1428 1439 Verr.
1444 1418 1474 1437 v.
1493 1411 1542 1438 ll.
1572 1418 1644 1438 con-

914 1457 1028 1482 ventus
1044 1462 1152 1491 agere.
1183 1452 1223 1481 iv.
1241 1455 1294 1482 48.
1310 1456 1480 1482 conventus
1498 1451 1644 1482 indicere

917 1496 975 1526 &a
1007 1496 1049 1525 cf.
1073 1495 1114 1526 ad
1140 1496 1216 1526 Div.
1243 1496 1288 1526 iii.
1319 1499 1349 1527 8.
1387 1495 1499 1526 vatin.
1526 1498 1557 1526 5.
1582 1495 1645 1526 ἃς.

915 1540 1030 1570 Ducta
1058 1543 1109 1569 est
1139 1539 1224 1569 ratio
1254 1539 1344 1576 inde,
1374 1539 1462 1578 quod
1491 1538 1646 1571 homines

916 1593 994 1613 cum
1006 1583 1042 1620 ii,
1056 1583 1112 1621 qui
1125 1583 1251 1622 aliquid
1261 1583 1495 1613 controversiae
1506 1582 1647 1620 habent,

915 1630 989 1656 tum
1008 1626 1077 1663 alii,
1095 1626 1249 1656 audiendi
1272 1636 1384 1663 causa,
1400 1626 1452 1656 his
1476 1626 1594 1656 diebus
1609 1625 1647 1656 in

916 1670 985 1700 foro
1002 1672 1167 1700 convenire
1182 1670 1300 1700 solent.
1316 1680 1347 1700 v.
1368 1670 1552 1700 convenire.
1573 1668 1647 1699 Un-

917 1714 956 1743 de
981 1717 1016 1743 et
1037 1714 1142 1753 ipsam
1167 1723 1322 1743 coronam
1347 1714 1536 1744 auditorum
1555 1713 1649 1752 judi-

918 1757 1035 1787 cialem
1051 1761 1240 1788 conventum
1262 1757 1327 1787 dici
1351 1758 1504 1788 vidimus.
1548 1758 1580 1788 2.
1595 1756 1647 1787 Ab

917 1801 968 1831 his
991 1801 1195 1832 cum-entibus
1218 1801 1297 1840 ipsae
1323 1801 1435 1838 urbes,
1460 1801 1496 1830 in
1526 1800 1647 1839 quibus

918 1844 1117 1884 agebantur,
1145 1845 1245 1874 etiam
1272 1848 1445 1875 conventus
1475 1843 1648 1874 dicuntur.

918 1888 1010 1918 Verr.
1028 1888 1062 1917 ii.
1087 1890 1139 1919 20.
1169 1898 1220 1918 res
1245 1888 1285 1918 ab
1308 1888 1400 1918 omni
1417 1891 1573 1918 conventu.
1594 1897 1650 1917 co·

918 1932 1025 1971 gnita,
1038 1931 1191 1962 celeriter
1203 1931 1340 1961 domum
1354 1931 1545 1962 nunciatur.
1574 1931 1650 1961 Ser-

919 1985 974 2005 mo
997 1979 1047 2004 est
1077 1975 1118 2005 de
1150 1976 1229 2005 urbe
1259 1975 1474 2015 Syracusana.
1519 1973 1594 2013 Lig.
1617 1977 1649 2005 8.

918 2023 1088 2049 conventus
1111 2019 1199 2048 firmi
1222 2023 1322 2057 atque
1343 2019 1468 2058 magni.
1492 2020 1523 2049 3.
1547 2017 1652 2057 inpri-

919 2064 982 2092 mis
1016 2066 1126 2092 autem
1159 2066 1332 2092 conventus
1366 2062 1526 2092 dicuntur
1562 2062 1650 2091 cives

918 2106 1074 2143 Romani,
1092 2106 1149 2145 qui
1173 2106 1205 2136 in
1230 2106 1392 2145 ejusmodi
1416 2106 1497 2136 urbe
1521 2105 1650 2144 negoti-

919 2149 997 2180 andi
1025 2159 1125 2180 causa
1150 2149 1356 2180 domicilium
1382 2149 1443 2180 sibi
1467 2149 1651 2179 constitue-

919 2197 1010 2223 runt.
1034 2193 1127 2224 Verr.
1144 2194 1178 2223 ii.
1195 2196 1244 2224 13.
1268 2203 1308 2223 ex
1324 2193 1447 2223 civium
1462 2193 1502 2224 R.
1517 2201 1651 2223 conven-

920 2241 966 2267 m.
1000 2237 1077 2266 ibid.
1101 2248 1130 2267 v.
1153 2238 1206 2268 36.
1240 2238 1265 2266 is
1289 2241 1340 2266 est
1361 2240 1532 2267 contentus
1555 2235 1649 2276 Syra-

921 2281 1007 2311 cusis
1031 2281 1153 2310 civium
1177 2281 1274 2310 Rom.
1302 2280 1346 2310 cf.
1366 2290 1397 2310 v.
1414 2283 1444 2311 5.
1461 2279 1495 2310 ii.
1515 2281 1564 2309 13.
1589 2279 1650 2309 διο.

921 2324 986 2354 vid.
1003 2323 1147 2354 Gronov.
1165 2324 1244 2354 Ohs.
1261 2324 1308 2354 iii.
1323 2325 1376 2355 2⁶2.

971 2368 1144 2405 Conversio,
1176 2367 1396 2397 commutatio
1425 2367 1460 2396 in
1490 2366 1649 2397 deterius.

920 2412 1021 2441 Dom.
1054 2414 1100 2441 18.
1132 2412 1288 2441 conversio
1315 2414 1431 2440 status.
1463 2410 1569 2440 Flacc.
1596 2412 1652 2440 38.

921 2455 1078 2485 conversio
1094 2464 1205 2484 rerum
1221 2462 1254 2483 et
1268 2454 1487 2493 perturbatio.
1511 2454 1530 2472 ²*
1540 2453 1651 2483 Perio.

922 2498 954 2528 di
971 2499 1072 2528 etiarn
1090 2498 1247 2528 dicuntur
1263 2499 1475 2527 conversiones
1492 2496 1651 2528 orationis

922 2546 982 2572 aut
1004 2541 1189 2571 verborum.
1220 2541 1276 2571 Or.
1302 2541 1350 2571 iii.
1365 2544 1418 2572 48.
1434 2543 1486 2575 49.
1519 2539 1571 2570 lta
1593 2549 1652 2570 au-

921 2590 989 2615 tem
1004 2585 1175 2622 dicuntur,
1188 2586 1266 2623 quia
1276 2584 1488 2614 convertenda
1502 2585 1651 2621 oratione

922 2630 1123 2659 efficiuntur.
1147 2639 1176 2659 v,
1193 2638 1369 2658 com-ersus.

972 2673 1162 2709 Conversus,
1192 2672 1416 2711 perturbatus.
1459 2669 1568 2701 Flacc.
1598 2672 1652 2700 38.

922 2716 1237 2756 respublaeomoema.
1263 2714 1410 2744 *Partim
1427 2717 1458 2748 7.
1484 2713 1653 2752 reliquum

922 2766 985 2797 est,
1009 2766 1048 2789 ut
1072 2759 1173 2796 dicas,
1193 2759 1232 2788 de
1255 2767 1407 2788 conversa
1428 2757 1579 2787 oratione
1603 2760 1653 2786 at-

922 2813 986 2842 que
1011 2806 1152 2832 mutata.
1196 2801 1286 2842 Quid
1308 2801 1352 2831 sit
1373 2805 1556 2831 convertere
1581 2809 1655 2830 ora-

922 2848 1063 2883 tionem,
1080 2846 1203 2876 ibidem
1221 2845 1369 2875 docetur.
1499 2876 1501 2879 ,
1532 2874 1535 2877 ,

971 2889 1167 2920 Convertere.
1191 2889 1287 2919 Brut.
1302 2891 1355 2919 38.
1379 2887 1438 2918 sed
1452 2887 1517 2917 hoc
1532 2886 1653 2917 vitium

922 2934 1000 2964 huic
1017 2934 1074 2963 uni
1090 2933 1124 2962 in
1143 2933 1269 2962 bonum
1286 2932 1497 2962 con-vertebat.
1527 2929 1567 2960 de
1590 2929 1653 2960 hoe

922 2987 987 3008 usu
1003 2977 1094 3007 verbi
1117 2979 1245 3007 vertere
1269 2978 1304 3005 et
1317 2979 1499 3007 convertere
1513 2983 1544 3004 v.
1561 2972 1654 3004 Cort.
