1800 3131
391 270 395 274 ,
453 174 777 262 INDEX
833 195 1425 272 HlsToRlcus.

200 415 492 473 ABSYRTUS,
502 436 580 468 Nat.
594 438 635 468 D.
646 438 692 467 iii.
706 440 753 472 19.
766 437 849 478 apud
859 438 918 468 Pa-

198 477 329 508 cuvium
351 478 531 516 AEgz'aleus
554 489 578 509 s.
594 480 758 518 AEgialus
780 480 915 510 dicitur:

199 517 325 550 Medeae
340 520 452 557 frater,
475 521 512 551 de
527 523 577 561 cuj
584 531 620 551 us
635 521 721 551 cande
743 526 791 551 est
805 531 862 561 pro
876 522 917 551 L.

198 559 318 592 Mami.
333 567 363 596 9.
376 563 415 593 de
429 563 513 593 Nat.
526 563 573 594 D.
589 564 632 594 iii.
649 564 699 594 26.
714 563 806 594 Ocid.
818 563 918 594 Trist.

197 602 244 632 iii.
259 607 290 635 9.

239 646 431 683 Academia,
443 647 647 687 gymnasium
658 646 805 684 Athenis.
818 646 916 677 Acad.

199 686 222 716 i.
239 689 268 717 4.
285 688 456 718 Academia
474 693 564 719 vetus
579 696 663 727 aqua
676 689 826 719 absumta
840 689 906 719 diu.

240 729 438 766 Academici,
454 729 587 760 Veteres
602 731 699 761 iidem
714 731 769 769 qui
789 731 918 771 Peripa-

196 771 302 809 tetici,
319 772 412 803 Offie.
430 772 475 802 iii.
489 775 520 803 4.
536 777 570 803 et
585 773 696 803 Stoici.
712 773 788 803 ibid.
803 773 823 802 i.
843 776 867 803 1.
888 776 917 804 2.

197 812 365 844 licentiam
387 814 523 851 habent,
550 815 775 854 quodcumque
802 816 918 854 proba-

197 855 261 885 bile
283 860 345 892 cst,
366 855 547 887 defendere.
571 857 663 887 Offic.
692 857 738 887 iii.
761 860 791 889 4.
815 858 918 888 totius

198 896 412 938 philosophiae
432 898 635 929 Academicae
657 899 775 929 veteris
801 898 918 929 descri-

197 939 281 978 ptio,
294 941 488 970 constitutio
502 945 536 971 et
551 942 647 978 ratio,
664 942 698 971 in
710 940 916 980 compendio,

197 980 237 1010 (le
252 981 321 1011 Fin.
336 982 377 1011 iv.
400 984 429 1013 2.
443 985 473 1013 3.
486 985 516 1013 4.
531 985 556 1012 5.
571 983 601 1013 6.
616 987 646 1017 7.
664 986 693 1014 8.
707 982 806 1012 Acad.
822 983 844 1012 i.
856 985 918 1012 4-

196 1027 227 1057 9.
241 1023 442 1054 Academicae
456 1024 671 1065 philosophiae
680 1025 817 1055 historia
828 1036 847 1055 a
860 1025 918 1055 So-

195 1070 283 1095 crate
293 1065 334 1095 ad
342 1065 532 1104 Arcesilam,
541 1067 639 1098 Acad.
651 1067 672 1097 i.
683 1069 796 1097 4-13,
809 1067 849 1097 ab
857 1068 917 1098 Ar-

195 1107 294 1137 cesila
306 1107 345 1137 ad
360 1108 574 1148 Carneadem,
587 1119 661 1148 quae
672 1114 722 1139 est
736 1118 818 1139 nova
832 1109 917 1140 Aca*

196 1150 314 1179 demia.
327 1149 404 1180 ibid.
422 1154 470 1181 13.
485 1160 553 1191 sqq.
588 1151 774 1182 Academici
790 1152 916 1192 opinari

195 1197 343 1231 possunt,
366 1196 399 1221 et
413 1193 553 1234 sapienti
574 1194 700 1234 opinari
722 1193 818 1225 licere
840 1203 918 1224 con-

195 1233 348 1264 tendunt.
392 1234 491 1266 Acad.
507 1237 548 1266 iv.
564 1238 614 1267 35.
628 1245 697 1276 sqq.

237 1276 389 1312 Acastus,
410 1277 451 1307 ad
467 1278 594 1308 Divers.
612 1279 676 1308 xiv.
698 1280 727 1308 5.
744 1278 806 1308 xvi.
829 1281 858 1309 5.
875 1278 916 1309 ad

194 1317 296 1350 Attio.
310 1318 494 1358 saepissime.
540 1320 705 1350 Ciceronis
718 1329 839 1351 servus.

239 1360 281 1390 L.
304 1360 433 1398 Accius,
456 1371 481 1392 s.
496 1362 619 1399 Attius,
644 1363 765 1392 Heren.
788 1363 809 1393 i.
831 1365 863 1394 4.
887 1368 916 1394 et

197 1402 335 1443 infinitis
354 1403 429 1433 ali-is
451 1405 534 1435 locis.
579 1405 843 1436 Controversiam
860 1405 918 1436 ha-

196 1444 269 1474 buit
290 1448 430 1483 praetore
450 1446 485 1476 P.
504 1446 627 1476 Mucio.
657 1447 779 1477 Heren.
802 1448 835 1478 ii.
856 1450 916 1478 .13.

197 1486 377 1516 Familiaris
394 1487 436 1517 D.
451 1488 560 1526 Bruti,
575 1489 670 1520 Brut.
687 1491 738 1520 2²8.
763 1489 806 1520 D.
820 1490 917 1521 Bruti

195 1533 410 1559 monumenta
423 1531 566 1560 versibus
580 1535 689 1567 ornat,
704 1531 801 1562 Arch.
817 1536 846 1566 9.
860 1542 917 1562 an-

195 1569 285 1600 nales
303 1571 443 1611 scripsit,
467 1573 520 1611 qui
543 1572 732 1604 laudantur.
755 1574 849 1605 Brut.
871 1578 916 1605 18.

197 1613 230 1642 Izi
245 1614 381 1643 annales
398 1615 543 1644 carmine
555 1616 667 1655 scripti
679 1614 839 1654 fuerunt,
854 1618 918 1647 ita-

196 1664 256 1694 que
268 1655 307 1683 de
322 1654 403 1692 Leg.
419 1656 439 1686 i.
463 1657 561 1687 zahi
580 1663 854 1689 commemoratur
868 1660 918 1689 in-

197 1701 247 1726 ter
268 1697 431 1728 historicos
446 1698 583 1729 Latinos
592 1700 767 1738 prosaicos,
778 1710 840 1740 pro
855 1702 918 1731 Ac-

196 1739 265 1769 cius
284 1739 344 1769 alii
368 1741 480 1778 legunt
494 1740 623 1778 ,Macen
643 1743 727 1781 quod
740 1752 780 1772 ear:
798 1743 918 1774 Codici-

197 1782 254 1811 bus
265 1781 389 1820 firmat
411 1781 581 1812 Davisius.
595 1782 671 1822 fuit
693 1788 804 1815 autem
821 1788 919 1825 poe'ta

197 1823 340 1853 Latinus
362 1823 534 1863 Tragiczcs,
550 1826 638 1855 circa
653 1835 780 1856 annum
801 1827 840 1857 U.
862 1836 917 1858 Dc.

197 1863 285 1905 Ejus
296 1864 425 1904 fabulo?
443 1867 612 1906 scepissime
634 1868 817 1899 laudantur
830 1880 851 1900 a
865 1881 917 1900 ve-

195 1908 327 1944 teribus,
340 1917 481 1947 quarum
483 1908 686 1948 fragmenta
695 1919 716 1939 a
730 1910 916 1951 Stephanis,

196 1948 353 1982 Delrione
365 1953 396 1980 et
411 1950 573 1981 Scriverio
587 1953 718 1982 collecta
732 1958 819 1983 sunl.

239 1991 281 2022 P.
303 1992 420 2022 Accius
441 2003 502 2033 pro
521 1993 633 2023 Actius
646 1993 696 2024 vel
717 1995 824 2033 Atius,
839 1995 912 2035 Lig.

195 2036 226 2065 2.
242 2035 299 2064 &cn
314 2039 363 2064 est
377 2035 494 2072 Varus,
508 2035 625 2075 dequo
640 2036 674 2066 in
699 2035 818 2067 Varus.
862 2037 917 2068 De

194 2077 354 2106 varietate
367 2078 535 2116 scripturo?
547 2088 576 2107 υ.
591 2076 712 2109 Burm.
725 2079 771 2109 ad
784 2079 916 2111 Sueton.

194 2118 283 2157 Aug.
300 2129 325 2148 c.
340 2121 370 2148 4.
386 2123 416 2149 et
433 2119 528 2158 Virg.
544 2119 631 2150 ,Em
648 2130 678 2150 v.
707 2121 778 2152 568.

238 2161 277 2191 Τ.
305 2160 432 2198 Accius,
456 2162 655 2191 pisaurensis
676 2162 771 2193 Brut.
795 2166 845 2196 73.
873 2163 915 2193 Ε-

195 2212 271 2242 ques
294 2203 390 2233 Rom.
423 2203 478 2242 qui
498 2205 661 2234 accusavit
695 2204 816 2235 Aulum
837 2205 915 2238 Clu-

194 2246 332 2275 entium.
350 2245 562 2285 Hermagorae
574 2250 737 2286 praecepta
748 2247 914 2279 didicerat.

236 2288 396 2323 Achanto,
417 2287 455 2317 de
472 2288 551 2318 Nat.
572 2288 615 2318 D.
634 2288 680 2319 iii.
701 2291 751 2321 21.
774 2289 914 2330 Rhodia,

195 2334 302 2360 mater
317 2328 411 2359 Solis.

236 2372 388 2408 Achilles,
412 2370 450 2400 de
473 2371 584 2403 Divin.
607 2373 628 2402 i.
653 2375 704 2403 30.
729 2373 758 2403 ei
782 2374 914 2414 propin-

193 2423 291 2452 quam
306 2417 446 2443 mortem
464 2413 588 2444 Hector
601 2415 743 2445 moriens
758 2415 914 2446 denunci-

195 2461 241 2487 at.
256 2457 314 2485 ἃς.
330 2454 426 2485 Arch.
443 2455 628 2495 sepulcrum
644 2458 712 2496 ejus
727 2458 761 2487 in
776 2458 882 2497 Sigeo.

235 2498 402 2530 Acidinus.
420 2497 494 2527 Div.
515 2498 556 2527 iv.
582 2501 627 2530 12.
642 2500 781 2538 legatus,
794 2504 831 2530 ut
847 2501 913 2539 opi-

192 2550 265 2577 nor,
295 2539 433 2579 Sulpicii
456 2539 523 2569 Pro
532 2540 596 2570 Cos.
627 2541 758 2572 Achaiae
780 2542 837 2573 διο.
860 2552 913 2572 co-

193 2591 338 2621 gnomen
368 2582 474 2620 gentis
500 2581 646 2613 stIanliae.
668 2583 708 2614 ad
727 2584 798 2614 Att.
823 2585 864 2614 iv.
881 2588 909 2615 3.

193 2628 243 2655 est
263 2624 296 2655 C'.
318 2623 467 2654 Manlius·
485 2624 653 2662 Acidinus,
683 2627 833 2666 princeps
853 2627 913 2658 Ca-

191 2665 427 2696 tilinariibelli.
443 2666 556 2705 Agrar.
573 2667 605 2697 ii.
627 2670 677 2698 ⁶24.
693 2672 742 2698 est
757 2668 799 2699 L.
814 2669 913 2699 Man-

193 2709 255 2738 lius
276 2708 445 2744 Acidinus,
459 2709 513 2747 qai
533 2708 650 2740 Consul
651 2709 729 2749 fuit
741 2720 814 2740 cum
835 2710 915 2741 Fal-

189 2753 240 2781 rio
259 2751 384 2781 Flacca.
420 2751 494 2781 Liv.
516 2750 559 2781 xl.
587 2755 639 2782 43.
675 2751 830 2792 Efastis
855 2753 915 2783 Ca-

185 2793 334 2833 pitolinis
346 2797 495 2831 apparel,
499 2791 610 2831 fuisse
613 2793 765 2832 fratrem
779 2804 914 2833 germa-

191 2845 271 2865 num
303 2834 426 2873 Fulvii,
455 2835 647 2875 adunatum
679 2836 714 2866 in
735 2835 914 2876 familiam

191 2877 371 2908 Manliana..

1002 439 1111 474 Acilii,
1135 440 1260 471 familia
1276 441 1415 481 plebeia,
1437 443 1530 480 cujus
1555 451 1681 482 pra‘nor-

962 489 1037 510 men
1053 481 1200 517 Manius,
1214 493 1396 522 cognomen
1415 484 1558 515 Glabrio.
1574 484 1637 514 vid.
1649 484 1683 514 in

967 523 1112 559 Glabrio,
1123 528 1156 553 et
1167 525 1306 556 Balbus.

1002 565 1042 595 L.
1057 566 1191 602 Aciliae,
1205 567 1244 596 de.
1260 566 1336 607 Leg.
1351 567 1384 597 ii.
1395 569 1444 598 23.
1457 568 1475 597 .1
1481 569 1574 605 Ctus,
1585 568 1682 599 com-

961 608 1138 637 mentarios
1160 609 1288 648 scripsit
1303 610 1336 639 in
1359 611 1412 639 xii.
1432 609 1571 640 tabulas.
1615 609 1680 640 Vo-

959 658 1029 678 cem
1043 649 1160 680 Lessus
1175 659 1241 681 non
1258 650 1432 688 intellexit,
1446 658 1480 682 et
1495 652 1680 682 vestimenti

960 700 1062 729 genus
1077 692 1258 732 suspicatus
1273 698 1332 723 est.

1000 733 1136 771 Acilius,
1151 734 1213 765 Off.
1234 735 1277 764 iii.
1294 737 1345 765 32.
1364 734 1548 765 historicus.
1593 735 1679 765 Scri-

959 776 1023 813 psit
1039 776 1208 806 historiam
1225 786 1339 816 graece.
1387 776 1513 806 Vossius
1520 781 1623 815 putat
1635 788 1682 807 es-

958 826 990 846 se
1020 817 1056 847 C.
1088 818 1229 848 Acilium
1253 819 1477 854 Glabrionem,
1504 819 1559 858 qui
1580 829 1611 849 a.
1639 819 1679 850 U.

960 866 1028 888 Dm.
1047 864 1183 900 qaoestor
1207 865 1237 890 et
1259 870 1289 890 a.
1313 869 1402 891 DLVl.
1428 861 1501 890 trib.
1518 862 1568 899 pl.
1582 860 1681 900 juit:

958 901 1043 938 qaod
1067 906 1165 940 negat
1186 903 1416 942 Cliapmannus
1429 912 1482 942 ap.
1501 902 1697 934 Pearcium‘

959 943 1004 971 ad
1017 944 1047 972 Ιι.
1065 945 1085 972 l.
1105 953 1240 983 eamque
1256 949 1386 975 centum
1407 946 1502 974 annis
1507 943 1680 984 juniorem

956 983 1052 1021 facit,
1068 985 1314 1024 putans-fuisse
1334 987 1484 1017 Groecum
1503 987 1632 1017 natione
1651 992 1682 1018 et

959 1035 979 1055 a
996 1026 1143 1057 Romano
1157 1037 1271 1058 nomen
1289 1029 1455 1067 accepisse,
1470 1029 1554 1068 quod
1576 1029 1683 1060 Cicero

958 1068 993 1097 in
1008 1069 1117 1099 Bruto
1130 1079 1384 1100 commemorans
1397 1080 1505 1100 omnes
1519 1071 1684 1102 historicos

958 1110 1134 1147 Romanos,
1142 1113 1177 1141 in
1188 1112 1237 1141 Itis
1245 1112 1413 1149 Albinum,
1421 1113 1477 1151 qui
1487 1117 1517 1142 et
1525 1113 1590 1152 ipse
1597 1123 1683 1152 groe-

958 1162 993 1182 ce
1013 1154 1153 1192 scripsit,
1175 1152 1245 1193 ejus
1266 1155 1394 1184 nullam
1418 1155 1612 1185 mentionem
1624 1154 1683 1194 se-

958 1194 1012 1225 cit.
1037 1194 1127 1236 Ejus
1147 1205 1223 1235 opus
1245 1195 1404 1226 Claudius
1425 1197 1568 1227 latinum
1581 1196 1682 1237 fecit,

957 1241 994 1266 ut
1006 1242 1097 1274 patet
1111 1247 1127 1267 e
1150 1238 1224 1268 Lio.
1238 1248 1312 1269 xxv.
1327 1240 1377 1271 39.
1393 1238 1448 1268 ubi
1459 1248 1489 1268 v.
1503 1237 1680 1270 Dukerum

958 1283 989 1308 et
1002 1279 1168 1310 Drakenb.
1186 1280 1224 1309 de
1236 1281 1292 1309 linc
1306 1280 1418 1310 Acilio.
1463 1280 1530 1310 Sed
1543 1282 1592 1310 nil
1605 1291 1676 1312 ma-

955 1330 1094 1361 gnopere
1114 1327 1238 1362 praeter
1263 1321 1465 1363 conjecturas
1491 1320 1616 1363 afferre
1637 1323 1677 1354 ti-

958 1367 1016 1394 cet.

999 1405 1132 1441 Acmon,
1146 1405 1217 1436 Fin.
1237 1416 1267 1436 v.
1289 1407 1339 1440 ⁶29.
1359 1405 1543 1444 Locrensis,
1559 1407 1680 1447 Pytha-

958 1456 1087 1486 goreus,
1117 1448 1263 1478 Platonis
1285 1448 1497 1488 temporibus.
1543 1450 1682 1480 Nemini

951 1493 1075 1528 praeter
1120 1490 1300 1520 Ciceronem
1344 1495 1557 1527 memoratur,
1597 1492 1685 1530 quod

957 1532 1072 1568 sciam,
1086 1533 1148 1562 nisi
1163 1532 1293 1562 Valerio
1315 1532 1363 1562 M.
1376 1542 1416 1562 επ
1436 1533 1492 1562 hnc
1505 1533 1570 1572 ipso
1593 1533 1678 1563 Cice-

958 1575 1045 1603 ronis
1060 1575 1134 1604 loco.
1180 1573 1247 1604 Sed
1259 1575 1302 1604 ibi
1328 1574 1422 1604 Codd.
1438 1579 1468 1603 et
1481 1575 1550 1604 edd.
1559 1574 1681 1615 proefe-

958 1621 1039 1646 runt
1052 1616 1166 1653 Arion,
1178 1618 1292 1656 etplus
1304 1617 1409 1647 tribuo
1427 1615 1580 1653 Ciceroni,
1594 1616 1680 1657 ejus-

959 1668 1019 1697 qae
1054 1657 1148 1689 Codd.
1182 1668 1281 1698 quam
1306 1659 1509 1698 compilatori
1538 1659 1681 1690 Valerio.

961 1700 1091 1730 Nomen
1112 1699 1213 1730 Arion
1231 1701 1336 1731 notius
1357 1705 1415 1736 est,
1429 1709 1529 1739 quam
1546 1701 1681 1740 Acrion,

958 1743 1043 1782 quod
1052 1743 1248 1782 corruptioni
1264 1741 1470 1782 locamfecit.

1000 1784 1113 1815 Actius
1133 1794 1158 1815 s.
1183 1785 1293 1815 Actius
1316 1784 1507 1824 Dionysius,
1531 1783 1572 1814 ad
1599 1785 1678 1816 Div.

958 1826 1012 1856 xii.
1027 1829 1077 1857 30.
1085 1836 1146 1866 pro
1158 1826 1267 1856 Attius
1286 1826 1448 1857 Corradus
1459 1830 1490 1856 et
1501 1826 1679 1858 Manutius

958 1869 1123 1898 malebant
1136 1868 1265 1898 Atticus
1278 1881 1284 1898 z
1308 1874 1346 1900 ut
1358 1869 1399 1899 sit
1414 1868 1461 1899 M.
1475 1868 1678 1909 Pomponius

958 1910 1087 1940 Atticus
1109 1910 1298 1951 Dionysius,
1313 1920 1425 1941 servus
1453 1910 1625 1949 Ciceronis,
1640 1912 1677 1942 in.
1695 1922 1697 1924 ·

957 1952 1059 1982 Attici
1071 1953 1222 1991 gratiam
1237 1954 1386 1983 libertate
1397 1953 1545 1982 donatus.

1005 1994 1036 2024 C.
1055 1995 1186 2030 Aculeo,
1200 1995 1239 2024 de
1257 1995 1351 2024 Orat.
1364 1995 1385 2024 i.
1403 1997 1454 2025 43.
1470 2003 1568 2034 eques
1580 1994 1680 2026 Ror'n.

957 2040 1055 2066 acuto
1077 2037 1207 2075 ingenio
1230 2040 1264 2066 et
1284 2037 1374 2067 duris
1397 2036 1499 2067 civilis
1521 2037 1681 2076 peritissi-

957 2087 1038 2108 mus.
1059 2079 1135 2108 ibid.
1159 2078 1191 2109 ii.
1219 2081 1247 2109 1.
1274 2079 1474 2119 propinquus
1498 2079 1678 2118 Ciceronis,

955 2130 1094 2158 quocum
1110 2125 1181 2150 crat
1196 2121 1264 2152 Cic.
1278 2125 1474 2151 matertera:
1491 2119 1576 2151 unde
1591 2121 1676 2152 filios

956 2164 1024 2202 ejus
1043 2163 1254 2193 consobrinos
1268 2172 1342 2193 suos
1357 2166 1464 2193 vocat.
1482 2161 1561 2192 ibid.
1577 2163 1609 2193 ii.
1625 2164 1685 2196 65.

956 2215 975 2234 a
990 2205 1104 2234 Crasso
1125 2204 1320 2235 defenditur.
1343 2204 1439 2235 Brut.
1453 2205 1505 2238 76.
1529 2210 1624 2245 pater
1638 2206 1677 2238 C.

957 2246 1082 2277 Visellii
1098 2247 1263 2277 Varronis.

988 2289 1150 2326 Acusilas,
1166 2289 1205 2319 de
1220 2289 1311 2320 Orat.
1326 2288 1360 2319 ii.
1387 2290 1435 2320 12.
1463 2287 1614 2327 Argivus,
1628 2289 1678 2319 hi-

955 2332 1092 2361 storicus
1107 2340 1174 2360 non
1192 2331 1375 2361 indisertus.
1405 2330 1495 2361 Vicit
1516 2334 1593 2360 ante
1616 2331 1680 2362 bel-

956 2374 1024 2403 lum
1052 2373 1372 2412 Peloponnesiacum,
1396 2377 1527 2402 auctore
1553 2371 1681 2413 Diony-

953 2416 999 2445 sio
1014 2415 1274 2452 Halicarnassio,
1295 2415 1333 2444 de
1350 2413 1496 2453 Thucyd.
1523 2414 1678 2446 Charact.

955 2457 1118 2496 Diogenes
1141 2457 1256 2488 LaErt.
1278 2457 1297 2487 i.
1316 2460 1368 2487 41.
1397 2456 1487 2487 Cabae
1504 2466 1530 2487 s.
1548 2456 1680 2488 Scabroe

944 2500 1063 2540 filium
1073 2499 1179 2539 facit,
1198 2504 1228 2530 et
1249 2509 1271 2529 a
1293 2499 1456 2529 nonnullis
1477 2499 1678 2530 adnumera-

956 2545 1026 2572 tum
1041 2547 1159 2581 septem
1171 2542 1369 2581 sapientibus
1382 2541 1495 2571 tradit.
1511 2541 1572 2571 vid.
1590 2542 1630 2571 de
1643 2551 1679 2572 eo

954 2583 1109 2614 Jonsium
1125 2584 1163 2613 de
1176 2584 1287 2624 script.
1301 2583 1348 2614 H.
1363 2583 1408 2614 P.
1423 2583 1444 2613 i.
1459 2586 1485 2613 1.
1497 2582 1527 2613 6.
1537 2582 1674 2621 Menag.

955 2626 1000 2656 ad.
1016 2626 1129 2656 Lafirt.
1141 2635 1177 2665 p.
1194 2628 1244 2657 24.
1262 2626 1348 2656 Voss.
1370 2625 1409 2655 tle
1422 2625 1514 2656 Hist.
1533 2625 1592 2656 Gr.
1607 2626 1627 2655 i.
1647 2629 1674 2657 1.

957 2670 986 2700 9.
1002 2667 1044 2698 iV.
1060 2670 1092 2699 2.

997 2710 1148 2746 Acusius,
1165 2709 1206 2740 ad
1219 2709 1289 2740 Att.
1305 2709 1347 2740 xi.
1363 2711 1413 2740 23.
1426 2708 1584 2740 Rhodius.

999 2753 1175 2788 Acutilius,
1189 2751 1229 2781 ad
1243 2751 1314 2782 Att.
1332 2752 1352 2781 i.
1367 2754 1399 2782 4.

999 2793 1171 2831 AEzoeides,
1189 2793 1228 2824 de
1242 2793 1317 2824 Div.
1332 2793 1366 2823 ii.
1384 2792 1433 2823 56.
1448 2792 1512 2823 Off.
1523 2794 1545 2824 i.
1564 2795 1612 2824 13.
1626 2795 1677 2824 est

958 2836 1111 2878 Pyrrhus.

999 2878 1048 2911 M.
1063 2877 1238 2916 AEbulius,
1255 2876 1358 2908 Flacc.
1374 2879 1424 2910 37.
