1790 3219
567 88 713 129 nemu
746 90 1045 124 ιΔτιυιτΔτιε.

86 178 277 220 Vendibilis,
300 180 492 222 probabilis.
512 179 610 212 Brut.
624 181 679 213 47.
702 187 776 209 ora·

44 230 99 255 tor
108 225 286 256 vendibilis.
309 224 391 257 Lai.
404 227 459 258 25.
482 225 589 254 ontio
600 222 777 254 vendibilis.

90 265 279 307 Ver-ditare,
290 267 619 306 ostentarest’actare.
631 264 714 296 Sull.
727 268 777 297 10.

44 311 93 342 ita
109 311 182 343 illos
197 322 232 344 se
245 311 430 349 audituros,
447 310 567 350 quibus
581 319 616 340 se
632 309 780 340 vendica-

43 355 110 385 bat.
135 355 228 387 Verr.
244 356 290 386 iii.
306 358 359 388 58.
382 354 548 386 vendicare
563 363 598 384 se
610 353 780 384 existima·

44 398 130 429 tioni
158 398 345 430 homiuum.
367 397 455 428 conf.
480 397 521 427 ad
545 397 617 427 Att.
639 397 708 427 viii.
731 397 780 428 16.

44 440 130 472 Phil.
140 442 208 473 viii.
229 445 278 473 10.
300 441 382 472 Har.
394 441 434 473 R.
449 441 501 471 93.
518 440 573 470 ubi
590 440 655 471 vid.
673 440 780 471 Graev.

45 484 198 516 Ductum
221 491 273 515 est
299 494 318 514 a
344 485 598 521 mercatoribus,
626 484 683 524 qui
711 484 781 514 lau-

45 526 162 559 dandis
179 527 344 559 mercibus
355 534 499 558 emtores
516 528 680 559 alliciunt.
692 527 781 558 Nam

44 571 212 603 ven-dume
226 571 358 612 proprie
373 576 424 602 est
436 581 557 611 cupere
575 571 730 609 vendere,
746 576 783 601 et

43 613 226 645 emendum
251 614 369 646 offerre
399 621 439 645 ut
469 615 540 645 Att.
571 616 593 646 i.
626 618 674 646 14.
698 618 782 645 extr.

43 655 276 688 Tusculanum
316 660 475 696 venditat,
517 664 569 697 ut,
598 659 626 690 si
665 658 782 700 possit,

45 705 138 731 emat
154 701 357 732 Pacilianam
373 702 523 733 domum.

91 743 286 782 Vendunt-b,
296 745 454 783 jactatio,
471 745 666 776 ostentatio.
679 744 782 775 Tusc.

44 787 80 818 ii.
97 787 150 818 26.
174 787 354 819 laudabilia
369 789 441 819 sine
463 789 680 819 venditatione
695 788 783 818 sace-

43 840 90 861 re.
113 829 196 862 Lael.
223 835 276 864 23.
300 833 406 864 virtus
426 832 602 863 venditatio
629 831 783 871 quaedam

45 883 117 905 esse
134 874 267 906 dicitur.

90 916 267 950 Venenum.
299 918 432 950 Cluent.
453 921 505 950 54.
539 919 598 958 qui
625 928 784 949 venenum

46 961 175 992 malum
191 961 284 1000 fecit,
296 966 347 992 est
364 963 545 1000 veneficus,
570 963 627 1001 qui
643 967 678 992 et
693 972 786 1002 spar-

45 1013 123 1044 gere
138 1014 261 1037 venena
286 1005 410 1036 dicitur
438 1005 537 1036 Catil.
563 1006 598 1036 ii.
629 1009 678 1037 lo.
703 1005 786 1036 dicit

44 1054 159 1079 autem
182 1058 344 1079 venenum
366 1050 507 1087 malum,
523 1050 602 1089 quia
615 1058 785 1080 venenum

42 1096 96 1122 est
120 1091 271 1129 medium
292 1093 444 1130 verbum,
471 1093 560 1132 quod
585 1103 644 1133 pro
677 1093 786 1124 succis

43 1135 147 1167 etiam
164 1135 301 1174 dicitur,
318 1143 357 1167 ut
380 1146 539 1167 vencnum
560 1136 700 1177 Tyrium
726 1145 786 1177 pro

45 1187 196 1219 purpura
209 1179 299 1219 apud
314 1180 504 1220 Virgilium.

89 1221 262 1260 Venerari,
287 1224 419 1264 proprie
436 1223 559 1254 dicitur
573 1223 613 1254 de
629 1223 725 1254 cultu
751 1226 787 1253 et

44 1264 170 1297 honore
182 1266 344 1298 Deorum.
369 1267 454 1298 Phil.
471 1278 502 1298 x.
515 1269 547 1299 2.
571 1277 652 1307 quos
669 1276 785 1298 omnes

45 1318 142 1350 paene
156 1312 311 1341 venerari
326 1310 498 1342 debemus.

91 1351 257 1384 Venerius.
263 1355 379 1393 jactus
394 1354 429 1385 in
441 1354 520 1385 ludo
531 1354 690 1385 talorum.
706 1353 784 1385 Div.

44 1396 67 1427 i.
88 1399 137 1428 13.
161 1406 192 1428 v.
205 1397 308 1428 talus.

89 1439 230 1472 Venerii.
254 1441 289 1472 in
306 1440 418 1472 Caecil.
448 1444 497 1476 17.
520 1441 585 1472 vid.
609 1440 716 1472 Graev.
743 1440 787 1472 ad

48 1483 83 1516 h.
98 1483 122 1514 l.
139 1490 174 1515 et
188 1483 262 1515 lud.
276 1484 355 1515 hist.
370 1485 407 1515 in
418 1484 543 1516 venus.

90 1527 206 1559 Venia.
228 1527 286 1558 Or.
300 1528 335 1559 ii.
361 1530 415 1560 48.
438 1529 493 1559 vix
512 1532 552 1559 ut
566 1527 650 1559 mihi
670 1529 784 1560 tenuis

47 1571 201 1613 quaedam
239 1570 376 1602 daretur
410 1574 508 1603 venia
545 1572 784 1610 excusationis,

45 1614 136 1654 quod
154 1619 271 1646 tamen
286 1625 365 1646 eum
382 1614 611 1653 defenderem,
627 1616 685 1654 qui
701 1615 783 1646 mihi

45 1662 193 1698 quaestor
216 1658 346 1689 fuisset.
378 1658 443 1689 Sed
469 1664 522 1690 est
545 1661 677 1690 veniam
705 1659 784 1689 dare

45 1701 150 1732 etiam
165 1701 367 1742 simpliciter
390 1712 450 1743 pro
473 1707 591 1743 rogata
605 1703 727 1734 facere.
743 1703 785 1733 ad

45 1744 87 1784 Ω.
100 1744 153 1776 Fr.
165 1746 212 1776 iii.
226 1748 253 1776 1.
266 1749 336 1777 c-4.
352 1746 414 1777 tibi
431 1747 561 1786 petenti
576 1748 703 1777 veniam
717 1756 785 1777 non

45 1787 150 1826 dedit.
175 1788 219 1819 cf.
235 1789 308 1820 Att.
322 1799 354 1820 v.
371 1789 434 1820 ult.
457 1789 477 1809 ²*
488 1790 638 1830 obsequi,
655 1789 784 1821 cedere.

43 1831 128 1906 dR-ab.
145 1831 235 1864 Post.
266 1834 315 1864 12.
338 1833 535 1865 auctoritati
559 1835 630 1874 ejus
655 1835 786 1865 veniam

67 1875 134 1906 edi.

90 1919 220 1950 Venire.
243 1920 315 1951 Att.
337 1920 402 1952 xiv.
434 1923 461 1951 1.
485 1921 520 1951 in
543 1929 732 1952 sermonem
750 1930 785 1951 se

45 1968 122 2003 post
137 1961 215 1993 Idus
230 1963 385 2000 Martias,
406 1968 629 2004 praeterquam
652 1964 785 2004 Lepidi,

42 2008 166 2037 venisse
180 2008 335 2038 neminis.
358 2007 460 2038 Tusc.
476 2008 511 2039 ii.
531 2011 580 2042 19.
602 2009 691 2038 venie
706 2007 786 2048 Epi-

45 2059 160 2087 curus,
189 2049 291 2080 homo
324 2051 465 2082 minim-2.
496 2051 785 2082 malus—tantum

46 2096 176 2131 monet,
193 2098 358 2132 quantum
375 2094 553 2134 intelligit:
571 2093 718 2135 neglige,
734 2095 786 2126 in-

45 2138 134 2176 quit,
150 2137 312 2168 dolorem.
336 2137 429 2168 verr.
446 2149 475 2169 v.
491 2139 523 2169 6.
547 2144 600 2169 est
625 2148 684 2178 pro
709 2148 786 2168 eve-

44 2180 136 2255 ibin-e:
161 2179 233 2212 haec
248 2181 304 2212 ubi
328 2181 482 2213 veniunt.
516 2182 581 2213 Sed
607 2191 637 2212 v.
663 2185 734 2213 not.
749 2189 786 2212 et

81 2224 124 2253 iv.
139 2224 173 2254 ii.
188 2227 241 2256 51.

89 2267 272 2306 Vensttare,
290 2274 391 2299 vento
406 2267 560 2299 faciendo
576 2269 738 2308 excitare,
753 2279 784 2300 v.

43 2319 73 2341 c.
100 2311 215 2351 ignem
230 2323 237 2342 :
273 2311 394 2342 deinde
421 2311 662 2353 metaphorice,
694 2322 785 2344 com-

45 2363 178 2386 movere
196 2355 340 2394 animos,
357 2356 502 2388 irritare.
521 2364 600 2386 nam
617 2360 654 2387 et
666 2360 785 2388 ventus

43 2398 92 2428 sic
125 2397 264 2437 dicitur,
294 2404 336 2430 ut
373 2409 452 2430 mox
489 2399 785 2431 demonstrabitur.

43 2439 154 2472 Placc.
181 2443 235 2474 23.
258 2443 354 2482 cujus
380 2442 510 2483 lingua,
534 2445 629 2482 quasi
654 2443 786 2475 flabello

45 2483 234 2524 seditionis,
247 2487 409 2517 ventilata
434 2490 486 2518 est
501 2487 630 2518 concio.
653 2487 694 2518 de
722 2487 786 2518 hoc

45 2527 147 2560 verbo
162 2528 278 2560 laudat
295 2530 552 2561 Drakenborch.
569 2530 611 2561 ad
625 2531 684 2562 Sil.
706 2532 785 2562 xvii.

47 2574 122 2605 705.
144 2572 408 2614 disputationem
425 2573 623 2606 Gotbofredi
645 2574 687 2605 ad
704 2574 786 2606 Cod.

44 2613 173 2646 Theod.
189 2616 211 2646 l.
228 2626 258 2647 v.
274 2616 317 2648 de
333 2616 448 2648 males.
465 2622 500 2648 et
513 2617 712 2649 mathemat.
728 2618 787 2649 sed

46 2657 82 2688 in
97 2667 139 2689 ea
153 2659 236 2691 nihil
252 2660 294 2691 ad
309 2660 422 2692 locum
438 2660 510 2692 Silii
525 2660 617 2692 facit.
664 2661 726 2692 Est
744 2661 786 2692 ad

45 2700 69 2731 1.
87 2701 132 2732 ix.
142 2702 198 2733 tit.
213 2704 264 2735 16.
277 2703 298 2735 l.
317 2707 347 2736 5.
363 2705 446 2735 t.iii.
462 2715 493 2745 p.
510 2705 581 2736 132.
595 2705 648 2736 ed.
664 2704 786 2736 Ritter.

46 2744 102 2778 Sic
124 2745 261 2780 verbum
281 2749 442 2779 ventilare
460 2749 563 2779 etiam
578 2748 735 2779 laudatur
751 2750 787 2780 in

47 2787 162 2820 Lexic.
183 2788 279 2823 Fabri
301 2790 382 2822 eod.
408 2792 498 2823 Just.
526 2792 548 2823 l.
565 2793 609 2823 vi.
631 2792 704 2823 eod.
730 2793 784 2824 tit.

48 2830 209 2870 Ceterum
217 2833 440 2868 Gothofredus
454 2836 558 2868 etiam
571 2835 593 2867 l.
607 2846 634 2868 c.
647 2836 786 2868 verbum

1471 78 1557 130 47³

817 179 978 211 ventilare
996 178 1031 209 in
1058 176 1129 210 loco
1144 177 1365 211 Ciceroniana
1392 177 1560 219 interpre-

817 225 924 258 tatur,
946 220 1118 260 impellere
1141 227 1176 252 et
1197 223 1339 262 agitare,
1355 227 1456 261 atque
1479 221 1558 254 hinc

817 264 958 296 fortasse
974 262 1133 304 explicari
1153 264 1260 303 legem
1278 271 1377 306 putat
1396 274 1505 306 posse,
1522 265 1558 298 in

820 317 886 348 qua
900 309 1060 346 ventilare
1074 307 1114 338 de
1129 309 1288 339 maleficis
1311 315 1347 340 et
1371 308 1560 340 mathema-

818 352 895 382 ticis
911 351 1044 382 dicitur.
1089 350 1207 389 Neque
1230 351 1311 383 mihi
1337 352 1478 384 dubium
1494 357 1560 391 est,

821 396 903 435 quin
917 395 963 425 ibi
978 393 1140 425 ventilare
1156 395 1201 424 sit
1216 394 1440 433 referendum,
1456 395 1498 427 ad
1515 397 1563 427 vi-

820 443 872 470 tas
888 439 1087 475 insontium,
1102 441 1137 468 et
1148 438 1314 475 significet
1330 449 1457 469 vexare.
1470 439 1561 472 Nam

823 482 911 522 quod
934 483 969 513 in
995 482 1105 522 priore
1130 486 1226 521 parte
1253 481 1488 520 disputationis
1520 482 1562 514 de

823 525 1001 566 prestigiis
1024 524 1163 564 magicis
1189 525 1223 555 in
1250 523 1376 555 ciendis
1407 526 1562 557 manibus

824 570 1076 610 interpretatur,
1099 572 1210 608 potest
1234 567 1321 599 forte
1346 570 1505 599 ventilare
1521 569 1562 600 de

825 613 864 644 iis
880 618 1016 653 propter
1035 611 1308 652 gesticulationes
1324 611 1403 649 dici,
1419 612 1477 642 sed
1495 621 1562 644 non

824 656 986 687 dicuntur
1001 657 1090 696 magi
1106 655 1139 686 b.
1156 654 1178 685 l.
1193 655 1380 686 ventilando
1394 654 1481 685 ciere
1495 665 1566 687 ma-

826 710 897 737 nes,
923 710 1040 730 verum
1070 699 1224 730 manibus
1251 699 1366 730 accitis
1381 700 1540 730 ventilare
1555 713 1564 728 :

825 743 906 783 quid
921 744 1037 783 igitur,
1055 743 1119 774 uisi
1131 743 1214 774 vitas
1232 741 1407 773 hominum
1422 743 1434 772 ?
1460 742 1567 773 Acce-

826 787 875 817 dit
890 786 987 824 illud,
1003 786 1092 826 quod
1109 786 1286 826 praestigiae
1302 790 1337 816 et
1351 786 1489 826 magicae
1513 796 1566 817 ar·

825 835 889 868 tes,
904 836 945 860 ut
961 840 999 861 ex
1016 830 1037 860 1.
1054 834 1086 864 9.
1109 829 1324 869 intelligitur,
1341 839 1407 860 non
1430 835 1566 871 propter

826 883 874 911 se,
889 873 948 904 sed
971 878 1109 914 propter
1131 883 1253 903 noxam
1270 872 1444 913 prohibitae
1469 880 1565 905 sunt.

827 927 906 948 nam
923 918 958 948 in
972 928 1012 948 ea
1027 917 1100 956 lege
1119 926 1197 947 usus
1219 917 1374 947 innoxius
1398 918 1568 958 permitti-

826 965 893 991 tur.
909 961 997 991 conf.
1011 960 1092 991 Cod.
1108 960 1234 991 Justin.
1250 959 1270 989 l.
1284 970 1313 990 c.
1329 959 1350 990 l.
1362 963 1394 991 4.
1420 960 1567 994 Ventila-

826 1015 863 1035 re
874 1008 987 1035 autem
1000 1014 1060 1045 pro
1071 1013 1189 1034 vexare
1199 1003 1289 1043 apud
1300 1004 1492 1044 posterioris
1503 1006 1566 1036 aevi

827 1049 1005 1088 scriptores
1023 1058 1089 1078 non
1107 1057 1180 1077 raro
1195 1047 1329 1078 dicitur.
1353 1047 1419 1077 vid.
1445 1047 1567 1079 Fresne

827 1093 862 1122 in
874 1092 1041 1122 Glossario
1053 1090 1128 1122 Lat.
1142 1091 1178 1121 in
1188 1101 1219 1121 v.
1232 1091 1404 1122 ventilare.
1418 1091 1483 1122 Sed
1495 1092 1567 1124 haec

827 1135 936 1166 obiter
946 1135 1038 1166 dicta
1048 1140 1159 1165 sunto.

872 1179 1053 1216 Ventitare,
1069 1178 1109 1209 de
1135 1177 1354 1215 discentibus,
1369 1178 1570 1218 magistrum

827 1222 1021 1262 frequenter
1051 1222 1264 1259 adeuntibus,
1289 1221 1372 1261 Leg.
1394 1222 1415 1252 i.
1446 1225 1478 1254 4.
1496 1223 1569 1262 juri

827 1266 962 1297 studere
977 1271 1012 1297 te
1028 1265 1181 1302 memini,
1207 1275 1285 1297 cum
1311 1265 1382 1306 ipse
1405 1266 1508 1296 etiam
1526 1266 1570 1300 ad

827 1309 1010 1340 Scaevolam
1026 1310 1232 1340 ventilarem.

873 1353 1094 1385 Ventriculus.
1119 1352 1199 1383 Nat.
1214 1352 1259 1383 D.
1279 1353 1315 1383 ii.
1332 1355 1384 1384 55.
1402 1354 1568 1384 ventricu-

827 1398 879 1428 lus
893 1397 999 1428 cordis
1012 1409 1020 1427 ε
1045 1401 1097 1428 est
1111 1397 1250 1434 cavitas,
1263 1406 1328 1436 quo
1339 1397 1476 1437 sanguis
1490 1406 1571 1428 con·

827 1441 962 1481 cipitur.

873 1484 1040 1522 erntem,
1056 1483 1179 1522 inanis,
1194 1482 1290 1521 levis,
1304 1492 1422 1517 vanus.
1434 1483 1476 1514 ad
1490 1484 1569 1516 Div.

826 1528 871 1558 xi.
888 1532 919 1562 9.
953 1537 1034 1568 rogo
1060 1532 1108 1565 te,
1124 1527 1168 1557 ad
1192 1526 1364 1558 hominem
1391 1529 1571 1560 ventosissi-

827 1581 919 1602 mum
936 1571 1102 1612 Lepidum
1118 1571 1247 1601 mittas.
1270 1570 1357 1601 Phil.
1379 1571 1424 1601 xi.
1449 1574 1481 1605 7.
1506 1572 1572 1603 im-

827 1615 958 1656 perium
974 1614 1278 1646 extraordinarium
1295 1619 1347 1645 est
1360 1615 1521 1654 populare
1536 1620 1572 1647 et

825 1663 1004 1697 ventosum,
1015 1668 1082 1689 non
1093 1658 1267 1698 gravitatis
1279 1662 1416 1696 nostrae,
1427 1668 1494 1690 non
1506 1659 1570 1690 hu·

820 1704 878 1743 jus
894 1702 1032 1733 ordinis.

872 1746 1004 1777 Ventus,
1020 1746 1111 1776 venti
1123 1746 1281 1785 quoniam
1297 1746 1333 1776 in
1345 1746 1430 1776 mari
1445 1744 1570 1787 duplex

826 1791 874 1820 vis
890 1793 954 1828 est,
971 1789 1090 1828 altera,
1106 1799 1172 1829 qua
1184 1789 1342 1830 propellit
1353 1798 1452 1820 naves
1468 1796 1504 1821 et
1516 1800 1571 1821 ee-

826 1833 927 1864 lerius
958 1834 993 1864 in
1019 1838 1156 1873 portum
1186 1833 1296 1864 defert
1309 1844 1319 1871 ;
1358 1832 1476 1872 altera,
1503 1844 1571 1874 qua

827 1887 920 1907 mare
951 1881 1143 1908 commovet
1180 1882 1217 1907 et
1251 1877 1426 1918 perturbat
1439 1889 1446 1907 :
1487 1877 1568 1909 hinc

827 1921 932 1951 etiam
948 1920 1178 1961 metaphorice
1205 1920 1334 1951 duobus
1362 1920 1469 1951 modis
1485 1920 1570 1952 dici-

826 1970 894 1995 tur.
941 1965 1053 1995 Primo
1069 1969 1184 1995 ventus
1199 1964 1336 2001 dicitur,
1351 1968 1391 1995 ut
1412 1974 1495 1995 aura
1509 1975 1569 2006 po·

826 2008 966 2048 pularis,
982 2017 1043 2049 pro
1058 2008 1179 2049 plausu
1208 2007 1375 2048 populari,
1399 2013 1568 2048 quatenus

826 2053 853 2082 is
869 2052 911 2082 ad
927 2052 1068 2082 honores
1084 2051 1333 2091 consequendos
1349 2051 1450 2090 valet,
1467 2057 1571 2092 atque

827 2095 911 2126 adeo
926 2104 986 2136 pro
997 2096 1153 2126 omnibus
1169 2095 1280 2133 rebus,
1296 2101 1463 2135 quatenus
1479 2095 1568 2128 hanc

828 2139 895 2169 vim
911 2139 1047 2170 habent.
1062 2138 1172 2170 Locus
1189 2139 1346 2170 classicus
1362 2145 1414 2170 est
1430 2139 1568 2171 Cluent.

826 2185 881 2217 47.
903 2192 1021 2213 verum
1037 2192 1154 2214 omnes
1180 2182 1414 2222 intelligimus,
1431 2183 1467 2213 in
1494 2183 1568 2215 istis

825 2226 1125 2267 subscriptionibus
1141 2226 1300 2257 censoriis
1313 2231 1446 2258 ventum
1463 2236 1569 2267 quen·

826 2269 904 2300 dam
934 2270 1131 2310 popularem
1158 2279 1229 2301 esse
1257 2270 1450 2309 quaesitum.
1477 2270 1568 2307 idem

827 2313 941 2354 paullo
957 2318 1033 2353 post
1047 2314 1095 2344 sic
1111 2314 1290 2354 expressit:
1310 2323 1362 2346 res
1378 2313 1469 2346 enim
1481 2314 1569 2346 indi-

827 2361 895 2395 cat,
913 2356 998 2387 nihil
1013 2367 1166 2388 censores
1181 2357 1337 2388 habuisse
1360 2358 1501 2398 cogniti,
1517 2359 1569 2390 ni-

827 2400 876 2431 hil
891 2401 1072 2441 comperti:
1097 2411 1138 2432 ex
1160 2405 1236 2431 tota
1250 2401 1496 2442 subscriptione
1512 2412 1568 2441 ru-

828 2454 956 2475 morem
971 2444 1140 2484 quendam
1153 2448 1188 2475 et
1199 2443 1354 2484 plausum
1370 2444 1567 2485 popularem

827 2497 899 2518 esse
924 2488 1118 2527 quaesitum.
1135 2487 1198 2518 hoc
1228 2487 1318 2519 idem
1333 2493 1397 2526 est,
1420 2488 1511 2528 quod
1537 2501 1567 2520 c.

828 2534 884 2563 28.
908 2531 1008 2563 dixit:
1033 2531 1180 2563 oblatam
1197 2531 1259 2562 sibi
1282 2531 1479 2564 facultatem
1505 2543 1568 2574 pu-

827 2576 926 2612 tavit,
952 2580 993 2606 ut
1018 2585 1059 2606 cx
1095 2575 1222 2606 invidia
1249 2575 1420 2606 senatoria
1456 2582 1570 2617 posset

829 2628 988 2658 creseere.
1011 2618 1054 2650 ad
1068 2619 1145 2650 Div.
1162 2619 1196 2649 ii.
1213 2618 1244 2650 6.
1268 2629 1346 2651 cum
1363 2629 1570 2652 commemo-

828 2666 946 2699 rasset,
971 2663 1092 2702 quibus
1117 2661 1273 2693 subsidiis
1299 2662 1383 2694 Milo
1409 2669 1498 2695 esset
1525 2664 1570 2695 ad

829 2705 1044 2737 consulatum
1059 2705 1451 2747 petenduminstructmz,
1464 2708 1567 2739 bono·

829 2759 906 2780 rum
921 2749 1072 2780 studium
1090 2759 1108 2780 e
1129 2749 1320 2788 tribunatu,
1335 2755 1474 2790 propter
1489 2752 1568 2782 cau-

829 2803 900 2823 sam
916 2792 1099 2832 ciceronis,
1114 2791 1207 2833 vulgi
1223 2798 1360 2834 propter
1376 2803 1518 2827 munera
1531 2795 1568 2826 in

829 2836 1004 2878 aedilitate,
1020 2836 1181 2879 suffragia
1189 2837 1383 2878 juventutis
1399 2840 1433 2869 et
1445 2838 1569 2878 gratio·
