1800 3131
121 161 202 199 208

129 260 157 288 1.
176 259 206 288 8.
231 258 394 288 acerrima
409 257 564 287 ministra
579 262 760 297 praetorum
776 267 852 286 ava·

125 301 212 331 ritiae
228 302 408 332 calumnia.
427 301 522 331 Verr.
539 301 572 331 ii.
590 302 642 335 27.
668 311 688 330 a
702 310 766 339 quo
784 299 850 329 HS.

125 348 270 375 centena
296 345 401 375 millia
423 354 482 384 per
502 345 705 375 calumniam
729 343 851 373 maliti-

125 398 246 427 amque
271 389 378 428 petita
400 394 492 418 sunt.
516 387 637 418 Caecin.
665 391 696 421 7.
726 389 852 417 calam-

124 433 217 462 m'am
228 432 366 462 obtrivit
380 436 415 461 et
426 431 587 462 contudit.
602 430 634 461 h.
649 441 676 460 e.
689 435 850 460 terrorem

125 474 193 506 litis
218 476 386 515 improbae.
419 474 527 505 *hine
550 474 660 504 ductae
685 474 786 503 etiam
803 483 851 503 eae

123 519 290 556 formulae,
307 520 341 550 in
357 519 476 558 quibus
499 519 668 548 calumnia
683 517 852 556 significat

125 562 306 599 actionem,
325 562 490 602 judicium
518 562 703 597 calumnier,
728 563 787 589 aut
809 561 852 589 si-

125 605 204 636 mile
217 606 309 645 quid,
322 606 416 645 cujus
428 606 597 642 objectum
609 608 661 633 est
672 603 850 633 calumnia.

125 649 260 679 Cluent.
286 653 336 683 59.
372 650 580 680 (alumniam
609 656 676 676 non
701 646 849 685 effugiet.

125 693 147 723 i.
159 703 187 723 e.
202 692 379 723 calumnia:
396 691 620 721 damnabitur.
637 689 677 719 ad
693 689 768 719 Div.
783 690 849 719 viii.

125 740 156 768 8.
179 737 381 766 calumniam
406 735 502 764 ferre.
527 735 548 764 i.
570 743 600 763 e.
621 733 773 763 damnari
796 743 849 763 ca-

125 781 269 810 lnmniae.
301 779 378 808 ibid.
405 778 608 807 calumniam
632 778 759 815 jurare,
785 776 849 806 den

125 823 198 863 Eyd
217 833 273 852 vor
294 822 347 852 die
364 820 540 851 Gefahrde.
564 820 582 838 *
595 820 773 857 malitiosa,
791 824 850 850 aut

124 866 208 896 falsa
230 866 350 895 saltem
374 865 616 904 interpretatio.
649 863 772 894 Caeeiu.
797 865 850 893 2⁷1.

125 911 161 940 iu
190 909 310 948 frigida
338 912 373 937 et
398 908 516 946 jejuna
541 908 710 938 υαῐιωηηία
733 906 850 937 delite-

124 963 226 983 scere.
257 952 321 982 Off.
346 952 367 981 i.
391 955 439 982 10.
471 952 620 981 existunt
643 951 772 989 injuriae
795 960 850 980 ca-

125 997 264 1026 lumnia.
294 995 335 1025 ad
357 995 433 1025 Div.
453 996 494 1025 vi.
512 998 541 1027 7.
572 995 739 1024 calumnia
752 994 851 1023 tinio—

125 1041 179 1070 ris.
204 1049 282 1069 cum
307 1044 441 1078 propter
458 1039 615 1068 timorem
631 1037 744 1067 omnia
759 1037 850 1067 dete—

124 1084 192 1114 rius
219 1083 494 1122 interpretamur,
517 1082 630 1111 omnia
652 1081 765 1120 pejora
789 1081 851 1110 fin-

125 1128 247 1166 gimuS.
270 1125 402 1156 *falsus
426 1129 622 1166 praetextus,
639 1125 690 1154 uti
711 1124 851 1162 loquun-

123 1176 193 1208 tur,
212 1174 247 1199 et
269 1169 426 1208 quicquid
450 1169 592 1199 dicimus
615 1172 676 1199 aut
696 1167 851 1204 facimus,

123 1221 164 1244 ut
187 1213 253 1244 alia
275 1213 314 1243 de
338 1223 439 1243 causa
460 1221 495 1242 et
517 1212 608 1243 aliud
631 1221 728 1251 agere
745 1211 853 1241 videa-

126 1267 214 1294 mur,
236 1260 335 1296 atque
359 1256 500 1296 agimus.
526 1255 567 1286 ad
589 1256 665 1286 Div.
690 1256 712 1285 i.
741 1258 768 1285 l.
800 1265 854 1285 cst-

125 1301 256 1332 lumm‘a
273 1300 452 1340 religionis.
477 1300 516 1329 de
533 1299 647 1329 eadem
665 1309 699 1328 re
715 1299 796 1328 dicit
809 1299 850 1337 Ω.

125 1344 177 1375 Pr.
197 1345 232 1374 ii.
249 1347 280 1376 2.
311 1354 371 1384 per
384 1344 619 1374 obtrectatores
644 1342 778 1372 Lentuli
802 1351 853 1371 res

124 1390 297 1419 calumnia
315 1391 462 1417 extracta
478 1390 538 1417 est.
571 1386 640 1416 Att.
658 1387 700 1415 iv.
718 1389 748 1416 3.
782 1386 854 1415 Me-

123 1432 225 1462 tellus
241 1432 409 1461 calecmm'a
424 1430 553 1461 dicendi
568 1434 701 1470 teinpus
717 1430 852 1459 exemit.

124 1475 160 1506 h.
177 1486 206 1505 e.
232 1474 372 1513 longiori
394 1475 556 1511 oratione,
573 1483 659 1512 quae,
676 1482 744 1503 non
767 1473 855 1511 quod

124 1529 208 1559 opus
232 1523 315 1555 erat,
332 1519 366 1547 in
389 1518 557 1547 sententia
571 1516 722 1554 dicenda,
739 1517 796 1546 sed
812 1526 854 1545 ne

126 1563 252 1593 SCtum
277 1562 348 1591 fieri
366 1565 488 1601 posset,
506 1560 734 1591 adhibebatur.
751 1560 852 1590 Acad.

127 1607 170 1637 iv.
203 1609 231 1636 1.
268 1604 487 1635 Inimicorum
516 1605 686 1634 calumnia
713 1604 854 1640 tardius,

126 1659 227 1689 quam
251 1649 422 1685 debuerat,
437 1648 667 1687 triumphavit.
692 1648 711 1666 ²*
724 1647 853 1687 Captio.

127 1693 197 1723 Fat.
233 1695 283 1723 14.
315 1702 376 1722 nec
403 1692 506 1722 ullam
531 1691 707 1721 adhibebat
729 1693 855 1721 calum-

126 1739 229 1767 niam.
254 1736 273 1754 *
285 1736 394 1766 inanis
413 1735 637 1776 reprehensio.
661 1736 740 1766 Nat.
756 1735 800 1765 D.
819 1735 853 1765 ii.

128 1783 160 1812 8.
195 1779 364 1819 effugiunt
392 1779 667 1809 Academicorum
695 1780 857 1809 calumni-

126 1834 194 1854 am.
224 1823 244 1842 ²*
267 1823 446 1853 simulatio.
490 1822 588 1852 Catil.
620 1822 654 1852 ii.
681 1824 711 1853 2.
744 1831 855 1852 amare

127 1868 298 1898 calumnia
314 1870 470 1906 coeperat,
484 1867 503 1896 i.
519 1876 548 1896 e.
561 1866 718 1896 simulato
731 1875 855 1896 amore.

127 1910 263 1942 *AeatL
287 1911 330 1941 iv.
355 1913 386 1941 5.
417 1910 572 1941 Arcesilae
595 1910 777 1947 calumnia,
799 1919 857 1949 op-

126 1955 265 1997 ponitur
278 1954 486 1984 verecundiae
502 1953 697 1984 Democriti.
733 1954 857 1984 Demo-

127 1999 203 2029 criti
231 1997 433 2028 verecundia
454 1998 489 2027 in
513 2007 551 2027 eo
582 1996 745 2034 consistit,
769 1996 858 2035 quod

127 2043 176 2073 ita
198 2041 381 2073 imbecillos
404 2050 520 2071 sensus
535 2041 663 2070 dixerat
677 2040 856 2078 humanos,

128 2090 169 2117 ut
191 2095 307 2117 verum
329 2089 502 2124 tamquam
527 2085 561 2114 in
577 2084 740 2125 profundo
756 2088 857 2124 puteo

128 2129 245 2166 latere,
269 2129 354 2159 nihil
381 2138 476 2168 paene
504 2129 580 2158 sciri
603 2138 697 2168 posse
720 2127 854 2158 diceret.

127 2173 283 2204 Arcesilae
296 2176 409 2202 autem
421 2173 590 2202 calumnia
605 2175 656 2201 est
667 2172 733 2202 sive
747 2172 858 2212 impu-

129 2217 255 2254 dentia,
274 2217 331 2255 qui
355 2216 439 2246 nihil
461 2215 560 2255 plane
583 2215 739 2254 cognosci
761 2225 856 2254 posse

129 2260 267 2297 diceret,
282 2261 349 2290 sive
373 2259 549 2299 impudens
565 2259 793 2298 interpretatio
809 2259 858 2289 di-

129 2307 260 2333 ctorum
283 2303 481 2340 Democriti,
503 2302 727 2342 Empedoclis,
743 2302 858 2333 Socra-

127 2349 185 2385 tis,
202 2347 272 2386 qui,
288 2356 356 2377 non
379 2347 466 2386 quod
482 2347 529 2376 ita
543 2347 785 2383 existimarent,
800 2345 858 2376 sed

130 2390 301 2422 modestiae
323 2400 436 2428 causa,
452 2389 536 2421 nihil
559 2390 635 2420 sciri
657 2399 752 2429 posse
767 2389 858 2420 dixe-

130 2437 219 2471 rant,
236 2436 271 2463 et
285 2437 400 2464 tamen
416 2437 565 2464 auctores
589 2434 766 2464 sententiae
789 2442 858 2464 suae

130 2478 172 2509 ab
186 2477 334 2507 Arcesila
353 2477 554 2508 citabantur.

179 2521 417 2552 Calumniator.
449 2520 700 2560 quadruplator,
718 2519 858 2558 delator,

131 2565 188 2604 qui
200 2564 300 2595 falsas
316 2564 390 2594 lites
404 2564 557 2595 intendit.
577 2564 671 2595 Verr.
686 2565 720 2594 ii.
734 2568 766 2598 9.
788 2563 860 2594 Cae-

131 2609 198 2640 cin.
214 2609 267 2638 23.
291 2609 537 2639 calumniatoris
549 2617 620 2639 esse
632 2608 794 2649 scriptum
809 2617 860 2638 se-

131 2652 189 2692 qui
206 2651 265 2681 ἃς.

181 2694 380 2726 calumnior.
420 2693 539 2725 falsam
575 2693 670 2724 litem
708 2693 857 2724 intendo.

130 2737 225 2769 Verr.
263 2738 310 2768 iii.
344 2740 395 2768 15.
435 2739 664 2769 calumniandi
700 2741 859 2777 quaestus.

131 2782 295 2822 *tempus
318 2781 404 2811 fictis
427 2782 534 2812 causis
557 2782 689 2812 ducere.
722 2782 799 2812 Sen.
824 2792 858 2822 p.

126 2824 215 2863 ⁴Red.
243 2828 292 2855 11.
322 2834 456 2863 meque,
480 2826 507 2855 si
530 2825 654 2856 diutius
677 2826 861 2856 calumnia-

130 2874 262 2906 rentur,
274 2867 380 2898 redire
385 2868 543 2908 jussistis.
565 2869 681 2908 Quint.
696 2871 749 2899 21.
768 2869 862 2908 jacet

131 2921 183 2944 res
209 2913 246 2944 in
269 2912 511 2949 controversiis,
535 2913 598 2942 isto
623 2914 858 2950 calumniante,

129 2955 318 2988 biennium.
342 2953 413 2988 *ste
435 2955 489 2994 iis,
504 2956 562 2997 qui
583 2955 667 2988 falso
689 2956 804 2988 omnia
818 2957 861 2988 ti-

643 168 788 198 INDEX
809 167 940 196 LATIN
948 167 1102 196 1'rATls.

893 259 998 293 ment,
1025 258 1160 296 propter
1184 254 1340 285 timorem
1368 254 1482 286 omnia
1506 253 1621 295 pejora

893 300 1037 339 fingunt.
1069 299 1110 329 ad
1136 299 1212 329 Div.
1238 299 1280 328 ix.
1299 300 1329 328 2.
1355 298 1412 328 sed
1437 300 1620 330 calumnia-

894 344 953 373 bar
975 343 1055 382 ipsc.
1081 343 1140 372 ἃς.
1176 342 1262 372 conf.
1288 343 1465 372 calumnia.
1489 343 1566 373 ibid.
1584 346 1616 377 7.

893 396 971 416 nam
996 386 1083 424 quod
1105 388 1204 415 antea
1225 386 1450 416 calumniatus
1464 395 1538 416 sum
1558 386 1619 426 (sie

893 430 982 459 enim
999 439 1076 459 cum
1101 429 1229 459 Graevio
1252 427 1446 468 legendum)
1466 429 1621 459 indicabo

894 472 1058 502 malitiam
1076 481 1197 502 meam.

941 515 1031 545 Calx.
1061 515 1169 546 Locus
1193 516 1225 545 in
1250 515 1350 552 circo,
1366 517 1451 546 calce
1464 514 1544 545 olim
1562 524 1621 545 no-

891 562 996 595 tatus,
1013 563 1086 598 post
1110 562 1200 588 creta
1225 559 1354 600 (Senec.
1377 569 1430 599 ep.
1451 557 1537 597 108.)
1563 558 1620 588 ubi

893 612 992 632 cursu
1008 606 1125 632 exacto
1140 602 1246 633 victor
1259 602 1459 633 consistebat
1484 608 1521 632 et
1536 611 1620 642 prae-

893 646 999 675 mium
1023 645 1217 684 accipiebat.
1248 645 1333 676 Plin.
1355 647 1423 676 viii.
1439 648 1493 677 42.
1523 655 1621 675 xxxv.

895 692 944 722 17.
978 688 1116 718 Salmas.
1147 688 1189 718 ad
1220 688 1321 718 Solin.
1354 699 1387 729 p.
1418 690 1492 720 642.
1529 689 1621 728 Lips.

892 732 985 762 Lect.
1011 732 1088 762 Ant.
1112 741 1142 761 v,
1169 735 1218 762 10.
1255 732 1342 761 unde
1373 732 1524 763 formulae
1548 732 1620 762 hae:

890 775 989 806 Tusc.
1008 776 1029 805 i.
1047 778 1076 806 8.
1102 774 1206 805 Video
1219 777 1351 812 calcem,
1369 776 1411 806 ad
1426 787 1525 815 quam
1543 785 1620 806 cum

891 819 936 849 sit
958 819 1135 849 decursum
1160 819 1219 848 ἃς.
1249 818 1330 848 Lael.
1355 821 1408 853 27.
1437 829 1454 849 e
1483 819 1624 850 carceri-

891 863 952 892 bus
977 862 1019 892 ad
1040 864 1161 894 calcem
1183 862 1365 902 pervenire.
1398 862 1492 892 Cato.
1516 865 1568 894 ⁶23.
1602 872 1622 892 a

892 916 1022 936 carcere
1047 906 1089 935 ad
1111 907 1231 936 calcem
1263 915 1425 936 revocare.
1458 905 1509 936 Fr.
1537 905 1624 936 Hor-

891 954 977 979 tens.
1002 960 1053 989 ap.
1079 949 1155 979 Seu.
1180 949 1201 979 l.
1225 960 1253 979 c.
1274 950 1431 988 quoniam
1447 959 1563 980 sumus
1581 949 1622 979 ab

892 994 963 1032 ipsa
977 995 1064 1023 calce
1079 994 1150 1031 ejus
1172 993 1442 1033 interpellatione
1466 993 1624 1024 revocati.

893 1036 989 1066 Unde
1020 1041 1112 1076 patet
1141 1036 1263 1066 falsum
1292 1046 1377 1074 esse,
1407 1036 1494 1075 quod
1523 1040 1622 1077 putat

893 1080 1031 1110 Salmas.
1055 1080 1096 1110 ad
1118 1080 1219 1110 Soliu.
1236 1090 1268 1120 p.
1285 1081 1360 1111 642.
1392 1081 1512 1110 calcem
1536 1080 1626 1110 Circi

892 1133 963 1153 esse
987 1124 1118 1162 generis
1142 1133 1242 1153 masc.
1266 1128 1300 1153 et
1323 1134 1343 1153 a
1361 1126 1447 1154 calce
1462 1123 1553 1163 pedis
1567 1133 1624 1153 su-

895 1167 958 1196 mi:
989 1168 1067 1204 quia
1089 1167 1133 1196 sit
1155 1167 1320 1198 terminus
1337 1177 1465 1205 cursus,
1481 1167 1623 1197 Graeeis-

895 1220 958 1249 que
976 1209 1070 1252 τέρμα
1085 1210 1227 1240 dicatur.

943 1254 1096 1283 Cama-ra.
1120 1253 1160 1293 Ω.
1179 1254 1229 1284 Fr.
1247 1254 1293 1283 iii.
1309 1256 1336 1284 1.
1355 1257 1382 1284 l.
1397 1257 1528 1284 tectum
1545 1262 1625 1283 con-

895 1297 995 1327 clavis
1019 1297 1200 1328 fornicibus
1223 1307 1436 1338 suspensum,
1452 1302 1488 1328 et
1509 1307 1625 1328 arcua—

893 1349 979 1370 tum.
1007 1340 1077 1370 Vox
1094 1341 1219 1371 Graeca.

944 1384 1136 1424 Campester.
1168 1385 1313 1425 Harusp.
1347 1385 1385 1415 R.
1415 1386 1467 1415 20.
1498 1394 1624 1424 campe-

894 1431 960 1458 ster
982 1434 1143 1467 quaestus,
1161 1434 1211 1458 est
1232 1429 1376 1468 pecunia
1397 1438 1418 1458 a
1440 1428 1626 1458 candidatis

896 1476 1045 1511 accepta,
1075 1482 1095 1501 a
1125 1472 1251 1512 Campo
1281 1472 1405 1502 Martio
1434 1471 1537 1510 dicta,
1567 1471 1626 1501 uhi

896 1517 1109 1554 magistratus
1125 1517 1334 1546 creabantur.
1367 1514 1448 1546 Coel.
1467 1519 1497 1546 5.
1527 1515 1626 1545 ludus

894 1563 1083 1599 campester,
1092 1564 1143 1589 est
1154 1560 1349 1589 exercitatio
1362 1559 1519 1599 corporis,
1529 1559 1626 1598 cujus

897 1602 993 1642 plura
1015 1612 1138 1641 genera
1159 1607 1269 1640 erant,
1286 1603 1405 1642 quibus
1424 1603 1566 1641 juvenes
1589 1602 1625 1632 in

898 1646 1023 1685 Campo
1039 1646 1163 1676 Martio
1180 1647 1373 1676 utebantur.

945 1690 1095 1729 Campus.
1125 1690 1165 1720 de
1187 1690 1314 1730 Campo
1330 1689 1453 1720 Martio
1468 1687 1629 1729 simplici-

895 1737 947 1763 ter
963 1733 1096 1763 dicitur.
1112 1744 1141 1764 v.
1159 1743 1187 1764 c.
1215 1734 1255 1763 de
1275 1733 1350 1764 Nat.
1367 1733 1409 1763 D.
1426 1733 1474 1763 iii.
1491 1735 1543 1767 27.
1567 1733 1628 1762 &c.

897 1777 971 1807 Act.
988 1777 1010 1807 i.
1034 1777 1069 1806 in
1084 1777 1177 1808 Verr.
1194 1781 1225 1811 7.
1248 1777 1305 1807 Or.
1325 1777 1361 1807 ii.
1377 1778 1430 1808 20.
1459 1776 1530 1806 *de
1547 1786 1628 1815 qua-

898 1830 1030 1860 cunque
1062 1831 1109 1857 re,
1141 1830 1214 1860 quae
1246 1830 1402 1859 magnam
1428 1819 1629 1850 facultatem

898 1864 1038 1903 alicujus
1056 1865 1102 1894 rei
1118 1867 1265 1904 praestat.
1296 1864 1419 1894 Caecin.
1436 1865 1487 1898 29.
1516 1873 1571 1893 me
1587 1873 1628 1893 ex

897 1918 1008 1948 campo
1024 1908 1192 1947 aequitatis
1209 1907 1250 1937 ad
1265 1908 1440 1937 verborum
1455 1906 1628 1946 angustias

897 1957 932 1982 et
947 1961 1061 1981 omnes
1079 1951 1251 1982 literarum
1266 1951 1405 1990 angulos
1421 1960 1553 1981 revocas
1568 1951 1628 1981 &c-

948 1996 1098 2026 Cancelli.
1126 1995 1219 2026 Verr.
1244 1995 1291 2025 iii.
1313 1998 1365 2029 59.
1392 1996 1546 2025 cancellos
1569 1993 1630 2024 ali-

899 2040 952 2069 cui
968 2038 1186 2075 circumdare,
1198 2039 1353 2075 dicimur,
1366 2048 1442 2069 cum
1460 2047 1629 2076 cavemus,

898 2092 940 2112 ne
957 2083 1029 2121 quis
1043 2092 1101 2122 pro
1117 2082 1254 2113 libidine
1270 2081 1357 2112 male
1379 2082 1489 2113 facere
1510 2081 1630 2122 possit,

898 2126 1000 2156 dueta
1019 2126 1152 2156 dicendi
1175 2126 1304 2156 ratione
1327 2136 1348 2155 a
1366 2126 1494 2163 bestiis,
1509 2125 1629 2165 quibus

898 2171 1034 2200 cancelli
1049 2170 1314 2207 circumdantur,
1330 2179 1373 2199 ne
1395 2169 1554 2208 effugere,
1568 2172 1630 2199 aut

899 2223 1018 2244 nocere
1031 2214 1187 2253 cuiquam
1200 2214 1337 2253 possint.
1353 2212 1372 2232 ἕ
1381 2214 1471 2243 Sext.
1484 2215 1536 2243 58.
1551 2222 1631 2242 can-

897 2259 968 2288 celli
994 2257 1068 2288 fori.
1094 2262 1201 2297 septa.
1224 2256 1289 2287 vid.
1312 2256 1453 2287 Salmas.
1474 2256 1517 2287 ad
1538 2255 1629 2286 Hist.

897 2301 984 2340 Aug.
1000 2309 1027 2332 t.
1044 2302 1077 2331 ii.
1093 2311 1126 2341 p.
1143 2303 1197 2332 80.

948 2345 1206 2375 candidatorius.
1227 2344 1299 2375 Att.
1314 2344 1337 2374 i.
1356 2346 1385 2374 1.

949 2388 1151 2428 Canephmw.
1182 2387 1275 2417 Verr.
1292 2388 1334 2417 iv.
1351 2391 1383 2418 3.
1409 2389 1530 2416 statuae
1546 2385 1630 2416 refe-

900 2437 1010 2462 rentes
1040 2434 1186 2472 speciem
1221 2431 1391 2470 virginum
1420 2430 1630 2460 sacerdotum

901 2475 1045 2512 Cereris,
1061 2485 1135 2515 quae
1151 2475 1187 2504 in
1210 2473 1416 2504 solemnibus
1436 2473 1565 2503 Cereris
1580 2473 1630 2503 bi-

902 2528 946 2549 na
961 2520 1107 2550 canistra
1120 2519 1284 2555 ferebant,
1301 2522 1337 2547 et
1359 2517 1435 2548 inde
1452 2515 1631 2557 Canepho-

900 2572 945 2593 rae
969 2563 1179 2593 dicebantur.
1203 2561 1272 2591 vid.
1288 2560 1470 2601 Spanbem.
1486 2560 1530 2590 ad
1552 2558 1629 2591 Cal-

901 2606 1036 2637 limach.
1054 2606 1181 2646 Hymn.
1196 2606 1232 2635 in
1247 2605 1359 2635 Cerer.

952 2651 1098 2681 Caneseo.
1129 2650 1203 2680 Per.
1219 2651 1251 2680 2.
1274 2658 1352 2678 cum
1367 2648 1474 2678 oratio
1495 2647 1563 2685 iam
1578 2656 1633 2676 ca-

902 2698 1054 2731 nesceret,
1084 2693 1289 2731 haberetque
1327 2701 1422 2721 suam
1462 2689 1632 2730 quandam

903 2738 1136 2768 maturitatem
1150 2740 1186 2766 et
1201 2736 1295 2775 quasi
1310 2738 1533 2765 senectutem.

951 2781 1058 2812 Canis.
1101 2779 1236 2810 assecla.
1275 2779 1347 2810 Att.
1375 2779 1418 2809 vi.
1448 2781 1480 2809 3.
1522 2776 1632 2808 Clodii

902 2826 1005 2855 canis.
1034 2823 1054 2843 ³*
1067 2823 1106 2853 de
1125 2822 1262 2854 homine
1284 2822 1342 2861 qui
1365 2822 1407 2852 ad
1429 2821 1634 2860 investigan-

903 2868 961 2899 das
984 2871 1020 2899 et
1042 2866 1226 2898 odorandas
1249 2875 1301 2896 res
1319 2864 1507 2896 adhibetur.
1536 2864 1632 2896 Verr.

902 2912 925 2942 i.
956 2914 1010 2942 48.
1046 2910 1156 2941 multa
1184 2910 1319 2941 canibus
1345 2910 1413 2940 suis
1439 2918 1523 2951 opus
1548 2916 1633 2951 esse,

903 2965 985 2996 quos
1002 2955 1091 2986 circa
1104 2963 1140 2986 se
1155 2953 1304 2986 haberet.
1320 2952 1380 2985 &c-
