1790 3219
132 73 216 111 442

137 170 185 200 tia
214 168 343 199 subnixi
372 165 557 198 ambulant.
603 167 656 198 Sic
693 171 744 197 est
782 166 871 207 apud

138 212 210 243 Liv.
224 212 309 243 xxvi.
326 214 374 242 13.
397 211 473 242 Non
489 210 602 241 videbo
614 210 759 251 Appium
773 210 872 241 Clau-

137 257 229 286 dium
261 259 297 284 et
326 254 391 293 Qu.
416 253 591 285 Fullonem·
617 255 754 285 victoria
785 255 872 285 inso-

137 299 220 330 lenti
241 299 389 329 subnixos
413 299 471 329 &tn
504 297 546 328 cf.
569 297 655 328 Gell.
679 297 777 328 Noct.
801 299 872 327 Att.

137 343 215 374 xvii.
231 343 262 373 52.

184 386 382 421 Suboruares
398 393 527 421 ornare,
537 384 666 423 juvare.
694 383 734 413 ad
750 384 826 414 Div.
844 394 873 412 x.

139 431 192 460 23.
223 433 273 466 tu,
290 429 335 458 wi
363 427 492 464 Cicero,
508 427 595 466 quod
620 426 727 457 adhuc
751 426 872 463 fecisti,

139 473 227 504 idem
244 477 376 513 praesta‚
393 474 431 501 ut
454 479 512 500 nos
532 470 707 509 vigilanter
723 479 874 499 nervose-

140 526 203 556 que
235 517 394 546 subornes.
432 513 518 544 Phil.
544 514 612 543 xiii.
641 514 689 543 16.
729 512 873 542 Brutum

139 560 282 601 pecunia
302 558 506 589 subornastis.
538 556 618 595 Leg.
639 557 659 586 i.
675 558 727 587 202.
760 565 875 594 quem-

141 603 320 633 admodum
337 602 435 632 homo
457 601 645 630 subornatus
663 609 682 628 a
698 601 819 628 natura
840 599 874 628 in

138 647 243 677 vitam
266 646 374 675 venit:
403 644 458 673 ubi
483 643 595 673 Davis.
622 642 769 672 laudatis
791 641 874 671 Gro-

141 699 216 720 nov.
232 689 274 720 ad
289 689 403 718 Senec.
420 697 472 726 ep.
486 687 538 717 94.

186 732 388 771 Subi-ngare:
413 728 605 765 Consulem,
619 737 678 758 aut
691 728 792 758 alium
807 738 876 758 ma-

142 777 332 816 gistratum.
345 774 378 803 in
395 773 502 803 locum
523 772 647 802 mortui
665 782 792 812 rogare.
816 771 876 801 Est

141 820 354 858 magistrati-:-
378 816 530 846 habentis
554 816 707 846 comitia:
732 814 875 856 populus

142 871 256 893 autem
273 861 404 891 sufficit.
429 859 523 890 Brut.
536 869 588 899 ep.
605 862 635 890 5.
658 859 773 889 statim
792 858 836 887 Pr.
853 870 873 885 ι-

142 917 178 936 sa
205 905 366 944 collegam
395 904 456 933 sibi
487 904 696 941 subrogasset.
741 902 877 932 Dicitur

141 954 256 980 tamen
293 949 396 978 etiam
435 947 474 976 de
504 947 671 976 creatione
703 945 877 985 magistra-

141 999 239 1024 tuum
257 1001 369 1022 annua
384 1000 435 1030 ap.
453 990 523 1020 Liv.
540 999 635 1020 xxxv.
651 990 682 1020 6.

187 1035 408 1071 subrostrani,
432 1033 582 1064 homines
610 1033 742 1070 urbani,
765 1031 875 1068 otiosi,

143 1080 198 1119 qui
215 1084 322 1109 totum
339 1087 432 1118 paene
449 1076 535 1106 diem
552 1077 612 1107 sub
629 1076 742 1107 rostris
759 1075 875 1105 ambu-

142 1124 226 1160 lant,
246 1121 384 1152 circulos
407 1121 537 1151 faciunt
560 1121 620 1150 ἃς.
651 1120 693 1150 ad
716 1119 792 1150 Div.
810 1119 876 1148 viii.

148 1170 175 1197 1.
200 1172 234 1197 te
248 1165 447 1196 subrostrani
463 1164 662 1204 dissiparant
677 1162 824 1204 periisse.

189 1210 401 1245 Subscribere‚
426 1208 555 1248 proprie
583 1213 631 1236 est
662 1207 733 1236 Att.
755 1207 799 1236 ix.
828 1209 876 1237 13.

144 1254 255 1284 Caesar
280 1252 362 1283 mihi
388 1251 500 1281 literas
527 1251 630 1288 misit,
655 1259 795 1289 quarum
821 1259 877 1279 ex-

143 1296 291 1337 emplum
313 1295 493 1334 subscripsi..
523 1293 590 1323 *de
613 1297 804 1324 accusatore
829 1293 877 1322 di-

144 1341 243 1378 citur,
260 1339 347 1379 quod
369 1340 403 1368 in
426 1337 602 1368 deferendo
621 1337 757 1367 nomine
773 1336 878 1366 alicu-

136 1385 194 1424 jus
209 1393 307 1414 suum
334 1391 463 1421 quoque
488 1390 607 1410 nomen
624 1386 658 1410 et
674 1389 807 1409 causam
825 1389 877 1409 ac-

143 1427 323 1457 cusationis
339 1425 557 1456 subscriberet.
586 1424 653 1454 lnv.
670 1424 703 1453 ii.
722 1426 770 1457 19.
799 1433 876 1453 cum

143 1470 293 1500 veneficii
320 1478 441 1499 nomen
465 1471 551 1497 esset
569 1467 730 1503 delatum,
748 1472 782 1496 et
805 1476 878 1508 par-

143 1514 251 1544 ricidii
281 1522 380 1543 causa
417 1510 812 1551 subscripta—quoniam
846 1510 879 1540 id

145 1567 252 1587 causae
283 1557 497 1596 subs-criptum
536 1560 633 1584 esset.
680 1564 708 1584 v.
739 1553 878 1583 Salmas.

145 1600 234 1631 mod.
258 1601 357 1630 Usnr.
381 1610 408 1629 c.
434 1602 464 1629 3.
488 1609 519 1638 p.
547 1602 617 1629 108.
656 1598 735 1627 *est
759 1596 878 1626 deinde

145 1644 345 1674 acvusatoris
374 1641 571 1672 secundarii.
609 1651 639 1670 v.
664 1641 878 1680 subscriptor.

144 1687 248 1717 Attic.
282 1687 315 1716 ii.
347 1688 398 1716 94.
437 1686 471 1714 in
503 1684 645 1724 aliquem
677 1685 880 1715 subsercbere.

144 1731 210 1770 Qu.
234 1730 285 1760 Fr.
302 1729 347 1759 iii.
366 1732 396 1760 3.
426 1728 604 1758 Gabinium
629 1737 721 1758 reum
746 1727 786 1757 de
810 1737 881 1757 am·

147 1774 218 1805 bitu
245 1773 325 1803 fecit
351 1773 386 1803 P.
413 1771 516 1809 Sulla,
543 1773 755 1802 subscribente
782 1771 879 1811 privi-

145 1827 212 1857 gno
242 1817 415 1846 Memmio.
459 1815 648 1846 *Censores
679 1815 779 1844 etiam
809 1815 881 1844 sub-

144 1861 281 1891 scribere
297 1859 466 1896 dicuntur,
482 1869 557 1888 cum
579 1859 613 1889 in
629 1858 750 1888 tabulis
767 1867 881 1887 censo-

145 1904 201 1934 riis
224 1903 284 1933 sub
308 1903 442 1933 nomine
467 1902 605 1942 alicujus
629 1902 791 1938 scribunt,
816 1911 882 1940 qna

147 1948 186 1977 de
214 1956 313 1977 causa
339 1951 475 1976 notatus
498 1956 518 1975 a
539 1955 573 1975 se
597 1946 651 1975 sit.
682 1946 758 1975 Div.
783 1945 804 1974 i.
833 1945 880 1975 16.

146 1991 272 2021 Censor
294 1990 330 2020 C.
351 1991 486 2020 Ateium
511 1989 710 2019 ementitum
735 1988 884 2027 auspicia

143 2035 374 2074 subscripserit.
414 2032 548 2063 Cluent.
570 2034 623 2063 4⁶2.
653 2032 746 2062 video
768 2041 881 2062 censo-

146 2087 198 2107 res
223 2077 493 2107 animadvertisse
517 2076 551 2105 in
569 2075 699 2114 judices
723 2075 880 2114 quosdam

145 2120 234 2150 illius
252 2120 379 2150 consilii
393 2120 547 2156 duuiani,
563 2129 640 2149 cum
660 2119 757 2149 istam
776 2119 881 2158 ipsam

146 2173 279 2194 causam
295 2164 539 2198 subscriberent.
561 2163 640 2193 ibid.
651 2165 705 2193 45.
729 2162 763 2192 in
780 2161 883 2201 Aqui-

146 2207 228 2237 lium
247 2207 340 2237 video
360 2216 431 2237 esse
446 2207 671 2246 subscriptum.
716 2206 768 2237 De
783 2205 883 2245 origi-

148 2260 190 2280 ne
214 2260 387 2280 causarum
419 2250 721 2280 subscribendarum
746 2249 795 2279 ita
818 2249 882 2279 dis-

147 2298 269 2334 putant
293 2294 352 2324 viri
378 2293 478 2330 docti,
503 2300 540 2324 ut
567 2293 623 2323 alii
650 2293 690 2323 ad
719 2293 882 2323 Catonem

149 2337 344 2366 Censorium
369 2337 526 2373 referant,
543 2337 661 2375 quibus
684 2336 774 2366 favet
790 2335 882 2365 locus

147 2380 244 2409 Gellii
263 2381 303 2409 iv.
319 2383 371 2411 ιΖΟ.
400 2381 456 2410 ubi
474 2381 599 2409 Censor
617 2378 728 2421 (Cam)
748 2389 882 2409 causam

147 2423 375 2462 subsvripsisse
391 2423 548 2461 traditur,
565 2423 620 2453 alii
645 2423 685 2453 ad
701 2424 884 2462 posteriora

147 2471 311 2506 tempora,
338 2467 453 2496 contisi
479 2466 551 2496 loco
582 2466 667 2497 Livii
694 2467 802 2496 xxxix.
829 2469 881 2496 4⁶2.

149 2509 205 2539 nbi
236 2519 265 2538 v,
293 2510 422 2540 Duker.
447 2515 482 2539 et
512 2510 683 2540 Drakenb.
708 2510 763 2548 qui
790 2510 883 2540 Livio

148 2553 221 2592 plus
244 2553 362 2583 tribuit
385 2563 482 2592 quam
508 2552 626 2583 Gellio.
660 2553 814 2583 *dicitur
835 2556 883 2582 et-

148 2597 214 2626 iam
239 2595 278 2625 de
298 2596 349 2632 iis,
367 2597 422 2635 qui
446 2606 567 2626 nomen
589 2606 686 2626 suum
713 2596 801 2636 apud
823 2595 883 2626 ali-

149 2648 247 2678 quem
275 2638 441 2675 deserunt,
470 2640 681 2678 profitentur,
708 2645 742 2669 et
768 2641 802 2670 in
832 2645 883 2669 ta-

148 2681 234 2712 bulis
261 2682 422 2711 scribunt.
454 2683 545 2712 verr.
567 2684 612 2712 iii.
638 2687 691 2714 51.
724 2693 883 2713 numerus

147 2729 317 2755 aratorum
348 2727 524 2763 quotannis
554 2726 641 2766 apud
669 2727 883 2766 magistratus

146 2769 366 2799 subscribitur.
413 2768 464 2797 Sia
503 2771 637 2799 miissen
674 2769 745 2800 sich
783 2779 884 2809 ang&

146 2813 211 2841 ben
243 2812 311 2842 und
340 2810 410 2843 sich
447 2811 686 2844 einschreiben.
732 2813 775 2844 cf.
804 2813 885 2845 scri·

145 2861 256 2899 ptura.

632 78 776 108 INDEX
806 77 1101 108 LATINITATIS·

958 166 1165 206 Subscriptio.
1197 162 1237 194 de
1269 166 1459 194 accusatore
1488 161 1649 194 secunda-

914 221 987 241 rum
1004 210 1164 250 partium,
1180 208 1214 237 in
1233 206 1345 237 Caecil.
1365 210 1414 237 15.
1442 207 1498 246 qui
1512 207 1651 238 subscri-

910 256 1050 294 ptionem
1067 253 1126 282 sibi
1146 250 1370 291 postularunt,
1388 251 1574 289 cuicunque
1589 259 1648 280 no-

915 297 1013 327 minis
1037 295 1237 326 delationem
1262 293 1444 324 dedissetis.
1476 293 1546 324 *de
1569 301 1648 323 cen-

914 341 1006 370 soriis
1038 339 1135 368 notis.
1169 338 1235 367 xid.
1261 337 1476 368 subscribere.
1515 335 1650 367 Cluent.

915 386 967 416 47.
997 383 1222 422 subscriptione
1246 387 1370 411 notare.
1402 380 1480 410 ibid.
1496 382 1550 410 43.
1576 379 1650 409 eub-

914 427 1098 465 scriptiones
1121 425 1284 454 censoria,
1308 423 1427 454 delere.
1457 423 1526 452 *de
1541 427 1650 453 arato·

916 469 1018 499 ribus.
1050 479 1078 498 v,
1100 467 1313 498 subsmbere.
1344 468 1436 497 Vei-r.
1453 467 1500 496 iii.
1515 468 1568 498 48.
1592 465 1651 504 ju·

916 521 1031 551 gerum
1046 511 1232 549 subscriptio
1248 521 1284 540 :ic
1300 511 1467 551 protessio.

961 555 1175 593 Saba-eripior,
1212 561 1383 584 accusstor
1422 551 1650 590 secundarius,

917 599 983 628 sive
1005 596 1203 627 accusantis
1221 596 1364 635 adjutor,
1380 607 1399 627 a
1414 595 1651 628 subscribendo

917 642 1038 678 dictus,
1056 644 1146 679 onia,
1163 649 1239 669 cum
1263 646 1435 670 aecusator
1458 649 1578 670 nomen
1603 639 1650 670 rei

917 684 1036 721 defert,
1052 693 1174 714 nornen
1198 693 1297 713 suum
1320 693 1450 721 quoque
1465 683 1651 714 subscribit.

918 730 951 759 in
986 727 1095 758 Laecil.
1127 730 1175 758 15.
1202 730 1236 756 at
1275 726 1367 756 wenit
1399 730 1545 766 paratus,
1573 735 1650 757 cum

917 772 1177 811 „cuz-scriptm-ibus
1211 769 1399 800 exercitatis
1436 773 1470 800 et
1509 769 1652 800 disertis.

920 817 978 845 cic.
1002 815 1066 846 vid.
1089 815 1223 845 Hoton..
1257 814 1297 843 au
1321 812 1353 843 h.
1376 812 1398 843 l.
1422 813 1462 843 ad
1485 813 1562 844 Div.
1584 812 1653 843 viii.

919 862 949 890 8.
979 859 1091 897 itaque
1113 858 1183 888 sir-e
1210 856 1277 887 uuo
1291 857 1502 897 subscriptore
1516 855 1653 886 descen-

918 902 980 939 dit,
996 908 1029 932 εἴ
1045 901 1206 931 Tuo-:hun
1225 910 1317 930 reum
1333 901 1423 930 tecit.
1450 900 1469 918 ἕ
1481 900 1537 938 qui
1553 899 1652 930 alicui

919 946 1110 979 assentitur,
1127 954 1252 974 morem
1270 945 1365 982 gerit.
1395 943 1497 975 Dum.
1519 946 1566 977 19.
1598 952 1654 973 ve-

918 988 1002 1020 nalis
1040 988 1224 1028 adscriptor
1262 992 1298 1017 et
1333 988 1527 1027 subscriptor
1562 989 1652 1017 tuus.

900 1068 903 1074 .
918 1032 982 1064 vid.
999 1031 1131 1062 Manut.

963 1075 1173 1106 Szzbsellz'um.
1203 1074 1237 1104 in
1255 1073 1391 1113 judiciis
1409 1075 1558 1105 subsellia
1573 1075 1659 1103 sunt

917 1120 1010 1150 sedes
1034 1118 1189 1158 judicum
1221 1122 1258 1147 et
1285 1122 1502 1157 patronorum
1533 1116 1656 1147 utrius-

918 1174 981 1202 que
1004 1163 1120 1203 partis.
1151 1162 1247 1192 Rosc.
1264 1160 1339 1192 Am.
1366 1164 1412 1191 11.
1442 1162 1589 1191 etiamne
1612 1159 1654 1190 ad

917 1207 1067 1237 subsellia.
1091 1215 1166 1235 cum
1191 1205 1278 1235 ferro
1296 1209 1397 1243 atque
1412 1203 1488 1235 telis
1505 1203 1654 1241 venistis,

917 1256 958 1280 ut
984 1250 1039 1280 hic
1066 1255 1126 1279 aut
1150 1248 1315 1287 ‚iuguletis
1342 1251 1400 1278 aut
1425 1246 1657 1278 condemnetis

917 1293 1095 1324 Roscium?
1125 1292 1229 1322 flacc.
1248 1295 1296 1322 lo.
1323 1296 1427 1322 testes
1442 1301 1511 1322 una
1524 1291 1654 1327 sedent,

918 1342 1150 1367 accusatorum
1165 1336 1320 1366 subselliis
1333 1340 1488 1375 surgunt.
1520 1334 1560 1364 ad
1579 1334 1658 1365 Div.

919 1381 987 1411 xiii.
1015 1384 1063 1410 10.
1096 1385 1244 1409 versatus
1271 1379 1306 1408 in
1333 1379 1482 1419 utrisque
1503 1378 1660 1409 subselliis

919 1434 996 1454 cum
1013 1433 1146 1454 summa
1161 1422 1251 1452 fama
1266 1427 1301 1452 et
1321 1422 1396 1452 fide.
1443 1421 1607 1453 Corradus
1622 1424 1659 1451 et

920 1467 1092 1498 Manutius
1109 1466 1194 1496 male
1212 1466 1478 1505 interpretantur
1493 1465 1533 1496 de
1547 1464 1656 1495 causis

920 1511 1103 1541 minoribus
1135 1514 1169 1539 et
1198 1509 1388 1549 majoribus.
1433 1510 1556 1539 Sensus
1584 1513 1656 1538 est:

916 1555 1065 1593 judicem
1082 1557 1116 1583 et
1139 1556 1320 1593 patronum
1336 1554 1426 1592 eglt3
1450 1552 1539 1591 quod
1554 1551 1657 1583 etiam

919 1597 1094 1637 sequentia
1110 1596 1272 1626 indicant.
1317 1596 1405 1626 Nam
1421 1596 1502 1626 fides
1525 1599 1577 1626 est
1599 1605 1657 1635 pa-

920 1642 1023 1678 troni,
1055 1640 1145 1670 fama
1173 1639 1298 1678 judicis
1336 1640 1458 1678 integri
1496 1644 1532 1669 et
1561 1639 1657 1677 justi.

921 1686 1010 1716 Hinc
1039 1684 1188 1714 subsellia
1218 1692 1278 1722 pro
1301 1683 1431 1723 judicio
1460 1686 1495 1712 et
1525 1682 1658 1713 actione

921 1737 1110 1764 causarum,
1149 1726 1300 1766 inprimis
1345 1725 1566 1766 publicarum.
1621 1725 1657 1756 in

922 1770 1033 1801 Caeeil.
1055 1774 1104 1802 15.
1134 1770 1173 1800 de
1190 1769 1376 1800 causidico:
1401 1780 1420 1799 a
1433 1770 1587 1800 subselliis
1601 1768 1658 1800 Al-

922 1815 1041 1845 lienus.
1079 1814 1167 1844 Nam
1183 1813 1343 1844 dicuntur
1359 1813 1517 1844 causidici
1533 1813 1567 1843 in
1582 1813 1657 1843 sub-

921 1859 1016 1889 selliis
1038 1858 1201 1893 habitare,
1225 1857 1319 1887 Orat.
1340 1857 1361 1886 i.
1379 1858 1430 1888 62.
1460 1856 1537 1887 ibid.
1552 1857 1587 1887 ii.
1604 1859 1658 1887 33.

923 1912 1000 1932 cum
1017 1911 1050 1932 se
1068 1912 1087 1932 a
1101 1901 1260 1931 subselliis
1279 1901 1314 1930 in
1334 1901 1441 1930 otium
1464 1899 1659 1930 contulerit.

922 1946 1017 1976 Brut.
1045 1947 1097 1976 84.
1130 1945 1279 1975 subsellia
1306 1943 1515 1983 grandiorem
1545 1952 1659 1974 vocem

924 1989 1124 2019 desiderant.
1184 1988 1240 2017 ubi
1279 1987 1318 2017 de
1349 1987 1479 2027 judicio
1513 1986 1660 2027 publico,

924 2042 1001 2062 nam
1018 2034 1234 2072 opponuntur
1249 2030 1355 2071 judici
1377 2031 1482 2061 stanti
1504 2030 1539 2060 in
1557 2030 1660 2060 comi·

923 2076 983 2106 tio.
1015 2075 1055 2105 de
1071 2074 1186 2115 judice
1202 2079 1326 2112 stante,
1344 2085 1372 2104 v.
1391 2074 1522 2105 Manut.
1540 2074 1581 2104 ad
1599 2073 1660 2114 Ep.

924 2119 963 2149 ad
990 2119 1066 2149 Div.
1093 2118 1162 2148 xiii.
1194 2121 1243 2148 10.
1281 2117 1440 2148 Ceterum
1465 2117 1500 2147 in
1525 2117 1661 2156 judiciis

924 2162 1064 2203 publicis
1086 2162 1242 2192 videntur
1265 2162 1366 2191 etiam
1380 2160 1484 2191 fuisse
1504 2159 1662 2191 subsellia

925 2206 1130 2242 auditorum,
1161 2206 1217 2244 qui
1244 2214 1352 2244 neque
1373 2203 1506 2245 judices
1535 2207 1661 2242 essent,

925 2259 1033 2288 neque
1056 2249 1226 2287 advocati3
1259 2253 1349 2278 certe
1371 2247 1528 2278 subsellia
1550 2252 1662 2288 patro-

925 2302 1043 2323 norum
1061 2298 1095 2322 et
1111 2292 1266 2331 judicum
1288 2292 1337 2322 ita
1351 2301 1487 2331 magna,
1503 2298 1542 2321 ut
1556 2291 1660 2321 etiam

925 2336 979 2366 alii
1006 2336 1212 2366 honestiores
1237 2335 1388 2366 homines
1419 2336 1455 2365 in
1480 2335 1520 2365 iis
1547 2334 1660 2366 locum

924 2379 1096 2410 haberent.
1113 2380 1209 2410 Brut.
1222 2382 1274 2410 84.
1291 2379 1364 2409 volo
1375 2378 1437 2409 hoc
1448 2378 1571 2408 oratori
1583 2387 1662 2408 con-

923 2424 1045 2463 tingat.
1062 2428 1114 2461 ut,
1132 2433 1207 2453 cum
1233 2422 1385 2452 anditum
1409 2422 1465 2460 sit,
1488 2431 1566 2452 eum
1590 2431 1662 2452 esse

925 2467 1108 2503 dicturum,
1125 2466 1216 2496 locus
1239 2466 1275 2496 in
1297 2466 1451 2497 subselliis
1466 2470 1663 2506 occupetur,

926 2509 1135 2550 complemur
1169 2509 1332 2546 tribunal,
1369 2509 1504 2546 gratiosi
1546 2508 1663 2539 scribae

925 2554 994 2583 sint
1019 2554 1053 2583 in
1080 2553 1189 2583 dando
1213 2559 1248 2583 et
1275 2552 1421 2582 cedendo
1448 2551 1530 2582 loco.
1570 2551 1665 2582 *Sed

924 2598 1073 2627 subsellia
1103 2601 1183 2627 sunt
1210 2597 1312 2626 etiam
1337 2595 1430 2625 sedes
1456 2600 1663 2626 senatorum.

926 2640 1026 2671 Catil.
1055 2641 1076 2671 i.
1099 2643 1131 2675 7.
1170 2639 1315 2670 adventu
1343 2646 1400 2668 tuo
1425 2639 1491 2669 ista
1515 2639 1666 2670 subsellia

925 2694 1030 2713 vacua
1054 2684 1144 2714 facta
1169 2686 1259 2713 sunt.
1291 2681 1332 2711 cf.
1360 2681 1444 2712 Phil.
1465 2683 1500 2712 ii.
1523 2686 1555 2714 8.
1578 2692 1610 2712 v.
1631 2685 1664 2717 7.

927 2727 1014 2758 Hinc
1042 2727 1126 2757 iliud
1152 2725 1351 2766 capiendum
1383 2726 1424 2756 ad
1454 2726 1530 2757 Div.
1556 2725 1605 2756 iii.
1630 2729 1663 2760 9.

926 2769 1017 2809 longi
1036 2771 1174 2801 subsellii
1190 2768 1356 2807 ,iudicatio
1372 2774 1408 2799 et
1422 2778 1516 2799 mora
1537 2768 1668 2800 auferet

924 2813 985 2843 ubi
1002 2823 1109 2845 unum
1124 2813 1219 2843 diem
1243 2819 1277 2842 et
1300 2813 1382 2842 item
1405 2812 1560 2843 alterum.
1602 2811 1665 2842 Ju-

928 2856 1049 2889 dicatio
1070 2856 1162 2899 longi
1176 2856 1327 2896 subsellii,
1342 2861 1395 2887 est
1415 2855 1557 2889 tarditas
1571 2865 1667 2888 sena-
