1800 3131
177 115 257 157 138

172 214 341 258 Bithyniae
357 220 392 249 et
407 217 518 251 Ponti.
535 229 567 251 α.
590 217 630 251 U.
649 227 751 251 nccv.
779 220 906 252 Coesare

172 260 224 292 ΙΙ.
245 261 386 294 Consule.

216 302 375 344 Plautus,
399 305 515 344 Poifla,
539 305 634 337 Offic.
658 307 678 337 i.
703 309 754 341 29.
792 307 833 337 ad
850 308 903 346 jo-

172 349 318 380 eandum
355 350 481 380 urbane
519 354 554 379 et
590 351 760 389 ingeniose
794 355 903 391 aptus.

170 389 268 423 Brut.
289 396 338 424 15.
361 393 493 433 quando
510 398 661 424 mortuus
681 395 735 424 sit.

216 436 374 475 Plautus,
390 436 461 468 Att.
478 438 498 468 i.
525 438 573 467 16.
595 437 693 476 judex
719 438 753 467 in
773 437 903 474 judicio

172 477 280 510 Clodii
310 480 349 510 de
381 481 480 510 sacris
512 480 640 510 violatis
671 480 732 517 rei,
764 480 904 510 absolvit

171 522 337 554 Clodium.
363 524 502 555 Videtur
516 533 577 554 non
593 534 706 553 verum
720 523 903 563 .5edj1'ctwu

169 566 218 597 acl
229 569 458 598 coutumeliam
473 577 587 597 nomeu
610 577 682 596 esse.
706 577 736 596 v.
765 566 901 597 Cas-(tub.

169 610 218 640 ad
239 612 269 641 h.
295 613 316 642 l.
355 611 449 641 Forte
476 612 523 641 ita
549 612 694 649 appellat
716 609 901 640 Lentulum

170 653 268 691 Crus,
282 665 377 694 quem
393 656 479 684 inter
492 652 623 694 judices
642 657 765 684 constat
775 651 900 693 fuisse,

167 698 228 737 qui
247 697 394 728 Clodium
410 699 626 727 absolverunt.

213 740 400 778 Pleno-ates,
418 740 481 770 Pis.
500 743 552 771 3⁴.
577 739 730 777 Macedo,
746 739 899 778 Platoris,

167 784 208 815 ele
222 795 283 825 quo
297 789 385 821 ante,
403 793 526 820 coines,
543 794 620 813 cum
644 794 684 814 eo
700 783 900 815 interfectus

162 828 262 867 jussu
279 827 417 858 Pisonis.
441 826 590 867 Regulus
605 827 777 859 Pleurates
788 832 835 858 est
846 837 900 869 ap.

170 871 246 904 le.
263 870 362 901 xxvii.
379 874 433 902 30.

211 915 253 945 A.
271 914 399 945 Plotius
415 914 586 951 Silvanus,
603 915 717 945 Plane.
734 917 765 948 7.
783 913 900 944 AEdili-

166 957 275 987 tatem
299 967 377 988 cum
405 958 465 988 Cn.
488 958 624 988 Plancio
651 957 747 997 petit.
772 956 842 987 Att.
869 967 900 987 v.

171 1004 221 1032 15.
249 1005 384 1041 proetor,
407 1001 565 1032 stlat-cello
591 1005 621 1031 et
645 1001 789 1040 Sulpicio
818 1001 898 1031 Coss.

166 1045 262 1077 Forte
284 1045 369 1075 idem
391 1050 436 1075 est
456 1055 534 1076 cum
557 1055 602 1082 oo,
625 1045 682 1084 qui
699 1046 813 1085 paullo
828 1048 901 1084 post

167 1088 366 1127 Bithyniam
381 1090 530 1119 obtinuit.
545 1098 575 1118 v.
593 1087 631 1118 A.
649 1087 813 1118 Plautius.

215 1131 248 1162 C.
263 1132 405 1170 Plotius,
422 1133 530 1163 Flaec.
545 1134 598 1163 21.
623 1132 777 1170 Senator,
795 1131 899 1172 Lega-

165 1178 221 1206 tus
238 1176 273 1206 in
288 1176 368 1206 Asia
382 1176 459 1207 fuit.

215 1220 250 1251 C.
282 1220 424 1258 Plotius,
455 1219 526 1250 Fin.
557 1218 592 1250 ii.
625 1221 676 1250 18.
717 1218 899 1257 Nux-sinus,

166 1272 269 1304 eques
284 1264 468 1294 Romanus.

210 1307 253 1338 L.
275 1307 414 1345 Plotius,
431 1305 531 1338 Arch.
552 1311 584 1342 9.
607 1309 708 1348 po'e'ta
730 1305 767 1337 C.
790 1305 900 1337 Mario

159 1350 344 1391 jucundus.

210 1394 309 1434 Pola,
326 1394 472 1431 Servius,
489 1393 530 1424 ad
545 1393 621 1424 Div.
637 1393 707 1424 viii.
727 1395 777 1424 12.
799 1403 898 1423 aecu-

166 1440 269 1470 sator.

208 1481 342 1519 Poleas,
359 1481 451 1512 Verr.
469 1481 511 1510 iv.
528 1482 581 1511 42.
611 1479 874 1520 Tyndaritanus.

210 1525 459 1563 Polenzarchus,
474 1525 568 1555 Verr.
590 1525 636 1554 iii.
660 1526 713 1556 23.
737 1524 898 1564 Murgen-

167 1570 273 1601 tinus.

211 1614 355 1650 Polemo,
372 1612 472 1642 Acad.
497 1612 518 1641 i.
538 1616 569 1645 9.
593 1609 782 1641 Academiae
805 1614 896 1641 vete-

168 1657 214 1689 ris
229 1656 457 1697 philosophus,
474 1656 509 1686 in
528 1655 704 1694 disciplina
726 1654 899 1684 Platonica

166 1701 215 1732 nil
230 1704 351 1730 mutat.
368 1701 425 1730 Or.
441 1700 486 1729 iii.
506 1702 555 1729 18.
584 1698 782 1727 Xenocratis
804 1698 897 1728 audi-

165 1747 232 1780 tor,
260 1743 307 1774 nil
333 1744 374 1774 ab
400 1742 579 1773 Aristotele
607 1741 772 1772 dissensit.
795 1741 897 1772 Acad.

166 1787 209 1819 iv.
225 1789 277 1818 42.
308 1787 379 1826 ejus
395 1787 530 1827 scripta.
547 1786 586 1815 de
601 1785 672 1815 Fin.
690 1785 732 1815 iv.
749 1786 779 1816 6.
807 1795 898 1815 sum-

167 1839 262 1862 mum
279 1831 404 1862 bonum
419 1834 532 1871 putat,
544 1829 729 1860 secundum
741 1832 897 1860 naturam

168 1875 288 1906 vivere.

212 1919 460 1956 Polemocrates,
491 1916 599 1948 Flacc.
637 1919 690 1948 30.
727 1915 898 1957 Apolloni-

168 1960 301 1993 diensis.

210 2006 320 2043 Poles,
336 2005 443 2036 Flacc.
464 2008 512 2036 18.
539 2003 723 2035 Temnites.

211 2049 318 2087 Pales,
335 2049 415 2089 Leg.
438 2049 472 2080 ii.
500 2051 548 2079 13.
572 2057 689 2087 augur.
712 2046 770 2077 sed
789 2046 896 2078 Davi-

165 2095 263 2124 sicmu
291 2094 384 2124 habel
419 2092 587 2131 Polyidus.
628 2091 733 2121 Polles
761 2091 895 2130 quidam

164 2141 434 2167 commemoratur
448 2136 540 2175 apud
554 2135 693 2166 Suidam
708 2136 743 2164 iu
759 2133 894 2167 Πέλλης.

168 2180 321 2221 Polyidus
337 2180 427 2221 apud
447 2179 631 2211 Homerum
654 2178 753 2210 Iliad.
771 2175 800 2208 ε’.
824 2180 894 2208 148.

168 2229 201 2256 el
215 2225 254 2254 de
269 2223 350 2255 Dio.
367 2225 388 2254 i.
404 2226 458 2254 40.

212 2268 322 2305 Polla,
353 2267 395 2298 ad
430 2267 506 2298 Div.
539 2266 582 2296 xi.
614 2268 645 2297 8.
684 2269 730 2296 est
761 2264 896 2296 Valeria

168 2309 310 2348 Paulla,
325 2310 373 2342 D.
390 2311 493 2342 Bruti
506 2320 600 2340 uxor.

210 2355 340 2390 Pollex,
364 2354 406 2384 ad
428 2355 503 2385 Div.
528 2354 592 2383 xiv.
616 2353 647 2383 6.
680 2351 752 2383 Att.
775 2352 842 2382 viii.
863 2354 892 2383 5.

165 2398 209 2429 xi.
232 2400 264 2428 4.
301 2408 412 2428 servus
446 2398 612 2428 ciceronis.
648 2395 716 2427 Sed
748 2396 895 2427 Graevius

166 2444 245 2481 legit
262 2441 389 2472 Pollux.
407 2452 438 2471 V.
453 2445 523 2471 not.

209 2485 327 2522 Pollio,
344 2485 385 2515 ad
400 2485 476 2515 Div.
492 2485 514 2514 i.
532 2484 561 2513 6.
585 2483 629 2513 ix.
646 2484 697 2514 25.
724 2482 768 2513 xi.
784 2487 815 2518 9.
833 2483 894 2513 &c.

164 2538 338 2569 cognomen
351 2530 467 2565 Asinii,
484 2529 522 2558 cle
536 2537 596 2568 quo
610 2536 722 2567 supra.

212 2573 346 2609 Pollux,
358 2572 434 2602 Div.
451 2573 472 2602 i.
489 2574 541 2602 43.
565 2572 634 2610 ejus
647 2570 732 2600 aedes
742 2569 892 2600 Tusculi.

166 2615 246 2648 ibid.
259 2619 310 2646 34.
324 2616 393 2654 ejus
405 2615 502 2646 stella
513 2624 612 2645 aurea
624 2613 762 2653 Delphis
774 2614 893 2653 posita.

210 2658 396 2698 Polyaenus,
427 2659 497 2689 Fin.
529 2659 550 2688 i.
579 2658 610 2688 6.
639 2657 739 2687 Acad.
769 2657 811 2686 iv.
839 2659 894 2688 33.

165 2702 345 2733 Geometra
370 2703 523 2741 insignis,
547 2702 682 2741 Epicuri
706 2700 892 2738 familiaris,

164 2746 311 2786 Epicuro
334 2755 484 2777 assensus
504 2749 567 2783 est,
580 2749 690 2775 totam
707 2744 894 2774 Geometri-

164 2794 219 2820 an'i
234 2789 352 2820 falsam
368 2799 449 2820 esse.

209 2833 377 2873 Polybius,
390 2833 430 2863 ad
439 2832 555 2863 Diva.
576 2833 625 2860 1⁶2.
647 2831 891 2862 Numanticum

163 2876 291 2908 bellum
316 2877 458 2918 scripsit.
482 2875 524 2906 cf.
548 2875 642 2907 Offic.
666 2875 713 2906 iii.
736 2877 789 2907 32.
818 2874 891 2906 Att.

166 2921 235 2953 xiii.
248 2923 303 2953 30.

696 129 843 160 INDEX
872 129 1153 160 msromcvs.

990 219 1243 260 Polycharmus,
1273 220 1347 252 Att.
1384 230 1416 252 v.
1457 224 1507 254 11.
1550 221 1677 264 prato?

944 263 1212 295 Atheniensium.

988 307 1188 347 Polycletus,
1204 308 1296 338 Verr.
1316 309 1357 338 iv.
1375 311 1405 339 3.
1429 308 1547 340 nobilis
1563 313 1672 341 statu-

945 351 1044 381 arius.
1060 352 1117 382 Or.
1132 353 1166 382 ii.
1186 353 1234 382 16.
1255 351 1436 382 Herculem
1453 353 1560 383 finxit.
1575 352 1672 384 Brut.

944 394 996 424 86.
1020 395 1090 433 ejus
1107 396 1333 436 Doryphorus.
1356 396 1455 426 Tusc.
1472 396 1493 426 i.
1509 398 1541 428 2.
1563 396 1674 437 pictor

943 440 979 466 et
995 439 1187 469 statuarius.
1204 450 1233 468 υ.
1249 440 1372 470 Dat-ies
1387 438 1441 479 &a

987 480 1179 520 Polycrates
1203 482 1348 520 Samius,
1365 483 1434 513 Fin.
1450 493 1479 512 v.
1503 485 1555 513 30.
1586 480 1672 513 nihil

944 522 1070 572 adversi
1084 530 1240 566 expertus
1255 531 1319 564 est,
1331 527 1393 557 nisi
1404 526 1493 566 quod
1507 525 1672 558 annulum

944 567 1070 597 amisit.

986 610 1182 649 Polydorus,
1198 612 1255 642 Or.
1273 612 1318 642 iii.
1337 615 1387 644 58.
1412 612 1534 642 Priami
1550 622 1590 643 ex
1602 612 1672 643 He-

943 654 1028 683 cuba
1044 654 1202 684 minimus
1219 654 1318 693 filius,
1335 656 1373 686 de
1387 653 1574 695 cujusfizlz's
1591 655 1671 686 Vir-

940 698 1000 736 gil.
1016 697 1103 728 AEu.
1118 698 1162 727 iii.
1179 701 1230 732 49.
1254 703 1285 728 et
1304 698 1394 728 Ouid.
1410 698 1492 730 Met.
1508 700 1578 730 xiii.
1597 701 1670 730 init.

986 740 1201 780 Polygnotus,
1210 741 1304 771 Brut.
1325 745 1372 772 18.
1385 742 1504 781 pictor,
1516 742 1671 781 Thasius,

941 785 1026 814 vixit
1040 787 1130 815 circu
1149 784 1276 824 Olymp.
1293 794 1347 815 xc.
1365 785 1457 815 Plin.
1473 796 1569 816 xxxv.
1586 789 1616 817 8.
1638 797 1671 818 v.

940 827 1067 858 Jmu'us
1081 830 1116 858 in
1135 829 1239 859 catal.
1260 828 1348 859 Pict.
1368 827 1423 869 &a
1443 830 1478 859 in
1492 830 1672 869 superciliis

935 872 1111 910 pingendis
1132 873 1292 903 ezcelluit.
1325 872 1466 903 Lueian.
1480 872 1613 912 Imagg.
1630 872 1672 904 T.

941 915 976 944 ii.
984 925 1021 955 p.
1039 916 1069 945 6.

986 958 1159 998 Polyidus,
1173 959 1250 990 Div.
1267 959 1288 989 i.
1302 962 1356 990 40.
1387 958 1594 997 Corinthius,
1610 969 1668 990 au-

942 1010 1017 1040 gur,
1048 1001 1117 1032 filio
1154 1006 1298 1033 mortem
1335 1003 1497 1043 praedicit.
1531 1003 1670 1035 Homer.

941 1044 1041 1079 Iliad.
1056 1044 1086 1075 ε’.
1107 1048 1177 1077 148.

985 1089 1218 1161 Prlzlyplaemus,
1248 1089 1350 1121 Tusc.
1378 1099 1410 1119 v.
1439 1093 1491 1125 39.
1528 1089 1669 1132 Cyclops

942 1132 1018 1162 Sicu
1035 1142 1086 1163 us.

985 1175 1154 1216 Pompeia,
1178 1176 1220 1207 ad
1243 1176 1319 1207 Div.
1343 1186 1376 1208 v.
1399 1180 1450 1207 ll.
1479 1176 1515 1208 P.
1541 1177 1669 1209 Vatinii

940 1228 1034 1250 uxor.

984 1263 1145 1303 Pompeii,
1191 1263 1378 1302 Parcennii,
1414 1263 1508 1295 Verr.
1544 1263 1587 1294 iv.
1618 1266 1668 1295 ll.

940 1306 1149 1344 Mamertini,
1167 1307 1303 1337 civitate
1320 1307 1446 1337 donati.

984 1350 1160 1390 Pompeius
1182 1351 1336 1391 Phrygio,
1351 1352 1408 1381 Or.
1429 1351 1463 1381 ii.
1485 1353 1538 1384 70.
1566 1349 1669 1382 homo

940 1392 1043 1431 dives,
1061 1395 1155 1432 cujus
1169 1395 1263 1424 heres
1280 1395 1422 1424 Scaurus
1436 1394 1514 1425 fuit.

983 1437 1157 1478 Pompeius
1170 1437 1360 1476 Vindullus,
1376 1438 1446 1468 Att.
1461 1437 1504 1467 vi.
1524 1441 1551 1468 l.
1581 1438 1668 1469 vide-

939 1484 997 1510 tur
1011 1481 1158 1522 Pompeii
1172 1481 1221 1512 M.
1237 1483 1370 1512 libertus
1384 1491 1457 1512 esse.

981 1525 1022 1555 A.
1040 1525 1226 1566 Pompeius,
1242 1526 1451 1565 Bithynicus,
1466 1534 1496 1555 v.
1512 1525 1668 1564 Bithyni-

938 1577 1006 1598 σιω.

987 1612 1044 1643 Cn.
1060 1612 1235 1653 Pompeius
1249 1612 1439 1649 Basiliscus,
1449 1610 1543 1642 Verr.
1555 1611 1596 1641 iv.
1616 1613 1666 1641 11.

939 1655 1176 1693 Mamertinus,
1200 1666 1220 1686 a
1250 1656 1311 1686 Cn.
1341 1655 1499 1696 Pompeio
1529 1655 1666 1685 civitate

940 1699 1097 1729 donatus.

988 1742 1045 1773 Cn.
1076 1742 1253 1783 Pompeius
1281 1742 1386 1773 Philo.
1415 1742 1509 1773 Verr.
1538 1742 1582 1773 iv.
1611 1743 1666 1774 22.

939 1785 1201 1826 Tyndaritanus.

986 1830 1043 1860 Cu.
1077 1830 1253 1870 Pompeius
1277 1829 1485 1867 Theodorus,
1506 1829 1600 1860 Verr.
1630 1828 1666 1859 ii.

938 1875 991 1904 42.
1023 1873 1163 1904 Siculus.

986 1917 1042 1947 Cn.
1059 1917 1233 1957 Pompeius
1252 1916 1380 1953 Strabo,
1399 1916 1451 1958 (de
1471 1915 1667 1955 cogmminis

937 1970 1037 1991 causa
1051 1971 1080 1990 zv.
1098 1961 1191 1991 Plin.
1208 1960 1255 1991 H.
1273 1960 1321 1990 N.
1336 1960 1390 1990 vii.
1417 1958 1479 1998 12.)
1501 1959 1593 1990 Sext.
1605 1959 1665 1999 fil.

938 2004 972 2033 in
989 2004 1100 2034 Caecil.
1125 2008 1174 2039 19.
1196 2005 1236 2035 T.
1258 2003 1447 2041 Albucium,
1463 2004 1558 2043 cujus
1575 2012 1666 2042 quae-

937 2051 1006 2077 stor
1027 2048 1138 2078 fuerat
1158 2049 1193 2077 in
1215 2047 1380 2084 Sardinia,
1401 2056 1556 2077 accusare
1579 2045 1664 2085 vult,

937 2091 994 2121 sed
1018 2092 1048 2121 ei
1075 2101 1142 2121 non
1167 2090 1387 2131 permittitur.
1417 2090 1511 2121 Verr.
1536 2091 1584 2120 iii.
1614 2090 1664 2121 16.

936 2139 1060 2174 praetor
1075 2135 1205 2165 Siciliae.
1223 2134 1317 2164 Font.
1337 2136 1385 2164 15.
1407 2133 1502 2164 Balb.
1518 2136 1571 2165 22.
1593 2132 1665 2163 bel-

936 2177 1007 2208 lum
1045 2178 1164 2208 sociale
1203 2178 1303 2217 gerit,
1337 2178 1374 2207 in
1417 2177 1593 2207 Consulatu
1628 2186 1663 2208 a.

936 2229 1071 2252 Dctxiv.
1089 2226 1119 2252 el
1135 2223 1328 2261 trimnpliat.
1352 2219 1435 2250 Phil.
1458 2221 1513 2250 xii.
1533 2223 1583 2251 11.
1622 2219 1664 2251 In

936 2265 964 2304 ej
971 2275 1007 2294 us
1021 2266 1171 2296 exercitu
1186 2266 1251 2295 tiro
1267 2264 1332 2294 fuit
1347 2263 1474 2293 Cicero.
1496 2263 1592 2294 Brut.
1609 2266 1664 2297 47.

937 2308 1110 2339 mediocris
1133 2314 1255 2339 orator.
1279 2306 1410 2337 Cornel.
1433 2308 1455 2336 i.
1477 2307 1578 2337 homo
1601 2307 1663 2337 diis

937 2351 1170 2391 nobilitatique
1194 2352 1328 2382 invisus.
1349 2351 1415 2380 vid.
1434 2350 1611 2381 Plutarch.
1627 2351 1664 2381 in

936 2395 1090 2435 Pompeio
1103 2397 1175 2426 init.
1198 2404 1333 2425 causam
1349 2393 1421 2432 lege
1436 2395 1536 2425 Varia
1549 2394 1644 2424 dixit.

985 2438 1041 2469 Cn.
1060 2439 1235 2479 Pompeius
1249 2438 1408 2476 Magnus,
1431 2438 1486 2468 Cn.
1507 2438 1547 2469 F.
1569 2437 1662 2469 Sext.

935 2482 985 2513 N.
1012 2483 1087 2513 Act.
1115 2483 1137 2514 i.
1164 2483 1200 2513 in
1223 2482 1315 2512 Verr.
1344 2485 1392 2512 lo.
1417 2481 1511 2511 ludos
1534 2481 1662 2512 votivos

936 2526 1003 2556 dat.
1020 2526 1139 2557 Manil.
1153 2529 1184 2557 4.
1199 2525 1322 2556 bellum
1340 2525 1568 2555 Sertorianum
1583 2534 1663 2554 con-

935 2570 1017 2599 ficit.
1039 2569 1133 2600 Verr.
1157 2580 1185 2599 v.
1208 2571 1239 2600 2.
1276 2567 1343 2598 dux
1365 2574 1483 2598 contra
1503 2567 1662 2607 fugitivos

935 2613 969 2643 in
987 2613 1110 2643 Sicilia.
1133 2613 1208 2643 Aet.
1224 2613 1245 2642 i.
1261 2611 1295 2642 in
1308 2612 1402 2641 Verr.
1429 2614 1478 2642 15.
1502 2611 1542 2640 de
1565 2616 1661 2650 pote-

935 2661 1022 2686 state
1052 2656 1229 2687 tribunitia
1256 2654 1465 2685 restituenda.
1497 2654 1573 2684 fert.
1603 2664 1662 2694 pr.

935 2700 1079 2730 flIunilz‘a
1105 2700 1187 2738 Leg‘.
1215 2702 1269 2729 tot.
1298 2707 1372 2728 eum
1398 2707 1506 2728 onmes
1521 2697 1662 2738 perfecti

936 2743 1147 2784 Imperatoris
1161 2752 1312 2772 numeros
1326 2743 1460 2781 implere
1472 2742 1662 2779 ostend-itur,

934 2791 965 2817 el
980 2788 1018 2817 de
1032 2788 1126 2817 rebus
1138 2787 1235 2826 gestis
1249 2783 1319 2826 ejus
1332 2787 1458 2824 agitur.
1482 2784 1571 2824 Lege
1587 2784 1662 2814 Ma-

935 2830 1017 2860 nilia
1039 2831 1102 2870 ipsi
1126 2829 1251 2860 bellum
1278 2828 1546 2859 Mithridaticum
1569 2838 1662 2858 com-

934 2875 1095 2904 mittitur.
1124 2875 1214 2903 Sext.
1243 2874 1297 2906 27.
1326 2872 1396 2910 ejus
1423 2873 1457 2902 in
1478 2872 1660 2911 Tigranem

934 2917 1066 2949 lenitas.
1087 2916 1194 2948 flacc.
1217 2918 1269 2949 23.
1294 2915 1533 2958 Hierosolymis
1554 2915 1661 2955 captis
