1815 3209
219 276 366 317 profecta
377 280 440 314 est,
454 278 490 308 C.
504 275 612 308 Mario
626 280 660 306 et
675 275 713 307 C.
729 275 844 308 Flacco
857 277 947 307 Coss.

219 319 300 356 lata,
316 323 356 349 ut
372 319 530 349 Asconius
553 319 593 349 ad
607 317 629 348 l.
645 329 671 348 c.
686 319 800 356 tradit,
816 326 950 360 propter

219 361 406 392 simultates
421 371 495 392 cum
519 361 559 401 Q.
573 361 719 397 Caecilio,
735 362 786 391 cui
811 362 950 401 populus

208 404 408 443 imperium,
424 404 465 433 ob
481 413 531 433 res
547 402 630 432 male
651 413 725 433 cum
741 403 883 433 Cimbris
897 413 949 441 ge-

219 450 299 482 stem,
312 446 535 485 abrogaverat.
552 445 637 474 Nam
651 455 689 474 ea
701 445 772 479 lerze
783 445 944 475 sancitum

219 492 282 524 est,
298 492 348 523 ut,
364 497 458 527 quem
483 486 620 527 populus
643 486 840 522 damnasset,
856 488 947 518 cuive

220 531 394 569 imperium
417 530 617 569 abrogasset,
639 529 666 558 is
688 530 722 558 in
745 533 861 559 senatu
882 538 949 559 nou

221 577 318 602 esset.

264 615 383 644 CAssm
400 613 587 649 tabellaria,
599 620 629 642 v.
647 612 841 643 Tabellarioe
853 613 948 649 leges.

256 655 377 686 CAssm
385 653 817 695 ΤΕιιΕΝΤιΛχῗναηιεηιανὶα,
826 665 855 684 v.
866 653 950 685 Fru-

222 699 402 728 mentm-ite.

263 740 303 779 Q.
321 740 449 770 Carum
467 740 505 770 cle
519 740 562 774 ri,
577 738 641 769 vid.
660 739 814 769 Lutatio.

264 783 456 813 Censomffi.
480 783 514 812 in
528 782 620 812 Verr.
637 782 656 811 i.
673 783 723 812 55.
738 782 817 810 sunt
841 779 868 820 1)
885 780 950 810 for-

222 824 334 862 mulae,
358 824 471 864 quibus
489 825 646 855 Censores
668 829 792 853 veteres
813 823 949 863 templa,

221 872 279 896 aut
304 867 368 897 alia
392 876 491 905 opera
518 865 660 906 publica,
688 865 877 896 aedificanda
903 865 950 894 lo-

221 908 354 945 cabant,
382 913 420 937 ut
447 919 485 939 ex
514 909 551 938 iis
580 919 599 938 a
625 907 860 938 redemtoribus
896 917 951 936 ex-

219 953 411 980 truerentur
428 954 463 980 et
483 950 701 980 traderentur.
746 949 795 979 Ex
816 959 854 979 eo
877 949 948 978 loco

220 992 363 1031 intelligi
390 997 511 1032 potest,
538 993 616 1022 istas
644 991 801 1022 formulas
823 1000 950 1030 semper

221 1039 367 1072 retentas
394 1035 503 1071 fuisse,
531 1034 586 1065 sed
613 1034 673 1070 ita,
702 1038 740 1063 ut
773 1043 790 1061 e
818 1043 852 1063 re
879 1033 949 1073 ipsa

221 1076 370 1115 quaedam
387 1077 582 1107 Censoribus
598 1077 758 1112 corrigere
773 1074 898 1111 liceret,
914 1073 945 1104 h.

220 1128 248 1147 e.
265 1119 403 1148 addere:
425 1119 645 1157 Corriguntur
661 1118 765 1155 Leges
783 1116 947 1147 Censorioe.

219 1159 315 1200 ‚Quid
333 1162 446 1190 enim?
471 1161 569 1190 Video
594 1161 628 1189 in
655 1160 766 1190 mustis
790 1159 949 1189 veteribus

220 1203 364 1240 legibus:
392 1203 447 1233 Cn.
466 1203 642 1237 Domitius,
661 1202 701 1231 L.
719 1201 871 1231 Metellus
892 1199 947 1240 850.

219 1245 416 1275 addiderant
441 1244 495 1286 ⁸8⁸⁶·
540 1246 571 1284 ⁶2)
601 1245 652 1274 De
678 1244 826 1273 Pron-ine.
848 1243 946 1273 Cous.

220 1296 248 1315 c.
270 1289 299 1317 5.
321 1293 433 1317 autem
459 1287 529 1317 Lem
549 1287 698 1318 Censorio
720 1290 770 1315 est
791 1284 945 1321 formula,

219 1338 285 1367 qua
309 1328 490 1369 publicanis
516 1340 536 1359 a
557 1328 752 1359 Censoribus
774 1327 948 1367 vectigalia

217 1369 328 1401 locata
342 1377 431 1408 sunt,
447 1381 520 1411 quae
538 1375 572 1401 et
587 1369 759 1409 vectigalia
779 1370 859 1409 ipsa,
875 1380 947 1408 quae

217 1411 425 1450 locabantur,
441 1419 475 1443 et
490 1413 708 1449 conditiones,
723 1412 838 1451 quibus
861 1411 947 1442 loca-

217 1454 353 1492 bantur,
383 1456 587 1491 continebat,
623 1460 661 1484 ut
695 1458 730 1484 et
765 1453 886 1494 populo
914 1461 948 1484 et

217 1497 456 1528 redemtoribus
483 1498 733 1538 prospiceretur.
779 1495 867 1526 Hinc
895 1496 948 1525 Ci-

218 1549 309 1569 cero:
350 1540 388 1571 Si
421 1541 488 1579 qui,
516 1549 560 1569 sc.
590 1539 797 1575 publicanus,
821 1539 949 1577 publico

209 1579 289 1620 frui
305 1592 369 1612 non
385 1583 494 1621 potuit
510 1592 572 1621 per
586 1583 718 1617 hostem,
734 1581 857 1618 tegitur
879 1581 949 1619 ipsa

218 1624 288 1662 lege
306 1624 466 1655 Censoria.
483 1625 568 1655 conf.
585 1623 624 1653 ad
637 1624 676 1662 Q.
690 1623 741 1653 Fr.
755 1623 775 1652 i.
794 1622 945 1653 12.V‹21·r.

215 1665 250 1695 ii.
267 1669 297 1699 7.
341 1667 404 1696 Pro
419 1669 488 1702 leffe
507 1666 658 1697 Censorio
671 1670 720 1694 est
735 1665 849 1695 locatio
868 1664 946 1694 Cen.-

215 1709 304 1738 sorz'a
321 1709 413 1739 Verr.
436 1710 489 1739 iii.
504 1709 535 1739 6.
582 1708 654 1737 Hoc
676 1716 772 1736 sensu
790 1707 891 1737 etiam
911 1707 946 1736 in

215 1749 307 1780 libris
329 1751 419 1781 Juris
441 1751 509 1781 Civ.
533 1750 687 1785 occurrit,
707 1755 741 1779 et
759 1749 947 1788 fragmenta

216 1791 297 1831 legis
311 1793 477 1831 cujusdam
495 1793 659 1823 Censoriae
678 1795 756 1821 sunt
771 1791 805 1820 in
820 1791 945 1821 Pande-

215 1838 279 1865 cte.
294 1835 357 1865 vid.
375 1835 466 1865 Bald.
481 1835 520 1865 de
535 1835 674 1874 Jurispr.
690 1833 835 1864 Mucian.
852 1844 882 1873 p.
898 1844 942 1863 m.

219 1879 279 1906 114
292 1886 358 1915 seq.
375 1875 659 1915 Cnssomffi'leges
681 1880 760 1906 sunt
773 1876 804 1911 3)
823 1877 945 1905 consti-

214 1919 361 1949 tutiones
384 1924 417 1949 et
439 1919 546 1949 edicta
560 1919 754 1954 censorum,
770 1918 809 1947 de
829 1919 945 1948 aerario

215 1965 247 1991 et
274 1962 487 2000 vectigalibus
507 1961 587 2001 Pop.
613 1961 720 1995 Rom„
743 1960 782 1989 tle
803 1960 946 1999 oedficiis

209 2004 362 2042 publicis,
378 2004 416 2034 de
435 2005 545 2043 populi
567 2005 601 2033 in
621 2003 724 2032 tribus
737 2006 768 2031 et
781 2003 945 2032 centurias

216 2046 436 2084 descriptione,
453 2051 487 2076 et
508 2046 668 2076 similibus
685 2045 788 2074 rebus.
834 2044 873 2074 Iu
896 2044 945 2074 his

215 2092 287 2117 erat
300 2089 401 2118 etiarn
414 2089 621 2123 constitutio,
634 2097 697 2126 qua
711 2093 846 2116 cautum
861 2091 944 2123 erat,

216 2139 255 2159 ne
266 2129 416 2169 carnffez·
430 2132 463 2160 in
476 2132 588 2160 urbem
600 2129 838 2167 ingrederetur,
852 2130 944 2166 cujus

216 2173 342 2201 mentio
364 2181 422 2211 pro
438 2172 571 2202 Rabirio
586 2171 678 2202 Perd.
695 2182 722 2201 c.
740 2174 769 2201 5.
793 2170 834 2200 ad
847 2181 943 2209 quem

215 2213 324 2243 locum
337 2214 398 2244 vid.
412 2214 596 2245 Turnebus.
621 2214 709 2244 Hinc
723 2222 828 2244 causae
841 2213 943 2243 etiam

215 2256 256 2285 ad
279 2256 435 2286 Censores
462 2259 514 2296 agi
539 2257 707 2291 dicuntur,
732 2266 771 2286 ex
797 2254 846 2284 his
872 2255 940 2285 scil.

215 2297 350 2336 legibus.
384 2298 477 2328 Varr.
505 2299 543 2329 R.
571 2300 609 2329 R.
637 2298 656 2328 i.
683 2301 714 2331 7.
741 2301 823 2327 extr.
869 2297 943 2336 Ipsa

215 2341 316 2370 etiam
342 2341 414 2370 Lm=
442 2341 564 2377 Clodia,
581 2342 619 2371 de
649 2340 736 2370 notis
765 2339 941 2376 Censoriis‚

216 2382 311 2412 docet
338 2392 450 2412 causas
477 2383 632 2421 quasdam
656 2382 743 2422 apud
771 2390 824 2412 eos
852 2387 941 2412 actas

215 2434 294 2454 esse.

257 2468 481 2497 CENTURIATA
497 2467 571 2497 Lux
586 2467 662 2505 Agr.
687 2466 719 2495 ii.
739 2468 787 2495 11.
809 2465 941 2503 dicitur,

214 2508 367 2548 quicquid
390 2509 425 2538 in
447 2509 588 2539 comitiis
610 2507 802 2539 centuriatis
823 2507 864 2537 ad
887 2519 943 2548 po·

178 2550 180 2552 ’
215 2550 330 2589 pulum
358 2551 474 2587 fertur,
503 2552 605 2581 etiam
632 2551 671 2581 de
697 2549 943 2589 magistratibus

216 2593 375 2629 creandis,
391 2597 429 2622 ut
444 2592 465 2622 l.
480 2603 508 2622 c.

257 2634 460 2670 Cmmmms,
476 2634 538 2665 vid.
557 2633 684 2665 Tulliae.

258 2676 380 2707 Cmcm
403 2687 422 2707 a
444 2676 492 2706 M.
520 2676 624 2707 Cincio
646 2678 809 2707 Alimento
829 2679 872 2705 tr.
898 2676 942 2715 pl.

214 2718 254 2748 A.
284 2718 324 2748 U.
356 2727 473 2749 Dxmx.
505 2719 657 2748 Cornelio
690 2726 724 2749 et
752 2718 944 2757 Sempronio

217 2761 306 2790 Coss.
330 2760 410 2797 lata,
433 2770 527 2790 suasa
548 2765 658 2790 autem
683 2772 701 2790 a
724 2761 763 2800 Q.
785 2761 944 2797 Maximo,

215 2803 282 2832 Cic.
299 2802 336 2832 de
350 2804 477 2833 Senect.
494 2806 524 2832 4.
568 2802 646 2833 Fuit
660 2803 698 2832 de
712 2803 802 2833 donis
816 2806 846 2832 et
869 2812 940 2831 mu—

213 2845 353 2880 neribus,
370 2855 409 2874 ne
430 2845 500 2883 quis
523 2854 561 2874 ea
583 2846 617 2875 ab
631 2854 766 2875 causam
781 2844 942 2874 orandam

212 2891 354 2925 caperet,
381 2896 452 2925 quae
478 2892 555 2915 sunt
575 2887 683 2916 Taciti
704 2887 802 2916 verba
819 2887 938 2916 Annal.

213 2928 256 2957 xi.
272 2932 300 2959 5.
323 2928 409 2958 unde
432 2939 451 2958 a
474 2928 592 2958 Plauto
607 2929 793 2959 Maneralis
807 2928 939 2958 dicitur.

213 2971 294 3011 EJus
315 2971 440 3001 mentio
463 2981 514 3010 ap.
536 2970 603 3001 Cic.
625 2970 664 3001 de
684 2970 776 3001 Orat.
801 2971 875 3004 ii..7.
900 2970 942 3000 ad

780 185 940 221 anEx
977 187 1163 219 LEGUM.

991 277 1061 308 Art.
1078 277 1098 306 i.
1114 279 1165 307 20.
1210 276 1320 306 Notus
1337 280 1387 306 est
1402 274 1517 306 doctus
1537 275 1588 307 Fr.
1604 275 1725 308 Brum-

992 320 1074 348 nwri
1088 318 1177 358 Lips.
1192 317 1230 348 de
1248 318 1307 347 hac
1323 318 1392 357 lege
1408 318 1723 356 Commentariolus‚

993 361 1079 390 conf.
1117 360 1315 400 Schultiugii
1355 360 1496 400 Jurispr.
1531 360 1722 392 Ante-Just.

995 414 1025 443 p.
1044 404 1113 433 561.
1129 412 1193 441 seq.

1033 445 1083 474 De
1106 445 1272 474 CivrrATr.
1296 443 1441 479 Licinia,
1466 444 1591 484 Papia,
1612 444 1723 483 Genii,

997 486 1160 521 (larlmnis,
1178 487 1320 522 Silvani,
1343 485 1439 515 Coelia
1454 487 1512 517 &ta

1034 529 1173 559 Choma-2
1184 534 1262 558 sunt
1275 528 1316 558 P.
1333 527 1433 558 Clodii
1443 528 1616 568 trib.pleb.
1631 528 1723 560 coss.

992 570 1132 600 Gabinio
1152 576 1187 600 et
1215 571 1330 600 Pisone
1356 570 1445 606 latae,
1469 570 1507 600 de
1532 572 1647 610 quibus
1673 577 1723 602 est

992 612 1083 641 loeus
1102 613 1253 642 classicus
1275 622 1333 652 pro
1349 613 1437 642 Sext.
1453 614 1503 644 25.
1519 614 1570 644 26.
1616 613 1655 643 In
1671 613 1722 644 his

992 653 1169 693 plurimum
1183 654 1353 684 turbarum
1376 653 1466 684 dedit
1479 664 1529 691 ea,
1544 665 1608 695 qua
1628 656 1723 692 tulit,

993 700 1031 726 uc
1064 696 1205 726 Ciceroni
1232 705 1320 735 aqua
1344 699 1375 726 et
1407 697 1478 734 igni
1511 697 1722 729 interdictum

994 742 1085 774 esset,
1098 743 1128 768 et
1150 747 1189 767 ne
1210 738 1301 767 iutra
1322 739 1502 777 quingenta
1520 741 1628 770 millia
1643 750 1723 780 pas-

993 790 1090 810 suum
1112 781 1153 810 ab
1168 780 1272 810 Italia
1288 783 1367 809 tecto
1381 781 1598 820 recipe-retur.-
1620 792 1661 812 αι·
1681 792 1723 812 ne

993 822 1064 862 quis
1078 822 1116 852 de
1130 833 1164 852 eo
1177 822 1353 852 revocando
1367 823 1559 857 mentionem
1572 833 1674 864 neque
1686 826 1722 855 in

995 864 1122 895 Senatu
1146 874 1247 903 neque
1273 864 1318 894 ad
1335 865 1494 903 populum
1508 864 1653 904 jaceret.
1681 867 1721 898 de

993 916 1059 944 qua
1085 906 1156 945 lege
1178 906 1285 936 multa
1311 906 1346 935 in
1368 905 1425 936 Or.
1454 916 1513 946 pro
1541 907 1653 946 domo,
1680 909 1721 939 de

994 948 1074 978 Har.
1109 949 1205 988 Hesp.
1235 958 1294 988 pro
1321 948 1408 978 Sext.
1437 948 1477 978 ad
1504 949 1596 989 Quir.
1623 955 1659 980 et
1684 951 1722 982 in

992 990 1101 1021 Senat.
1117 996 1191 1030 post
1206 990 1300 1020 redit.
1316 989 1350 1020 in
1366 990 1518 1020 Pisonem
1533 991 1590 1022 διο.
1610 992 1721 1024 Aliam

991 1032 1265 1072 improbissimam
1277 1032 1359 1063 tulit
1372 1033 1410 1062 de
1429 1032 1526 1072 Cypri
1548 1043 1625 1072 rege
1639 1033 1721 1065 Pto-

991 1076 1110 1110 lemaeo,
1137 1079 1175 1105 ut
1200 1075 1281 1104 bona
1308 1073 1378 1114 ejus
1399 1076 1663 1114 publicarentur,
1689 1082 1721 1107 et

997 1116 1121 1155 cyprus
1148 1117 1183 1146 in
1213 1118 1388 1155 provinciae
1409 1115 1565 1156 sormam
1592 1119 1719 1157 redige-

991 1163 1095 1194 retur,
1111 1168 1209 1198 eaque
1223 1169 1274 1188 res
1293 1158 1406 1189 Catoni
1429 1159 1659 1197 mandaretur,
1679 1161 1719 1191 de

991 1210 1055 1239 qua
1079 1201 1147 1231 Cic.
1175 1210 1232 1240 pro
1256 1201 1366 1230 Sextio
1389 1211 1416 1231 c.
1439 1201 1490 1232 26.
1533 1201 1612 1241 Ejus
1638 1202 1720 1242 legis

991 1242 1061 1272 haec
1076 1252 1172 1272 causa
1186 1242 1262 1278 fuit,
1278 1247 1316 1272 nt
1338 1243 1481 1282 primum
1505 1253 1615 1283 regem
1637 1244 1720 1274 ulci-

989 1291 1145 1321 sceretur,
1168 1284 1224 1324 qui
1249 1285 1309 1314 sibi
1335 1295 1355 1314 a
1379 1285 1493 1324 piratis
1516 1291 1613 1326 capto
1638 1287 1719 1317 olim

989 1328 1174 1366 pecuniam,
1203 1336 1267 1365 qua
1291 1336 1325 1356 se
1355 1327 1540 1364 redimeret,
1567 1334 1718 1368 negarat,

990 1368 1104 1399 deinde
1120 1369 1281 1399 Catonem
1303 1379 1323 1399 a
1337 1369 1502 1408 republica
1523 1376 1718 1408 removeret,

991 1420 1031 1440 ne
1057 1411 1098 1441 ab
1126 1421 1164 1441 eo
1190 1411 1427 1450 impedirentur
1451 1417 1572 1442 conata
1593 1421 1664 1449 sua,
1689 1423 1718 1444 v.

990 1453 1056 1482 Dio
1071 1453 1201 1483 xxxviii.
1218 1463 1249 1492 p.
1266 1456 1316 1487 79.
1361 1453 1400 1482 Εἰ
1421 1452 1549 1490 similis,
1570 1464 1633 1493 qua
1655 1454 1718 1486 Sa-

990 1495 1109 1527 cerdoti
1126 1495 1332 1525 pessinuntio
1344 1496 1561 1526 sacerdotium
1582 1497 1718 1533 ademit,

991 1536 1067 1566 ibid.
1111 1537 1180 1568 Nec
1210 1537 1325 1567 melior
1351 1548 1401 1573 ea,
1429 1547 1494 1576 qua
1525 1538 1661 1569 Gabinio
1687 1543 1720 1570 et

991 1578 1107 1609 Pisoni
1137 1581 1323 1619 provincias
1351 1579 1486 1618 Syriam
1513 1584 1543 1610 et
1567 1580 1717 1611 Macedo-

989 1622 1079 1651 niam
1107 1621 1212 1652 dedit:
1236 1621 1322 1660 quod
1350 1621 1399 1651 illi
1426 1621 1514 1662 pacti
1540 1628 1648 1659 erant,
1676 1633 1717 1654 ne

989 1663 1096 1702 ipsum
1123 1664 1157 1693 in
1188 1663 1343 1694 Cicerone
1379 1663 1554 1703 relegando
1582 1665 1717 1705 impedi-

990 1713 1073 1735 rent.
1117 1706 1168 1735 De
1171 1705 1405 1745 frumentaria
1422 1715 1450 1735 v.
1469 1705 1715 1738 Frumentan‘oe.

988 1747 1083 1777 Tulit
1097 1748 1210 1784 etiam,
1226 1758 1266 1777 ne
1286 1749 1357 1787 quis
1376 1758 1410 1777 eo
1431 1748 1482 1778 die
1503 1749 1542 1778 de
1563 1750 1638 1780 coelo
1650 1760 1717 1780 ser-

988 1794 1094 1826 varet,
1116 1800 1175 1829 qao
1197 1799 1271 1819 cam
1295 1791 1412 1829 populo
1433 1791 1492 1828 agi
1507 1795 1632 1830 posset,·
1656 1800 1721 1822 nec·

988 1831 1205 1862 intercederet
1219 1832 1387 1871 quisquam
1403 1833 1630 1863 tribunorum:
1651 1844 1717 1874 quo

989 1873 1102 1904 Cicero
1127 1873 1233 1913 legem
1259 1874 1379 1904 AEliam
1401 1874 1526 1904 Fufiam
1551 1875 1716 1907 sublatam

987 1915 1065 1946 dicit
1082 1926 1139 1956 pro
1154 1918 1240 1946 Sext.
1257 1916 1278 1946 l.
1293 1927 1321 1946 c.
1336 1919 1422 1955 quod
1433 1920 1548 1947 tamen
1559 1917 1718 1948 Tunstal-

988 1957 1038 1987 lus
1063 1958 1123 1998 Ep.
1150 1958 1190 1988 ad
1215 1958 1388 1988 Midleton.
1417 1969 1447 1999 p.
1470 1959 1522 1989 68.
1548 1959 1716 1991 existimat

988 2004 1121 2030 tantuin
1147 2000 1340 2040 pertinuisse
1362 2010 1413 2037 eo,
1434 2004 1474 2030 ut
1498 2001 1565 2041 ipse
1586 2011 1625 2032 ea
1645 2002 1717 2042 lege

988 2042 1115 2072 solutus
1143 2047 1238 2080 esset,
1266 2047 1303 2072 ut
1331 2043 1455 2073 factum
1481 2043 1516 2072 in
1540 2042 1714 2082 Lurcone3

989 2084 1029 2114 ad
1043 2086 1113 2114 Att.
1127 2085 1147 2114 i.
1169 2085 1216 2115 16.
1259 2085 1333 2115 Alia
1354 2085 1418 2114 fuit
1433 2085 1471 2114 de
1486 2086 1615 2124 collegis
1628 2087 1719 2116 novis

987 2127 1209 2156 instiiucndis:
1248 2128 1333 2166 (quae
1367 2126 1482 2157 deinde
1519 2126 1628 2158 Caesar
1662 2138 1716 2158 su-

987 2169 1093 2198 stulit.
1132 2170 1266 2199 Sueten.
1289 2179 1317 2198 c.
1340 2168 1405 2209 42.)
1442 2169 1592 2208 Denique
1620 2168 1714 2207 tulit,

986 2221 1027 2240 ne
1046 2211 1193 2241 Censores
1212 2212 1247 2241 in
1271 2210 1397 2241 Senatu
1417 2211 1549 2249 teg-endo
1564 2213 1716 2251 proeteri-

985 2258 1071 2288 rent,
1102 2255 1163 2283 nisi
1200 2254 1256 2292 qui
1290 2253 1381 2292 apud
1413 2263 1462 2283 eos
1487 2258 1660 2284 accusatus
1683 2258 1716 2285 et

991 2295 1134 2325 Censoris
1155 2296 1324 2334 utriusque
1343 2295 1502 2325 sententia
1523 2295 1715 2328 cmzdemna-

985 2341 1037 2367 tus
1059 2342 1156 2367 esset:
1179 2347 1275 2376 quani
1303 2337 1407 2376 legem
1433 2336 1567 2367 sustulit
1593 2338 1715 2378 Scipio,

986 2379 1129 2419 Pompeii
1153 2389 1255 2415 socer,
1278 2384 1315 2409 ut
1339 2383 1430 2419 patet
1449 2390 1467 2409 e
1493 2378 1602 2409 Dione
1623 2380 1717 2410 Cass.

985 2422 1031 2452 xl.
1060 2432 1090 2461 p.
1117 2423 1183 2455 147.
1217 2420 1278 2451 vid.
1307 2421 1340 2450 in
1369 2421 1477 2451 Pison.
1502 2431 1530 2451 c.
1557 2423 1588 2452 4.
1610 2427 1644 2452 et
1669 2421 1714 2452 ibi

986 2465 1103 2494 Ascon.
1126 2469 1209 2494 orat.
1231 2474 1289 2503 pro
1316 2463 1426 2500 domo,
1448 2463 1487 2493 de
1513 2463 1595 2494 Har.
1617 2463 1714 2505 Resp.

986 2517 1045 2547 pro
1062 2506 1172 2536 Sextio
1186 2506 1315 2546 passim.

1029 2549 1161 2579 Coei-m
1173 2555 1222 2578 est
1235 2546 1276 2577 L.
1286 2547 1413 2577 Aurelii
1427 2546 1523 2578 Cottoe
1530 2545 1716 2586 judiciaria.

987 2591 1027 2621 ad
1049 2591 1119 2620 Att.
1134 2591 1175 2620 iv.
1195 2590 1240 2620 16.
1268 2600 1296 2618 v.
1315 2589 1480 2619 Annum.
1503 2589 1618 2628 Neque
1639 2600 1720 2620 vero

987 2637 1067 2668 crat,
1096 2641 1194 2671 quare
1230 2631 1461 2671 Malnspinaeus
1488 2630 1667 2667 dubitaret,
1695 2642 1716 2663 a

989 2675 1089 2706 Cotta
1104 2683 1194 2714 posse
1210 2673 1357 2704 Coctiam
1374 2674 1453 2703 fieri.
1497 2673 1584 2703 Nam
1599 2673 1714 2704 eodem

987 2717 1084 2747 modo
1111 2727 1130 2746 a
1151 2716 1263 2755 regulo
1285 2715 1397 2745 Cottio
1415 2715 1548 2755 Alpium
1571 2725 1644 2755 pars
1666 2715 1715 2745 di-

988 2759 1075 2789 citur
1103 2758 1198 2797 Alpes
1230 2758 1382 2788 Cottianae
1407 2761 1438 2787 et
1471 2756 1628 2787 Coehanoe
1661 2767 1714 2798 ap.

982 2800 1060 2831 Tac.
1099 2801 1187 2830 Hist.
1223 2801 1261 2830 iv.
1290 2801 1340 2830 68.
1373 2799 1443 2841 add.
1471 2799 1586 2829 Varias
1619 2798 1712 2831 Lect.

984 2844 1020 2872 in
1057 2844 1191 2873 Sueton.
1223 2842 1310 2872 Ner.
1351 2844 1398 2872 18.
1431 2841 1502 2872 Liv.
1537 2841 1622 2871 xxix.
1660 2843 1713 2873 38.

984 2884 1051 2914 Cic.
1078 2885 1142 2914 Off.
1169 2885 1202 2914 ii.
1231 2887 1277 2917 17.
1321 2883 1383 2913 Sed
1417 2883 1611 2912 inusitatum
1638 2881 1714 2920 hoc,

983 2926 1068 2965 quod
1096 2937 1115 2956 a
1143 2926 1338 2965 cognomine
1365 2925 1445 2964 legis
1474 2934 1595 2954 nomen
1622 2924 1713 2954 duci-

983 2976 1059 3006 tur3
1084 2978 1282 3008 quamquam
1304 2968 1405 2998 ctiam
1425 2967 1583 2998 Asconius
1605 2966 1713 3006 legem
