1790 3219
163 54 250 96 4148

168 154 227 185 sed
240 153 389 184 Graevius
412 151 528 183 laudat
548 151 727 184 lectionem
746 152 826 184 Cod.
843 153 904 184 Er-

169 197 311 229 furtens.
335 199 506 236 concepta.
522 195 658 227 *natus
682 197 842 238 Brut.cp.
859 200 907 229 14.

165 251 272 280 remp.
289 240 341 270 cui
355 244 518 280 susceptus
532 250 579 278 es,
596 241 744 281 respicis.

214 284 396 324 Suscipere,
420 283 460 314 de
486 285 638 324 negotiis,
662 284 844 324 opponitur
865 284 907 323 τῷ

166 328 331 368 recipere.
348 337 378 358 v.
390 331 563 368 susceptus
575 332 609 358 et
621 328 777 367 recipere.
788 328 821 357 in
835 328 907 357 Cae-

168 371 222 402 cil.
255 374 285 402 Β.
313 372 472 411 suscipere
501 381 646 402 causam.
686 371 818 401 Cluent.
848 373 902 404 49.

168 416 311 446 Senatus
333 416 473 455 suscepit
494 424 650 453 causam,
675 414 707 444 h.
733 424 760 443 e.
789 418 901 443 actum

171 463 224 489 est
240 458 280 489 de
301 468 341 488 ea
361 468 395 488 re
412 458 446 488 in
461 462 593 495 senatu,
619 458 674 497 qui
699 467 772 487 eam
797 456 904 486 vindi-

166 502 308 532 candam
332 502 477 539 censuit,
493 507 527 531 et
552 501 708 537 decrevit,
733 505 770 530 ut
796 499 836 529 de
863 510 903 529 ca

167 546 307 585 quaestio
337 545 528 581 haberetur,
555 548 592 574 ut
628 544 755 574 factum
787 547 837 572 est
865 544 900 572 in

170 598 271 619 causa
286 588 434 625 Milonis,
453 598 550 626 quain
574 591 609 617 et
636 588 741 626 ipsam
764 589 900 616 senatus

161 633 349 672 *suscepisse
372 632 436 661 (lici
460 635 579 671 potest.
605 630 624 648 ἰ*
640 631 710 670 ipsa
732 629 832 659 etiam
850 638 901 658 res

162 675 290 706 dicitur
304 676 435 714 suscipi,
465 684 524 713 pro
543 684 609 712 qua
624 672 751 703 labores
767 673 900 712 suscipi·

166 724 281 749 untur.
304 720 393 749 Sext.
417 719 469 748 22.
491 718 649 756 suscipere
670 717 812 747 salutem
838 717 902 746 rei-

167 762 320 803 publicae.
343 761 361 780 ⁴*
376 760 543 797 adhibere,
568 761 631 791 uti.
665 760 745 790 Sull.
773 762 825 791 31.
850 770 901 790 se-

168 807 287 836 veritas
303 808 447 844 suscepta
464 808 524 834 est.
547 804 604 834 Or.
621 807 673 838 71.
696 803 901 843 impudenti-

168 859 222 878 am
238 847 401 878 scribendi
416 849 582 888 suscipere.
606 847 625 866 *ἓ
637 847 676 877 de
688 848 792 887 poenis
804 847 900 877 luen-

166 891 228 921 dis.
253 891 371 922 Manil.
388 894 419 922 3.
448 893 606 932 suscipere
628 900 769 932 poenam.
792 890 811 909 ²*
828 900 901 930 per-

166 935 289 975 cipere,
306 935 372 965 vim
389 934 527 974 alicujus
546 935 592 965 rei
607 935 742 964 sentire.
765 934 807 964 ad
822 934 899 964 Div.

166 979 210 1008 vi.
225 981 256 1009 4.
281 978 308 1008 si
323 979 479 1018 suscipere
500 978 758 1008 consolationem
781 978 898 1017 possis.

167 1021 187 1041 ¹*
203 1021 397 1059 concedere,
415 1021 504 1052 dare.
530 1021 631 1052 Tusc.
649 1022 670 1051 i.
688 1023 740 1052 32.
764 1020 852 1060 quod
865 1021 900 1051 in

165 1070 323 1095 causaest
330 1065 561 1096 difficillimum
566 1064 899 1105 ,suseipiunt,—illud
908 1068 913 1073 '

169 1113 297 1147 autem,
314 1108 543 1148 quod—facile
560 1109 602 1139 ad
618 1108 819 1139 credendum
836 1112 900 1146 est,

164 1162 277 1183 ——non
287 1152 379 1183 dant.
396 1152 416 1170 ’¹²
425 1152 558 1182 Dicitur
565 1153 666 1183 etiam
678 1152 717 1182 de
727 1151 898 1191 religione.

166 1196 244 1227 Div.
257 1196 290 1226 ii.
309 1198 360 1226 54.
384 1195 515 1236 Sibyllae
537 1195 611 1226 libri
629 1195 761 1225 valeant
783 1195 825 1225 ad
841 1195 897 1224 de-

166 1239 336 1279 ponendas
353 1240 476 1280 potius,
501 1249 601 1278 quam
629 1239 670 1268 ad
684 1239 901 1278 suscipiendas

163 1283 351 1322 religiones.
377 1284 534 1322 suscipere
549 1282 744 1322 religionem
767 1285 817 1312 est
839 1282 898 1312 ali-

165 1327 246 1365 quid
261 1326 485 1356 omittendum
499 1335 645 1363 censere,
661 1326 737 1365 quia
754 1326 810 1356 Dii
826 1335 901 1365 por-

163 1370 283 1407 tentis,
304 1369 395 1407 fatis,
420 1370 599 1407 ominibus,
617 1369 770 1409 auspiciis
787 1368 898 1409 prohi-

160 1412 240 1443 bere
256 1413 421 1444 videntur.
447 1412 525 1443 ibid.
541 1423 613 1452 quae
630 1413 656 1442 si
671 1414 896 1453 suscipiamus,

164 1457 257 1496 pedis
271 1456 407 1487 offensio
424 1457 516 1487 nobis
533 1461 568 1486 et
577 1457 731 1496 abruptio
746 1457 896 1495 corrigite

164 1504 200 1530 et
233 1503 503 1530 sternutamenta
539 1503 640 1530 erunt
681 1500 896 1530 observanda.

161 1543 303 1574 Dixerat
319 1549 432 1574 autem
449 1543 488 1573 de
504 1544 682 1573 ominibus.
727 1544 780 1573 Sic
796 1548 830 1573 et
846 1548 898 1574 est

163 1586 273 1617 Pison.
305 1589 357 1618 24.
391 1587 410 1606 *²
426 1587 508 1617 Sull.
537 1589 590 1618 24.
631 1586 731 1616 Sullae
757 1596 899 1626 persona

161 1639 229 1660 non
251 1632 385 1672 suscipit
413 1631 539 1661 crimen
567 1635 741 1660 tantorum
768 1630 895 1660 facino-

161 1682 248 1704 rum.
274 1674 296 1704 i.
312 1684 340 1704 e.
357 1674 512 1704 abhorret
538 1684 557 1704 a
573 1674 710 1703 crimine
726 1677 836 1712 tanto,
859 1674 895 1704 in

161 1726 236 1747 eam
253 1727 321 1747 non
337 1718 425 1748 cadit
441 1721 574 1748 tantum
592 1717 730 1747 criinen.

205 1761 382 1799 Suscitare,
398 1761 538 1800 fingere,
557 1761 757 1800 excogitare.
778 1760 856 1791 Div.
874 1760 896 1791 i.

159 1806 214 1834 40.
238 1805 294 1843 qui
306 1805 357 1835 sui
374 1808 520 1844 quaestus
536 1814 636 1835 causa
649 1805 806 1835 suscitant
821 1813 895 1834 sen-

159 1848 297 1879 tentias.

204 1889 417 1930 Suspendere,
440 1891 611 1931 eleganter
634 1891 673 1921 de
698 1890 894 1929 fornicibus,

159 1934 239 1973 qnia
254 1944 322 1965 non
337 1938 477 1977 possunt
498 1935 609 1965 fulciri
636 1939 671 1964 et
696 1933 811 1964 fulcris
837 1944 892 1964 su-

161 1978 276 2009 stineri
299 1979 334 2008 in
359 1978 570 2009 demoliendo
595 1979 734 2018 pariete.
758 1977 841 2018 Top.
859 1981 891 2008 4.

159 2021 187 2051 si
204 2022 276 2060 quis
292 2022 327 2052 in
344 2025 514 2052 communi
530 2022 658 2062 pariete
681 2020 892 2051 demoliendo

162 2063 275 2095 damni
300 2065 416 2096 infecti
442 2065 646 2106 promiserit,
662 2075 730 2095 non
759 2064 895 2096 debebit

160 2111 330 2148 praestare,
346 2109 435 2148 quod
449 2109 559 2139 fornix
581 2109 654 2140 vitii
679 2108 806 2138 fecerit.
825 2118 894 2138 non

159 2152 250 2182 enim
275 2152 345 2191 ejus
362 2153 455 2191 vitio,
471 2153 528 2192 qui
555 2151 734 2182 demolitus
757 2155 820 2190 est,
838 2151 895 2182 da-

163 2204 282 2225 mnum
297 2195 426 2227 factum
442 2202 506 2234 est,
522 2196 580 2226 sed
592 2196 661 2234 ejus
678 2196 787 2236 operis
798 2195 892 2233 vitio,

159 2238 248 2276 quod
271 2239 320 2269 ita
355 2239 557 2270 aedificatum
587 2244 651 2277 est,
676 2243 716 2269 ut
742 2239 894 2278 suspendi

160 2290 228 2311 non
252 2287 373 2322 posset.
396 2283 415 2302 *ἓ
430 2283 502 2314 Att.
520 2283 588 2313 xiii.
611 2285 664 2314 40.
688 2282 747 2312 sed
761 2283 818 2312 ubi
835 2282 891 2312 bo-

159 2333 219 2355 nos
248 2326 356 2357 viros?
384 2326 460 2367 (int.
485 2324 609 2365 videat)
643 2326 708 2356 nisi
740 2325 826 2356 forte
857 2335 891 2356 se

158 2370 334 2440 Euspendit.
363 2379 497 2410 nempe,
513 2375 553 2400 ut
578 2369 668 2410 apud
695 2369 818 2400 inferos
843 2369 892 2399 vi-

180 2416 246 2442 eat.

203 2453 395 2494 Suspensus,
413 2457 500 2487 curis
524 2456 685 2487 sollicitus
707 2460 743 2486 et
758 2455 891 2487 dubius.

157 2496 259 2528 Dom.
286 2500 337 2530 36.
359 2510 512 2540 suspensa
527 2510 565 2531 ac
582 2500 725 2530 sollicita
744 2500 891 2531 civitate.

157 2540 178 2559 ²*
192 2541 342 2572 intentus
359 2543 458 2574 alicui
474 2545 534 2574 rei.
556 2544 614 2574 Or.
629 2544 651 2574 i.
669 2544 720 2574 56.
742 2552 891 2583 suspenso

158 2584 271 2614 animo
283 2588 316 2614 et
331 2591 492 2627 occupato
510 2588 665 2618 Crassum
681 2586 742 2616 tibi
755 2596 890 2627 respon-

157 2627 244 2658 disse
260 2628 366 2659 video.
384 2629 608 2670 *suspensum
621 2640 661 2660 ex
673 2629 784 2669 aliqua
795 2640 829 2660 re
843 2630 891 2660 di-

158 2671 258 2708 citur,
271 2671 358 2710 quod
373 2674 445 2703 sine
457 2684 496 2704 ea
511 2674 639 2704 salvum
655 2683 725 2704 esse
738 2682 806 2703 non
814 2678 890 2714 pot-

157 2718 222 2751 est,
239 2714 327 2752 quod
352 2715 400 2746 ita
422 2726 455 2746 se
478 2716 592 2755 habet,
616 2717 665 2747 uti
690 2726 729 2747 ea
751 2726 802 2746 res
826 2721 889 2748 est.

155 2757 199 2787 ad
214 2757 290 2788 Div.
306 2767 335 2788 v.
356 2761 404 2789 13.
421 2769 487 2789 non
503 2760 637 2791 aliunde
653 2760 812 2801 pendere,
828 2770 889 2790 nec

151 2802 360 2832 extrinsecus
391 2812 560 2843 suspensas
590 2803 712 2834 habere
741 2804 887 2834 rationes

153 2843 238 2878 bene
256 2844 408 2885 maleque
424 2846 555 2878 vivendi
570 2858 578 2878 ι
607 2850 647 2879 ut
671 2847 712 2879 iis
727 2856 774 2879 sc.
792 2846 889 2879 salvis

702 64 849 94 INDEX
881 63 1176 95 LATINITA'rls.

949 158 983 184 et
998 154 1151 185 secundis
1166 151 1365 193 tranquillus
1389 160 1426 184 ac
1441 150 1552 193 laetus,
1568 155 1606 186 iis
1621 163 1682 187 au-

949 201 1020 228 tem
1057 198 1194 238 perditis
1232 204 1291 228 aut
1319 197 1462 228 adversis
1495 199 1596 230 miser
1622 201 1679 230 sis.

948 241 1048 272 Tusc.
1065 252 1096 272 v.
1123 243 1171 271 12.
1195 251 1234 271 ex
1256 240 1391 271 alterius
1408 245 1467 272 aut
1492 241 1580 273 bono
1599 253 1678 274 casu

948 288 1009 315 aut
1024 285 1189 316 contrario
1212 285 1242 314 ei
1266 294 1418 324 suspensa
1444 289 1523 314 sunt
1552 287 1678 325 omnia,

948 337 1022 366 quae
1035 327 1076 358 ad
1092 328 1187 358 beate
1203 327 1379 358 vivendum
1396 328 1521 358 ferunt.

989 370 1170 410 Suspicere,
1187 373 1347 411 cogitare.
1372 371 1454 401 Lael.
1471 375 1502 405 9.
1533 371 1617 402 nihil
1632 371 1680 402 al-

945 418 1034 451 tum,
1062 414 1146 445 nihil
1172 416 1591 455 magnificum-suspicere
1605 424 1681 456 pos-

946 460 1035 487 suut.

990 499 1144 539 Suspicio.
1168 500 1274 531 Plaec.
1291 505 1344 533 33.
1368 511 1457 532 nunc
1478 500 1559 532 sacis
1577 503 1682 542 suspi-

946 544 1076 573 cionem.
1093 544 1215 574 dicitur
1243 544 1282 574 de
1309 549 1512 582 accusatore,
1539 555 1615 575 cum
1633 547 1682 576 ita

945 585 985 615 de
1003 596 1037 616 re
1056 586 1168 625 aliqua
1183 587 1277 624 dicit,
1299 593 1339 619 ut
1353 588 1484 626 judices
1508 588 1681 629 suspicen-

944 633 1013 667 tur,
1031 639 1142 659 veram
1159 640 1242 668 esse,
1259 640 1318 670 pro
1343 641 1407 671 quo
1428 638 1463 662 et
1478 635 1530 663 est
1543 633 1678 673 suspici·

944 683 994 703 ose
1021 673 1129 703 dicere
1156 676 1189 703 et
1220 683 1371 713 arguere.
1395 675 1492 705 Rosc.
1522 676 1597 706 Am.
1625 677 1679 707 23.

944 716 1004 746 &c.
1028 722 1062 746 et.
1076 716 1169 746 Verr.
1190 717 1234 746 iii.
1251 720 1303 751 93.
1326 719 1516 758 suspiciones
1530 719 1680 758 injicere.

945 762 964 781 ²¹²
983 760 1078 790 Rosc.
1094 760 1206 790 Amer.
1223 763 1276 791 31.
1311 762 1520 801 suspicionem
1535 762 1576 792 ad
1595 771 1681 802 prae-

945 802 1021 833 dam
1048 803 1249 843 adjungere:
1274 803 1307 834 h.
1334 814 1363 834 e.
1388 804 1428 834 de
1444 805 1481 835 iis
1506 805 1680 844 suspicari,

944 847 1000 885 qui
1017 847 1163 887 praedam
1180 847 1315 877 habent.
1340 848 1359 866 ²*
1372 848 1452 887 Agr.
1468 849 1503 878 ii.
1519 850 1550 878 3.
1571 850 1677 888 suspi-

942 891 988 919 cio
1005 900 1042 919 ac
1058 890 1266 930 perturbatio
1283 891 1501 929 judiciorum,
1517 894 1568 921 est
1582 890 1609 921 ἓν
1631 889 1680 922 διαὶ

941 930 1023 971 δυοῖν,
1042 943 1100 973 pro
1118 935 1251 974 suspicio
1265 934 1525 975 perturbationis
1534 935 1680 975 judicio-

943 986 1018 1006 rum
1036 977 1170 1008 futurae.

986 1020 1171 1060 Suspiciose.
1194 1020 1292 1052 Rosc.
1320 1021 1397 1052 Am.
1428 1024 1480 1054 28.
1513 1022 1680 1062 suspiciose

943 1061 1061 1095 dicere.
1077 1074 1107 1094 v.
1125 1064 1280 1103 suspicio.

987 1107 1149 1148 Suspicor,
1179 1108 1214 1137 in
1243 1108 1365 1138 bonam
1397 1111 1528 1148 partem
1554 1111 1607 1139 est
1636 1108 1679 1139 ad

942 1150 1018 1181 Div.
1035 1152 1056 1182 i.
1072 1152 1103 1182 6.
1126 1150 1214 1190 quod
1227 1151 1321 1181 valde
1335 1153 1475 1192 suspicor
1496 1152 1577 1182 fore.
1594 1161 1679 1191 prae-

943 1194 1032 1224 cedit
1047 1204 1154 1234 spero.
1171 1195 1251 1224 item
1277 1195 1319 1225 iv.
1347 1198 1397 1226 10.
1421 1205 1453 1226 v.
1479 1197 1511 1227 2.
1526 1201 1561 1225 te
1575 1196 1679 1236 suspi-

942 1239 1014 1268 cari
1031 1238 1121 1276 nolo,
1137 1239 1157 1268 i.
1175 1248 1203 1268 e.
1220 1238 1297 1268 inde
1309 1238 1475 1278 colligere.

987 1280 1114 1321 Susque
1141 1281 1258 1320 deque.
1282 1281 1352 1312 Att.
1378 1283 1443 1312 xiv.
1469 1282 1500 1313 6.
1532 1291 1610 1313 nam
1635 1281 1677 1312 de

943 1324 1085 1355 Octavio
1107 1335 1221 1365 susque
1246 1325 1347 1365 deque
1360 1338 1369 1356 :
1403 1325 1437 1356 h.
1454 1335 1483 1356 e.
1499 1334 1567 1356 non
1583 1335 1678 1364 curo,

941 1377 1073 1398 sursum
1100 1378 1142 1398 an
1180 1368 1349 1407 deorsum,
1374 1368 1676 1409 quomodocunque

940 1417 1007 1442 eat.
1051 1412 1140 1443 Nam
1170 1413 1301 1452 proprie
1339 1415 1390 1443 est
1418 1421 1552 1443 sursum
1581 1412 1678 1443 deor·

941 1464 1028 1485 sum.

985 1498 1193 1536 Sanctum-e,
1211 1498 1334 1530 dicitur
1357 1503 1397 1530 ut
1422 1499 1600 1538 sustinere,
1614 1509 1676 1540 pro

940 1541 1084 1572 differre.
1109 1543 1150 1572 ad
1172 1543 1249 1573 Div.
1271 1543 1340 1574 xiii.
1358 1543 1410 1574 64.
1433 1547 1589 1574 sustentes
1603 1552 1675 1573 rem

940 1585 1020 1616 dum
1035 1586 1125 1616 Nero
1140 1586 1261 1616 veniat.
1278 1586 1343 1626 Qu.
1365 1586 1416 1617 Fr.
1429 1587 1465 1618 ii.
1481 1590 1514 1621 7.
1531 1586 1676 1617 aedifica·

937 1630 1065 1660 tionem
1081 1633 1273 1660 sustentare.

983 1672 1195 1710 Sustentutio,
1211 1673 1339 1704 dilatio.
1355 1672 1426 1704 Inv.
1435 1673 1470 1703 ii.
1487 1675 1542 1707 49.
1555 1675 1673 1704 utrum

938 1716 1062 1747 habeat
1087 1717 1234 1756 aliquam
1263 1726 1392 1747 moram
1420 1721 1456 1747 et
1470 1717 1678 1748 sustentatio-

939 1769 1027 1790 nem.

981 1803 1161 1841 Sustinere,
1201 1804 1346 1834 retinere
1385 1805 1576 1834 currentem
1618 1802 1673 1834 vel

937 1847 1144 1887 praecipitem
1160 1847 1220 1878 διο.
1241 1846 1342 1878 Tusc.
1358 1846 1401 1877 iv.
1419 1850 1469 1878 18.
1491 1851 1545 1885 ut,
1557 1847 1584 1877 si
1599 1856 1676 1887 pos-

937 1900 971 1920 se
989 1895 1087 1930 putet
1102 1900 1194 1928 eum,
1211 1891 1268 1930 qui
1296 1900 1330 1921 se
1353 1900 1370 1920 e
1394 1889 1544 1920 Leucata
1559 1890 1676 1930 praeci-

937 1934 1107 1973 pitaverit‚
1126 1935 1283 1965 sustinere
1297 1944 1343 1972 se,
1360 1943 1438 1964 cum
1453 1934 1544 1964 velit.
1559 1933 1602 1964 cf.
1616 1934 1675 1965 Or.

936 1980 990 2012 37.
1011 1977 1083 2008 Att.
1099 1977 1168 2007 xiii.
1186 1979 1239 2008 21.
1271 1977 1456 2008 *sustinere
1477 1987 1598 2015 remOS,
1622 1981 1676 2008 est

936 2020 1102 2058 attollere,
1129 2030 1196 2051 nou
1223 2022 1400 2061 remigare,
1422 2021 1502 2051 hinc
1528 2020 1571 2051 ad
1583 2021 1675 2051 varia

934 2064 1146 2094 transfertur.
1170 2064 1272 2096 Acad.
1295 2065 1338 2095 iv.
1366 2067 1419 2097 21.
1442 2067 1495 2096 31.
1518 2065 1676 2095 sustinere

937 2108 1175 2138 assensionem.
1197 2108 1279 2139 Lael.
1309 2111 1359 2143 17.
1381 2109 1539 2139 sustinere
1568 2108 1676 2148 impe-

937 2156 1013 2182 tum
1038 2151 1290 2182 benevolentiae.
1316 2152 1358 2182 ad
1373 2152 1449 2182 Div.
1465 2152 1508 2182 vi.
1525 2154 1556 2185 7.
1578 2152 1676 2182 susti-

935 2196 996 2225 nui
1012 2204 1077 2225 me.
1100 2194 1120 2213 ⁵*
1136 2195 1227 2225 Hinc
1242 2195 1344 2226 etiam
1361 2205 1421 2235 pro
1443 2195 1575 2225 differre
1592 2194 1676 2224 dici-

933 2241 1005 2269 tur.
1029 2237 1099 2268 Att.
1115 2238 1173 2268 xii.
1198 2241 1251 2270 51.
1274 2239 1464 2269 sustinenda
1478 2243 1530 2269 est
1551 2237 1674 2269 solutio

937 2282 1082 2312 nominis
1092 2281 1294 2313 Caerelliani.
1306 2292 1336 2313 v.
1345 2281 1443 2322 plura
1455 2281 1545 2322 apud
1556 2282 1673 2312 Burm-

937 2325 978 2356 ad
1000 2325 1094 2356 Ovid.
1121 2325 1202 2355 Her.
1219 2326 1240 2355 i.
1260 2328 1332 2357 114.
1354 2325 1375 2344 *Ψ
1388 2335 1523 2356 manere
1539 2325 1674 2355 alicubi.

934 2368 1005 2399 Att.
1022 2379 1053 2398 x.
1071 2371 1101 2400 2.
1125 2370 1265 2399 sustinui
1281 2379 1335 2399 me
1351 2369 1387 2399 in
1402 2370 1532 2400 Arcano
1547 2368 1672 2406 fratris,

936 2411 1016 2442 dum
1034 2413 1094 2443 ἃς.
1125 2411 1144 2430 *
1160 2412 1260 2443 alere.
1283 2411 1356 2443 Att.
1380 2413 1415 2443 ii.
1440 2413 1490 2443 16.
1521 2412 1577 2451 qui
1594 2421 1674 2451 ager

934 2465 1003 2486 non
1029 2455 1172 2496 amplius
1197 2456 1373 2486 hominum
1396 2456 1543 2495 quinque
1566 2455 1675 2486 m‘rllia

932 2501 1091 2530 sustinere
1113 2504 1237 2539 potest.
1253 2499 1296 2529 cf.
1321 2499 1394 2530 Cat.
1410 2499 1452 2529 iv.
1471 2502 1501 2530 8.
1524 2498 1544 2518 *²
1557 2498 1674 2529 defen-

934 2543 1023 2573 dere.
1047 2543 1142 2573 Verr.
1158 2553 1188 2573 v.
1213 2546 1266 2577 39.
1290 2542 1353 2572 hoc
1370 2543 1497 2572 crimen
1512 2543 1673 2572 sustinere

933 2596 967 2617 se
998 2585 1091 2616 nullo
1108 2586 1207 2616 modo
1222 2595 1328 2627 posse.
1351 2585 1371 2604 ²*
1386 2595 1500 2626 parem
1517 2595 1587 2616 esse
1610 2584 1673 2615 ali-

933 2631 987 2660 cui
1013 2630 1136 2660 viribus
1167 2630 1227 2659 &c.
1254 2629 1295 2659 ad
1311 2629 1386 2660 Div.
1403 2629 1447 2659 xi.
1470 2632 1518 2660 13.
1558 2629 1672 2659 hostes

931 2674 994 2713 ipsi
1011 2673 1120 2704 adhue
1136 2674 1215 2704 satis
1239 2677 1432 2711 arroganter
1457 2673 1669 2703 sustinebant.

932 2717 1009 2747 Scn.
1025 2728 1057 2758 p.
1077 2715 1159 2747 Red.
1176 2719 1209 2747 4.
1230 2717 1388 2746 sustinere
1405 2725 1527 2746 nomen
1548 2725 1671 2746 consu-

932 2760 1031 2791 latus.
1067 2760 1242 2800 *dignum
1273 2769 1344 2789 esse
1379 2760 1490 2799 aliqua
1519 2769 1564 2789 re.
1587 2758 1673 2789 Lael.

931 2806 984 2835 20.
1008 2807 1143 2834 tantum
1168 2803 1288 2841 cuique
1312 2803 1543 2840 tribuendum,
1562 2811 1671 2841 quan-

929 2851 1006 2880 tum
1021 2847 1092 2890 ille,
1110 2856 1211 2887 quem
1226 2845 1361 2886 diligas,
1375 2848 1537 2879 sustinere
1551 2845 1682 2888 possit.-
