1790 3219
134 68 218 109 436

141 170 195 198 43.
221 162 330 205 quoad
343 172 404 195 sua
417 165 524 202 sponte
539 159 753 196 instituisset,
769 158 803 189 id
820 167 877 188 ne-

141 210 269 241 minem
295 207 452 238 metuisse
482 215 524 235 ne
559 204 632 243 quis
661 203 877 243 reperiretur,

144 253 199 294 qui
216 253 311 283 istius
327 250 522 281 institutum
537 247 630 287 sequi
645 246 756 276 vellet.

188 296 353 337 Sportella
383 298 436 324 est
463 292 652 328 obsonium,
681 290 787 327 cibus,
820 288 878 327 qui

142 339 324 380 opponitur
355 346 446 368 cenae
470 337 585 376 justae,
614 333 667 364 vel
695 337 806 364 rectae.
837 331 878 361 ad

144 384 222 415 Div.
244 383 287 413 ix.
305 385 358 414 90.
383 379 590 411 dediscendae
605 378 667 408 tibi
691 380 772 407 sunt
789 384 877 415 spor-

145 429 229 458 telloe
244 434 279 456 et
305 424 490 464 artolagani
515 423 584 453 tui:
610 421 642 452 h.
675 430 705 450 e.
733 429 814 455 non,
839 421 878 447 ut

145 470 243 507 soles,
258 469 420 509 placentis
436 472 470 497 et
481 466 644 497 similibus
653 464 733 493 cibis
749 461 880 492 leviori·

145 514 207 544 bus
225 523 284 544 nos
307 512 458 552 excipere
475 510 587 546 debes,
613 511 687 547 post
711 515 792 544 quos
809 514 880 534 ma-

148 567 211 588 nus
225 566 291 587 non
307 556 472 591 lavantur,
488 551 652 591 sedjustis
668 548 836 579 conviviis.
851 557 882 577 v.

151 600 232 631 Lex.
250 600 343 630 Fabr.
361 599 394 629 in
413 596 577 637 Sportula.
594 604 627 624 n.
644 596 674 624 2.

192 644 418 684 szctatilz'cus,
442 643 538 680 sputo
565 634 818 676 conspuendus:
843 632 878 663 h.

147 698 178 718 e.
194 685 470 717 contemnendus.
495 682 549 712 Br.
573 683 626 715 74.
660 680 801 709 Sisenna
825 677 881 706 de-

150 731 289 761 fendens
316 728 413 766 dixit,
430 725 582 766 quaedam
602 724 672 764 ejus
695 721 885 763 sputatz'lica

149 784 220 806 esse
236 773 386 804 crimina.

193 818 344 857 Squalor,
358 814 397 844 de
414 811 620 852 lugentibus,
634 809 753 849 quibus
763 813 798 838 et
812 817 885 837 sor-

149 861 205 892 des
222 861 427 891 tribuuntur.
451 857 541 887 Sext.
560 857 608 885 14.
621 854 788 894 squalebat
803 851 883 881 civi-

149 909 213 935 tas.

193 946 383 987 Squalidus,
401 944 441 975 de
464 942 560 974 rebus
584 939 776 976 subtilibus,
801 947 882 977 qua-

146 991 192 1021 lia
218 995 299 1021 sunt
321 988 585 1020 Dialectieorum
616 987 793 1024 praecepta,
824 984 885 1011 aut

147 1044 221 1073 quae
239 1044 278 1064 ex
293 1034 332 1063 iis
346 1031 499 1063 subtilius
515 1030 739 1069 disputantur.
755 1027 812 1056 Or.
829 1026 882 1056 32.

148 1078 207 1108 sed
237 1077 316 1117 quia
343 1076 415 1106 haec
451 1083 512 1105 sua
540 1076 659 1112 sponte
687 1067 909 1110 squatidwra'

148 1126 241 1158 suut,
257 1119 462 1150 adhibendus
478 1117 542 1147 erit
555 1116 590 1145 in
607 1115 657 1145 his
680 1112 884 1154 explicandis

152 1165 287 1204 quidam
312 1162 472 1193 orationis
489 1161 589 1190 nitor.
613 1159 660 1188 sic
677 1158 779 1187 etiam
804 1156 885 1186 dici-

148 1216 206 1239 tur
221 1207 412 1238 adverbium
439 1203 594 1245 squalide.
618 1202 690 1232 Fin.
707 1202 748 1231 iv.
773 1203 803 1230 3.
827 1198 886 1229 sed

151 1262 208 1282 vos
224 1251 408 1292 squalidius
426 1250 484 1290 (se.
500 1245 658 1283 definitis,
675 1242 859 1285 partimini)
877 1254 884 1272 ε

151 1295 287 1326 illorum
304 1293 406 1329 vides,
424 1301 524 1331 quam
539 1291 648 1319 niteat
661 1288 777 1318 oratio.

194 1338 347 1378 Squator,
363 1336 403 1366 de
429 1334 632 1373 lugentibus.
649 1331 691 1362 ad
706 1332 783 1361 Div.
809 1340 839 1359 v.
860 1331 888 1359 1.

150 1381 186 1412 in
211 1382 307 1412 luctu
323 1383 357 1410 et
382 1380 529 1420 squalore
544 1386 630 1406 sum.
653 1376 747 1406 Verr.
772 1383 803 1404 v.
833 1375 887 1403 48.

151 1430 236 1456 extr.
261 1424 421 1463 adspicite
442 1422 623 1462 squalorem
643 1418 820 1456 sordesque
837 1426 889 1446 so·-

150 1470 289 1499 ciorum.
311 1468 347 1497 it.
369 1466 410 1497 de
425 1463 701 1505 supplicantibus.
725 1461 839 1491 Plane.
856 1463 887 1491 8.

152 1522 252 1552 quam
285 1520 374 1541 nunc
403 1507 659 1540 multitudinem
696 1505 816 1535 videtis
853 1504 887 1534 in

150 1557 301 1597 squalore
316 1558 351 1584 et
366 1553 461 1583 luctu
478 1550 664 1591 supplicem
678 1549 780 1579 vobis.

197 1599 338 1639 Squillo,
353 1597 466 1637 piscis,
483 1595 538 1634 qui
552 1598 587 1624 et
601 1594 793 1633 pinnoteres
808 1590 890 1621 dici-

153 1646 224 1674 tur.
238 1652 269 1672 v.
282 1641 361 1672 Nat.
377 1640 421 1670 D.
436 1639 471 1669 ii.
487 1641 540 1669 48.
564 1637 635 1667 Pin.
650 1636 685 1666 ii.
701 1639 731 1667 8.

196 1686 341 1717 stabilis.
365 1683 437 1714 Fin.
463 1682 498 1712 ii.
523 1684 575 1712 23.
600 1679 751 1720 voluptas
765 1678 889 1709 stabitis

156 1729 413 1770 Epicureorum,
430 1725 509 1766 quid
523 1725 567 1755 sit
580 1725 592 1754 ?

201 1773 314 1809 Stare,
332 1772 366 1801 in
384 1780 418 1800 re
443 1768 581 1800 militari
598 1766 766 1807 significat
782 1767 891 1806 primo

154 1816 364 1857 simpliciter,
380 1814 416 1844 in
439 1813 509 1842 acie
533 1821 626 1849 esse3
652 1810 742 1840 unde
765 1809 893 1839 formu-

155 1860 196 1891 lae
211 1873 217 1890 ;
242 1868 318 1889 cum
337 1858 447 1897 aliquo
462 1860 564 1893 stare,
579 1864 598 1885 a
623 1854 774 1894 partibus
789 1853 893 1883 alicu-

150 1903 207 1944 jus
221 1907 310 1934 stare
325 1902 386 1931 &c.
413 1901 508 1931 Brut.
524 1903 577 1933 79.
601 1907 700 1928 nemo
717 1900 833 1927 contra
848 1897 894 1926 ci-

157 1948 248 1977 vium
264 1945 472 1986 perditorum
498 1941 696 1983 popularem
718 1939 894 1970 turbulen-

156 1995 294 2029 tamque
311 1988 515 2019 dementiam
533 1996 552 2015 a
574 1989 694 2015 senatu
709 1989 744 2014 et
758 1994 778 2014 a
792 1984 896 2014 bono-

156 2043 233 2065 rum
248 2043 349 2064 causa
362 2032 451 2062 stetit
466 2029 673 2060 constantius
689 2040 697 2058 ι
722 2028 780 2058 sed
791 2028 896 2057 etiam

159 2086 295 2108 manere
318 2077 353 2106 in
371 2076 453 2112 acie,
476 2073 721 2113 opponiturque
738 2073 780 2111 τῷ
801 2070 898 2110 fuge-

159 2131 207 2152 re.
229 2120 329 2151 Tusc.
356 2119 391 2149 ii.
409 2120 461 2149 23.
484 2120 523 2147 ut
545 2116 636 2146 enim
663 2116 702 2145 fit
717 2115 753 2145 in
769 2114 897 2155 praelio,

163 2169 202 2195 ut
231 2165 371 2203 ignavus
400 2161 495 2192 miles
521 2170 559 2190 ac
589 2159 742 2195 timidus,
767 2158 896 2197 abjecto

162 2212 258 2239 scuto
271 2205 478 2246 fugiat,-—ob
494 2213 634 2242 eamque
651 2212 788 2232 causam
804 2210 899 2242 pere-

164 2256 202 2282 at
211 2258 456 2288 nonnunquam
472 2248 575 2278 etiam
593 2247 724 2285 integro
748 2254 898 2285 corpore,

165 2304 243 2325 cum
258 2294 299 2330 ei,
315 2293 371 2333 qui
385 2293 522 2328 steterit,
549 2290 632 2320 nihil
648 2289 714 2319 tale
741 2288 901 2319 evenerit.

165 2337 185 2356 *
199 2342 288 2367 stare
302 2346 399 2376 porro
415 2335 586 2371 dicuntur,
601 2334 655 2372 qui
671 2333 781 2363 locum
799 2333 834 2361 in
850 2341 901 2362 re-

168 2381 259 2422 publ.
285 2380 499 2419 dignitatem,
514 2377 664 2407 fortunas
686 2376 842 2406 obtinent
867 2380 902 2405 et

171 2428 325 2454 tuentur.
349 2423 390 2453 ad
405 2422 483 2453 Div.
499 2421 554 2451 vii.
571 2423 602 2452 53.
634 2430 750 2450 eorum
764 2418 901 2458 auxilio,

173 2467 229 2506 qui
239 2477 291 2496 me
299 2464 514 2503 stante,'sta·re
525 2474 592 2494 non
602 2468 769 2503 poterant.
777 2462 796 2481 *²
806 2463 887 2492 item
894 2485 904 2500 ,

174 2511 232 2549 qui
248 2514 438 2539 constantes
454 2508 581 2538 suntin
599 2517 634 2536 re
661 2506 784 2546 aliqua,
802 2506 859 2545 qui
885 2516 905 2536 a

172 2554 341 2583 sententia
365 2556 531 2592 suscepta,
554 2551 724 2591 promissis
750 2550 809 2580 ἃς.
837 2559 904 2579 non

173 2596 346 2627 recedunt.
380 2596 450 2626 Att.
476 2595 531 2624 vii.
565 2598 614 2625 15.
652 2603 767 2623 omnes
794 2593 908 2633 cupie-

175 2640 258 2670 bant
283 2639 446 2669 Caesarem
465 2644 554 2669 stare
578 2637 823 2667 conditionibus
854 2637 907 2674 iis,

176 2692 258 2723 quas
275 2683 415 2712 tulisset.
438 2682 479 2712 ad
495 2682 570 2712 Div.
582 2681 627 2710 ix.
644 2683 675 2711 2.
699 2681 797 2710 modo
813 2680 907 2710 nobis

175 2730 238 2757 etet
252 2725 348 2762 illud,
367 2735 434 2754 nna
454 2726 562 2754 vivere
575 2725 609 2754 in
624 2723 754 2754 studiis,
777 2723 848 2754 Att.
873 2724 907 2754 ii.

176 2772 209 2800 4.
232 2770 259 2799 si
291 2769 325 2798 in
355 2778 393 2798 eo
419 2777 485 2798 non
514 2772 590 2798 stat.
625 2770 644 2788 ¹⁶
659 2772 749 2798 stare
773 2767 909 2805 dicitur,

179 2812 268 2851 qnod
283 2812 454 2842 decretum
469 2814 521 2841 est
533 2816 567 2841 et
583 2811 816 2841 constitutum.
839 2811 912 2841 Att.

180 2856 226 2887 iii.
245 2858 294 2887 14.
319 2865 427 2895 neque
459 2854 550 2887 dhuc
563 2855 682 2893 stabat,
699 2864 765 2895 quo
777 2854 912 2895 potissi-

683 69 830 100 INDEX
850 66 1145 98 LATINITATIS·

922 166 1015 187 mum
1040 156 1100 186 8ῑο.
1133 154 1154 174 ¹*
1167 158 1255 185 stare
1280 154 1382 184 etiam
1407 152 1578 191 dicuntur,
1594 152 1652 192 qui

919 200 1045 231 habent
1071 198 1159 229 unde
1184 199 1311 235 vivant,
1327 198 1429 228 vitam
1452 198 1654 236 transigant.

922 243 1028 274 Flacc.
1056 243 1087 274 6.
1111 242 1167 281 qui
1193 241 1282 272 domi
1295 245 1384 272 stare
1399 250 1467 271 non
1481 243 1651 281 poterant,

920 287 1012 326 largo
1042 296 1079 316 ac
1106 284 1234 316 liberali
1266 286 1387 316 viatico
1414 287 1650 314 commoveret.

923 329 1021 360 Stare
1036 339 1103 359 non
1121 339 1227 369 posse,
1245 329 1302 368 qui
1317 329 1359 358 ob
1374 338 1418 359 aes
1435 327 1585 358 alienum
1599 326 1653 357 fu-

922 382 1012 411 gere,
1040 380 1076 403 et
1101 373 1217 403 cedere
1241 372 1311 402 foro
1338 376 1516 411 coguntur.
1540 370 1604 400 Pis.
1619 371 1651 400 6.

921 425 1031 455 egere,
1047 416 1125 446 foris
1137 426 1207 446 esse
1224 416 1418 452 Gabinium,
1432 415 1504 444 sine
1519 413 1654 454 provin-

922 460 974 488 cia
988 463 1076 489 stare
1092 469 1159 489 non
1175 469 1280 499 posse.
1326 459 1379 489 Sic
1395 462 1446 488 est
1475 459 1578 487 etiam
1597 466 1651 497 ap.

922 503 1059 532 Sueton.
1082 502 1208 533 Othon.
1234 507 1265 535 5.
1297 502 1400 533 *Fin.
1422 503 1455 532 ii.
1488 504 1537 532 10.
1561 499 1655 530 volu·

922 550 996 584 ptas
1010 550 1099 576 stans
1111 551 1147 576 et
1169 556 1318 585 movens,
1341 546 1420 585 quid
1436 546 1479 575 sit
1494 545 1507 575 ?
1533 553 1562 574 v.
1575 543 1655 573 ibid.

921 591 974 620 23.
998 589 1016 607 ³*
1031 593 1120 619 stare
1141 590 1245 620 etiam
1267 596 1318 620 est
1335 600 1394 630 pro
1409 589 1542 626 dicere3
1578 587 1658 627 quia

922 636 1043 663 stantes
1059 632 1227 663 dicebant.
1260 634 1341 664 Har.
1356 633 1396 663 R.
1412 635 1444 664 4.
1468 641 1545 662 cum
1571 630 1654 661 mihi

920 677 1022 706 stanti
1050 676 1245 706 minaretur.
1278 676 1427 707 Marcell.
1448 679 1496 706 11.
1524 680 1659 704 nonest

923 720 1082 750 stantibus
1111 728 1245 749 necesse
1271 720 1427 750 omnibus
1456 719 1576 749 dicere.
1599 717 1658 748 Or.

925 764 977 793 63.
1001 773 1054 793 me
1085 767 1190 794 stante
1221 763 1280 794 &c.
1306 763 1384 794 hinc
1407 762 1492 792 illud
1507 760 1659 800 intellige

924 807 965 837 ad
980 806 1056 838 Div.
1069 807 1090 836 i.
1107 810 1138 838 4.
1162 816 1239 837 cum
1257 807 1291 837 in
1306 810 1426 837 senatu
1434 805 1659 846 pulcherrime

924 855 1099 887 staremus,
1124 850 1213 889 quod
1229 850 1303 889 jam
1328 850 1420 880 illam
1454 848 1661 880 sententiam

924 893 1035 924 Bibuli
1050 893 1256 933 fregeramus
1272 894 1333 925 διο.
1353 894 1373 913 's‘
1386 893 1468 924 Rab.
1485 891 1580 923 Perd.
1607 894 1660 922 10.

923 937 958 967 in
975 937 1040 967 fide
1053 942 1154 968 stare.

970 980 1152 1018 Statorius,
1168 984 1218 1011 est
1229 985 1333 1019 actor,
1345 981 1401 1020 qui
1416 979 1562 1011 sedatius
1579 979 1663 1019 agit,

926 1034 1035 1063 neque
1061 1025 1097 1054 in
1123 1034 1225 1054 scena
1250 1025 1426 1055 discurrit:
1463 1023 1550 1054 unde
1580 1023 1661 1063 ipsae'

925 1067 1047 1098 fabulae
1061 1070 1208 1099 statarioe
1217 1068 1388 1106 dicuntur,
1400 1077 1473 1107 quae
1483 1066 1662 1097 sedatiores

927 1116 1030 1142 sunt:
1057 1112 1175 1151 quibus
1199 1116 1417 1152 opponuntur
1436 1111 1600 1147 motoriae,
1626 1109 1663 1139 in

929 1155 1048 1194 quibus
1074 1155 1184 1185 multa
1210 1156 1358 1195 negotia,
1375 1164 1490 1185 cursus
1507 1155 1567 1184 &c.
1583 1153 1663 1184 hinc

929 1199 971 1228 ad
986 1204 1154 1229 oratorem
1180 1199 1395 1235 transfertur,
1410 1199 1466 1238 qui
1484 1198 1596 1228 minus
1610 1207 1665 1226 ve·

927 1241 1104 1272 hementer
1118 1242 1200 1272 dicit
1225 1247 1261 1273 et
1275 1243 1356 1283 agit.
1371 1241 1467 1272 Brut.
1482 1245 1536 1273 30.
1552 1241 1606 1272 68.
1621 1239 1665 1270 cf.

929 1285 1030 1316 Gron.
1046 1286 1125 1316 (jhs.
1142 1287 1184 1316 iv.
1201 1289 1232 1320 7.

975 1329 1173 1360 Statassare.
1195 1329 1278 1369 Leg.
1295 1330 1330 1360 ii.
1361 1332 1410 1360 11.
1432 1328 1589 1359 vincendi
1614 1331 1666 1358 at-

931 1382 994 1411 que
1009 1374 1162 1413 potiundi
1177 1374 1440 1413 statassandz'que
1463 1372 1666 1412 cognomina

930 1417 1072 1447 Statoris
1098 1422 1133 1447 et
1159 1416 1279 1447 Invieti
1294 1417 1398 1447 Jovis.
1420 1416 1480 1447 sed
1493 1416 1580 1446 hane
1608 1425 1667 1446 vo-

930 1469 1003 1490 cem
1026 1470 1066 1490 ex
1092 1461 1304 1501 corruptione
1330 1464 1453 1498 ortam,
1475 1469 1592 1490 omnes
1618 1459 1668 1489 fa-

929 1508 1058 1534 tentur.
1103 1504 1170 1535 vid.
1201 1504 1377 1542 Gruterus,
1411 1503 1605 1542 Turnebus,
1633 1510 1668 1534 et

933 1546 1075 1577 Gronov.
1088 1548 1128 1578 ad
1141 1548 1174 1578 h.
1191 1547 1214 1578 l.

977 1590 1094 1629 Statio,
1111 1591 1282 1630 locus‚ubi
1292 1600 1392 1621 naves
1408 1594 1496 1622 stare
1512 1595 1667 1630 possunt,

931 1634 990 1665 sed
1006 1635 1117 1666 minus
1132 1639 1209 1665 tuto
1235 1644 1335 1674 quam
1360 1635 1396 1664 in
1418 1637 1530 1674 portu,
1545 1634 1635 1664 unde
1651 1645 1672 1666 a

932 1677 1072 1718 Virgilio
1098 1678 1256 1709 malefida
1279 1678 1414 1708 dicitur.
1437 1677 1480 1708 ad
1507 1678 1585 1709 Div.
1611 1679 1669 1709 xii.

936 1725 986 1752 15.
1009 1722 1100 1760 urbs,
1122 1726 1250 1762 portus,
1276 1723 1384 1758 statio,
1402 1731 1476 1760 quae
1503 1725 1599 1752 extra
1615 1732 1671 1752 ur·

932 1766 1013 1796 bem
1029 1770 1092 1796 est.
1116 1765 1310 1803 *custodia,
1326 1765 1487 1795 excubiae.
1511 1765 1596 1795 Cato
1617 1767 1673 1796 20.

935 1809 975 1839 de
989 1810 1124 1840 statione
1145 1810 1222 1840 vitae
1237 1809 1368 1848 injussu
1387 1808 1598 1849 imperatoris
1614 1808 1672 1839 de-

934 1852 1063 1883 cedere.
1111 1852 1131 1871 *
1145 1853 1382 1883 deversorium.
1419 1852 1524 1883 Attic.
1562 1853 1605 1883 vi.
1640 1857 1674 1887 9.

936 1901 1022 1928 extr.
1045 1897 1081 1927 in
1109 1906 1185 1927 aree
1206 1896 1346 1927 Athenis
1372 1897 1469 1927 statio
1489 1905 1566 1927 mea
1580 1905 1673 1926 nune

937 1940 1060 1980 placet.

982 1984 1123 2015 stativa.
1147 1982 1226 2023 Agr.
1240 1983 1275 2014 ii.
1289 1986 1340 2014 15.
1356 1992 1465 2022 agr05‚
1479 1983 1592 2021 urbes,
1605 1987 1675 2014 sta-

938 2029 1019 2065 tiva,
1036 2032 1165 2067 portus,
1180 2030 1289 2057 totam
1318 2027 1460 2066 denique
1476 2026 1673 2067 Bithyniam

937 2071 1107 2101 vendituri
1136 2074 1227 2101 sunt.
1258 2070 1464 2111 Interpretes
1486 2071 1673 2111 superiores

938 2115 1099 2145 stationes
1116 2115 1253 2144 navium
1269 2123 1339 2144 esse
1356 2117 1488 2154 putant.
1523 2114 1674 2145 Graevius

939 2164 1054 2189 autem
1081 2162 1201 2197 stagna
1227 2158 1484 2198 interpretatur,
1508 2167 1583 2197 quae
1611 2167 1675 2188 vox

940 2202 1022 2232 adeo
1047 2203 1083 2232 in
1112 2201 1286 2232 Pithoeano
1302 2206 1338 2231 et
1363 2201 1552 2232 Erfurtens.
1569 2200 1676 2232 Codd.

938 2246 1105 2286 reperitur
1133 2254 1193 2285 pro
1232 2246 1364 2276 stativa.
1424 2244 1514 2275 Nam
1542 2245 1680 2276 stativas

942 2300 1043 2329 aquas
1060 2299 1130 2319 esse
1146 2293 1278 2328 stagna,
1295 2292 1336 2318 ut
1360 2292 1479 2319 auctor
1493 2292 1545 2319 est
1571 2287 1678 2319 Varro

944 2343 996 2373 ap.
1013 2333 1164 2364 Nonium
1181 2333 1216 2363 in
1233 2332 1341 2362 Putei.
1386 2332 1434 2363 Ut
1447 2332 1529 2362 adeo
1551 2332 1680 2363 stativa

943 2378 1012 2406 sint
1041 2380 1161 2416 stagna
1186 2380 1221 2405 et
1243 2375 1337 2406 lacus
1359 2376 1492 2416 piscosi,
1515 2375 1573 2415 qui
1602 2385 1682 2406 care

944 2419 1148 2451 venduntur.
1171 2419 1257 2450 Mihi
1276 2423 1390 2449 autem
1412 2419 1503 2459 prior
1517 2420 1683 2459 interpre-

942 2464 1029 2494 tatio
1044 2464 1150 2503 magis
1165 2463 1287 2503 placet.
1319 2463 1408 2493 Nam
1425 2463 1534 2502 primo
1547 2463 1682 2501 urbem,

945 2512 1095 2548 portum,
1110 2510 1145 2536 et
1159 2506 1340 2537 stationem
1354 2506 1454 2546 jungi
1479 2516 1520 2536 ex
1543 2506 1586 2536 ad
1599 2507 1678 2537 Div.

945 2552 1002 2581 xii.
1023 2554 1073 2581 15.
1088 2554 1166 2580 ante
1181 2550 1325 2580 vidimus
1341 2550 1376 2579 in
1391 2550 1502 2580 statio.
1546 2549 1683 2583 Deinde

944 2595 1008 2625 etsi
1023 2596 1150 2624 stativoe
1179 2603 1273 2632 aquae
1297 2593 1362 2624 diei
1386 2597 1540 2632 possunt,
1564 2596 1682 2623 tamen

946 2647 1013 2668 non
1029 2643 1207 2677 propterea
1222 2637 1324 2667 etiam
1339 2637 1460 2667 stativa
1474 2640 1621 2676 stagna3
1644 2637 1681 2666 in

949 2691 1014 2721 quo
1039 2685 1128 2711 esset
1153 2680 1290 2720 puerilis
1313 2679 1512 2720 tautologia.
1557 2680 1592 2710 Si
1607 2680 1683 2719 quis

949 2730 1063 2755 autem
1081 2724 1237 2764 probaret
1261 2723 1441 2754 lectionem
1457 2723 1623 2754 Pithoeani
1645 2727 1683 2754 et

947 2767 1074 2798 Erfurt.
1093 2767 1197 2798 Codd.
1219 2776 1288 2796 non
1299 2766 1455 2798 haberem
1468 2775 1684 2807 magnopere,

949 2811 1037 2852 quod
1051 2811 1196 2841 dicerem
1212 2814 1341 2841 contra.

995 2854 1121 2895 Stator,
1137 2854 1292 2888 minister
1310 2855 1538 2898 mag-istratus,
1552 2852 1685 2894 appari-
