1804 3235
528 136 903 187 EDITIONIS
947 141 1212 187 PRIMAE.
1578 153 1603 194 7

117 267 265 299 eorum
298 256 384 298 vim
415 258 631 315 explicare
674 259 852 314 possint.
913 258 1049 311 Cujus
1085 259 1143 298 rei
1179 258 1251 312 qui
1288 257 1448 298 nullum
1482 274 1604 302 usum

119 313 295 365 habent,
328 314 451 356 facile
482 315 669 370 iniquius
705 316 757 355 de
794 315 875 355 hoc
912 328 1067 368 genere
1098 315 1311 368 judicant.
1372 314 1420 354 ln
1459 317 1603 370 primis

116 379 261 412 autem
296 385 469 427 operam
510 373 623 422 dedi,
666 383 710 412 ut
751 372 974 412 distinctas
1017 371 1240 411 verborum
1283 371 1477 411 notiones
1521 383 1604 414 tra-

117 426 276 478 derem,
307 439 435 482 atque
471 429 530 469 ita
565 429 819 469 abducerem
858 429 1016 468 tirones
1047 427 1102 467 ab
1137 427 1205 468 illa
1241 428 1389 483 puerili
1426 429 1603 478 ratione.

116 492 161 524 et
191 484 317 524 nimis
349 485 390 526 in
421 485 576 526 scholis
610 487 764 526 nostris
798 495 1042 541 pervagata,
1064 499 1161 525 cuin
1196 499 1239 523 se
1269 485 1419 539 putant
1452 485 1603 526 intelli-

117 553 219 596 gere
248 551 481 593 auctorem,
515 543 587 583 nbi
623 543 750 583 verba
788 542 919 582 latina
949 542 1126 582 totidem
1160 541 1299 580 verbis
1336 542 1603 583 Germanicis

116 596 387 654 interpretari
420 608 613 654 possunt.
676 598 937 654 Hujnsmodi
969 608 1067 638 sunt
1097 597 1330 648 auctoritas,
1360 597 1603 649 humanitas,

116 666 176 693 res
196 654 380 708 publica,
402 656 479 706 les,
501 656 712 711 cupide'taS,
733 662 1028 696 wionetmeutum
1050 664 1094 695 et
1124 654 1292 694 infinita
1322 654 1416 694 alia.
1477 654 1601 696 Inve-

113 709 236 751 nient
254 711 384 752 etiam
408 712 450 752 in
474 713 555 754 hoc
578 713 718 753 indice
740 715 916 753 lectores
938 712 1071 752 nostri
1093 711 1296 766 quasdam
1316 711 1604 766 disputatiun-

114 766 231 808 culas
244 777 277 818 ⁸,
298 770 454 823 quibus
485 770 773 826 superioribus
804 769 1120 824 interpretibus,
1142 767 1332 822 aliisque,
1355 782 1438 807 non
1474 778 1601 819 recte,

114 834 190 864 aut
223 839 310 866 non
341 826 443 866 satis
474 827 687 867 intellecta
709 836 751 866 et
772 825 1002 882 explicata,
1033 834 1106 865 aut
1138 825 1180 865 in
1202 825 1351 879 vulgus
1382 839 1466 865 non
1500 826 1601 866 satis

112 890 231 931 nota,
263 890 338 922 aut
367 882 557 924 nondum
589 884 790 924 distincte
821 883 921 923 satis
955 882 1123 931 tradita,
1151 881 1435 922 illustrantur:
1467 882 1603 924 multa

112 938 244 978 etiam
267 938 443 990 Critica,
466 941 537 981 sed
569 954 618 981 ea
649 940 847 996 pleraque
878 940 921 980 in
951 938 1218 980 defendenda
1247 948 1387 978 vetere
1416 937 1601 981 lectione

110 1004 347 1051 occupata;
389 1011 486 1051 quae
513 998 817 1038 eruditioribus
856 1011 941 1037 non
976 995 1211 1050 injucunda
1241 1009 1455 1050 speramus
1493 995 1598 1038 fore.

112 1049 224 1092 Vere
256 1051 349 1093 Cel.
383 1053 598 1095 Gesnerus
640 1055 683 1095 in
726 1053 979 1110 praefatione
1020 1052 1072 1093 ad
1114 1052 1352 1107 Scriptores
1396 1051 1598 1095 Rusticos

103 1106 290 1162 judicat,
322 1110 476 1151 multas
515 1111 640 1152 falsas
679 1111 1050 1167 interpretationes
1084 1119 1128 1149 et
1157 1109 1476 1149 emendationes
1510 1123 1598 1152 non

110 1166 368 1208 necessarias
399 1169 442 1208 in
472 1169 720 1209 auctoribus
744 1168 956 1209 veteribus
987 1165 1085 1207 inde
1115 1176 1229 1206 ortas
1253 1179 1357 1216 esse,
1381 1165 1494 1220 quod
1518 1166 1597 1208 viri

109 1221 242 1273 docti,
263 1225 337 1278 qui
359 1238 431 1266 eos
452 1226 704 1282 attigerunt,
722 1240 808 1266 non
830 1239 916 1265 uno
938 1223 1059 1278 quasi
1082 1232 1227 1262 tenore
1250 1222 1445 1277 perlectis
1468 1223 1596 1265 semel

109 1277 363 1336 iterumque,
394 1291 493 1322 ante
514 1283 658 1323 omnia
676 1296 826 1323 eorum
846 1280 1030 1322 orationi
1051 1288 1095 1320 et
1125 1279 1345 1319 sententiis
1367 1279 1426 1319 ita
1448 1279 1598 1320 adsue-

107 1335 284 1388 vissent,
305 1349 354 1378 ut
375 1339 482 1390 illos,
507 1349 722 1395 tamquam
754 1339 914 1380 amicos
943 1351 1056 1387 suos,
1078 1346 1120 1376 et
1150 1336 1202 1376 de
1233 1336 1454 1376 sententiis
1475 1346 1518 1376 et
1543 1336 1596 1378 de

107 1393 251 1435 verbis
273 1405 461 1436 nossent.
500 1395 635 1451 quue
656 1396 761 1436 adeo
784 1410 882 1436 cum
904 1394 996 1436 aliis
1018 1393 1336 1448 interpretibus,
1358 1403 1448 1433 tum
1473 1392 1596 1434 Grae-

107 1449 179 1490 vio
215 1452 389 1493 accidit.
451 1452 604 1507 Itaque
644 1453 712 1493 ille
752 1452 965 1493 interdum
1002 1450 1265 1492 emendanda
1305 1458 1463 1500 censet,
1499 1464 1596 1504 quae

106 1508 264 1563 saepius
306 1509 418 1565 apud
457 1509 711 1551 Ciceronem
746 1518 1000 1550 occurrunt:
1037 1508 1147 1548 idem
1182 1507 1358 1547 verbum
1390 1506 1473 1547 alio
1501 1506 1596 1548 loco

104 1563 198 1604 toni
221 1564 325 1615 vult,
345 1566 439 1607 aliis
460 1567 686 1623 relinquit3
717 1567 800 1607 alio
822 1567 917 1607 loco
938 1565 1117 1606 verbum
1137 1573 1290 1614 mutat,
1312 1563 1465 1604 deinde
1482 1564 1596 1618 ejus-

104 1619 202 1661 dem
231 1621 314 1663 loci
343 1633 483 1664 vetere
513 1633 557 1664 et
587 1640 613 1665 a
646 1638 689 1664 se
721 1632 914 1665 correcta
941 1622 1125 1662 lectione
1151 1621 1234 1661 alio
1261 1621 1356 1661 loco
1389 1620 1440 1661 ad
1475 1635 1594 1662 suam

106 1679 363 1720 sententiam
395 1680 693 1722 stabiliendam
716 1681 864 1722 utitur.
926 1678 1062 1734 Cujus
1093 1677 1259 1734 generis
1280 1676 1478 1732 exempla
1498 1691 1594 1733 pas-

105 1733 186 1775 sim
214 1735 333 1777 docti
365 1737 444 1778 viri
476 1738 732 1794 reperientb.
794 1737 946 1792 Neque
975 1750 1076 1777 vero
1107 1736 1190 1776 hoc
1219 1749 1270 1774 eo
1292 1734 1455 1775 <lictum
1478 1734 1592 1785 volo,

102 1799 153 1831 ut
173 1792 226 1833 de
247 1792 385 1849 gloria
405 1794 585 1846 Graevii,
609 1795 762 1835 summi
787 1794 985 1844 hominis,
1008 1802 1052 1833 et
1080 1792 1122 1832 in
1153 1791 1236 1832 hoc
1271 1790 1486 1831 literarum
1517 1805 1591 1846 ge-

101 1861 203 1890 nere
234 1850 346 1891 inter
377 1852 592 1908 principes
621 1852 888 1901 numerandi,
919 1851 1157 1891 detractum
1187 1848 1416 1903 quiequam
1438 1847 1590 1898 velim3

103 1905 177 1947 sed
197 1920 249 1947 eo
271 1908 430 1964 potius,
451 1919 498 1950 ut
523 1910 660 1965 primo
683 1909 789 1949 fiant
810 1908 937 1963 hujus
958 1907 1120 1948 criticae
1142 1904 1380 1960 disciplinae
1411 1904 1590 1945 studiosi

102 1961 146 2002 in
169 1961 447 2006 sollicitandis
468 1977 660 2008 veterum
681 1975 905 2007 auctorum
926 1964 1029 2005 locis
1050 1963 1276 2011 cautiores,
1299 1970 1342 2002 et
1372 1961 1414 2001 in
1445 1960 1590 2015 legen-

101 2018 167 2060 dis
189 2020 291 2076 ipsis
313 2024 560 2064 auctoribus
582 2023 891 2080 diligentiores,
912 2031 1039 2076 atque
1061 2020 1121 2060 ita
1142 2017 1398 2073 intelligant,
1416 2026 1588 2072 quantae

100 2075 338 2133 diligentiae
360 2080 416 2120 sit
437 2080 531 2122 haec
554 2080 719 2122 Critica
739 2094 819 2131 arS,
840 2089 884 2120 et
905 2092 1033 2134 quam
1056 2087 1213 2117 temere
1234 2074 1409 2124 faciant,
1430 2074 1519 2129 qui,
1541 2083 1590 2115 ut

99 2132 260 2188 aliquid
290 2150 559 2192 concoquere
588 2152 672 2178 non
705 2147 900 2193 possunt,
930 2148 1004 2176 aut
1031 2148 1118 2175 non
1151 2131 1258 2174 satis·
1282 2131 1347 2172 vel
1377 2130 1587 2186 analogiae

99 2192 376 2246 respondem,
405 2194 471 2234 vel
512 2194 761 2236 Dialecticis
798 2190 1171 2250 praeceptiunculis
1206 2187 1292 2230 suis
1328 2189 1587 2229 conveniens

98 2257 269 2302 putant,
300 2250 361 2291 ita
380 2262 546 2292 mutare
576 2253 813 2292 sustinent:
845 2265 942 2306 quae
973 2250 1189 2289 temeritas
1210 2254 1288 2295 est,
1309 2259 1407 2307 cum
1435 2259 1461 2285 a
1481 2244 1589 2285 mul-

98 2303 169 2354 tis,
199 2314 290 2347 tum
326 2321 354 2348 a
390 2307 482 2349 Cel.
515 2309 762 2350 Burmanno
804 2308 847 2348 in
884 2306 1047 2363 primis,
1082 2305 1126 2344 in
1161 2301 1422 2344 Praefatione
1463 2316 1589 2348 aurea

100 2359 274 2403 Phaedri
306 2365 585 2421 reprehensa3
616 2366 740 2421 cujus
761 2379 843 2421 ego
898 2362 1131 2405 raefationis
1156 2359 1219 2400 uti
1241 2369 1459 2421 tamquam
1490 2372 1588 2398 nor-

96 2431 212 2460 mam
241 2419 349 2462 mihi
382 2436 548 2479 semper
572 2423 836 2479 propositam
883 2420 1013 2470 iabui,
1044 2419 1097 2459 ad
1127 2430 1270 2472 quam,
1293 2415 1496 2478 quic-quid
1524 2424 1589 2455 est

97 2473 226 2530 hujus
259 2476 491 2532 facultatis,
513 2481 756 2536 dirigerem,
787 2480 847 2519 ita
877 2478 1103 2519 lectionem
1125 2473 1326 2515 omnibus
1358 2471 1424 2512 lus
1458 2470 1588 2512 vehe-

96 2542 263 2574 menter
282 2538 625 2579 commendatam
647 2551 738 2578 esse
759 2536 902 2592 cupio,
925 2534 997 2589 qui
1025 2534 1065 2572 in
1090 2532 1172 2573 hoc
1195 2542 1349 2586 genere
1369 2527 1586 2569 elaborare

96 2588 262 2631 volunt.
322 2591 405 2634 Sed
428 2595 556 2635 etiam
580 2595 690 2635 hanc
712 2594 768 2634 ob
791 2606 959 2633 causam
986 2589 1097 2630 istud
1120 2588 1190 2628 hic
1212 2599 1516 2635 commem0m,
1540 2594 1589 2625 ut

95 2658 147 2686 eo
168 2647 338 2690 facilius
360 2660 403 2690 et
424 2665 502 2692 nos
524 2652 691 2692 veniam
715 2659 989 2706 peccatorum
1013 2655 1253 2687 nostrorum
1276 2655 1586 2704 conseqqamqr

94 2715 120 2742 a
151 2702 290 2745 doctis
323 2705 584 2759 hominibuS,
615 2722 713 2750 eum
746 2707 955 2762 cogitent,
986 2718 1085 2745 eum
1114 2701 1244 2742 etiam
1275 2699 1414 2741 virum
1446 2712 1490 2738 in
1520 2697 1587 2738 his

133 2819 148 2834 ⁸
167 2815 241 2847 Vid·
267 2827 297 2847 v.
323 2830 351 2850 c.
380 2830 456 2858 ara,
487 2823 672 2857 herciscere,
699 2821 819 2860 impla·
903 2818 917 2838 ὓ
939 2816 1011 2847 vid.
1037 2826 1067 2846 v.
1093 2826 1121 2845 c.
1147 2814 1291 2847 educere,
1317 2810 1453 2852 efficere,
1481 2819 1586 2840 conco-

91 2855 196 2894 mium,
230 2863 436 2899 comem-atio,
471 2864 653 2899 inscientia,
687 2867 819 2893 senatus
860 2869 968 2902 quere,
984 2862 1094 2895 honor,
1110 2855 1257 2888 decedere
1271 2856 1326 2895 osc.
1587 2863 1591 2866 ·

92 2900 284 2939 auctoritas,
299 2903 679 2946 imperiuna‚jurisdictio
692 2904 746 2945 33-0.
763 2904 818 2945 (ξϊ.

803 2953 880 2988 1³4
