1800 3131
121 108 207 147 264

123 213 190 237 ma.
219 202 290 234 Att.
311 202 355 233 ix.
374 204 424 234 18.
454 199 498 232 ad
519 201 635 232 omnia
651 200 856 237 descendere,

124 252 178 278 est
198 247 289 279 omni
313 247 344 277 vi
368 250 402 276 et
425 244 607 277 acerbitate
631 244 694 274 uti.
723 244 765 274 ad
780 244 856 274 Div.

124 292 194 322 viii.
210 295 241 323 8.
273 290 413 321 alteram
429 289 471 320 ad
488 288 716 320 conditionem
731 288 857 318 descen-

125 335 202 366 dere
223 335 296 365 vult
319 334 441 364 Caesar.
469 331 590 363 *Vena
615 332 648 362 ii.
665 333 719 366 72.
749 331 859 372 placet

127 379 211 410 mihi
234 379 300 408 ista
313 377 480 408 defensio:
505 376 666 407 descendo.
696 374 751 405 ich
773 374 858 405 lasse

128 422 220 455 mich
237 421 356 453 darauf
368 421 434 451 ein.

142 486 145 488 -
172 465 331 498 Descisco.
353 464 423 495 fin.
436 464 483 495 iii.
498 466 548 494 18.
566 462 735 493 desciscere
747 461 858 498 avita,

126 511 149 543 i.
161 520 192 540 e.
205 511 352 550 seipsum
364 509 565 538 interficere.
587 505 687 536 Tusc.
700 504 747 534 iii.
760 506 790 535 2.
807 504 860 534 de-

128 555 260 586 sciscere
287 563 307 583 a
332 555 463 582 natura.
496 549 597 580 Acad.
622 549 664 578 iv.
693 551 743 578 15.
781 557 859 578 cum

129 598 295 637 captiosas
312 594 590 634 interrogationes
605 592 781 622 dissolvere
793 600 861 621 non

129 646 284 684 possunt,
300 640 475 670 desciscunt
491 648 511 667 a
526 636 678 666 veritate.

174 684 378 720 Describere,
410 681 568 716 dividere,
599 679 796 709 distribuere
826 679 861 707 in

130 732 253 769 partes.
283 726 361 765 Agr.
382 727 414 755 ii.
432 727 483 758 ⁶29.
515 724 550 754 in
568 724 690 761 jugera
709 722 794 752 dena
808 722 862 752 de-

127 773 259 803 scribat.
285 769 368 800 Pnil.
382 769 452 798 xiii.
465 771 495 798 5.
511 767 676 797 describite
691 765 775 796 illud
788 775 862 805 sep-

129 815 196 845 ties
214 813 333 844 millies
350 813 408 842 ita.
433 811 568 841 Cluent.
584 812 637 841 32.
662 819 729 839 non
745 808 862 839 Archi-

129 858 243 888 medes
259 857 371 896 potuit
387 854 506 885 melius
522 854 707 884 describere.
731 852 773 882 ad
785 853 862 882 Div.

129 902 194 931 xvi.
215 904 262 931 ll.
294 900 399 929 Italiae
419 899 572 938 regiones
588 898 752 937 descripioe
768 900 862 933 sunt,

130 955 230 984 quani
243 945 382 983 quisque
394 949 524 983 purtem
537 946 701 971 tueretur.
717 940 760 969 cf.
770 939 863 969 Vcrr.

130 990 151 1019 i.
173 991 222 1018 14.
241 992 300 1018 oze.
317 988 423 1016 Graev.
442 985 484 1015 ad
499 986 618 1015 Caton.
639 987 688 1018 17.
703 983 776 1014 Att.
792 984 814 1013 i.
832 985 862 1014 2.

130 1032 211 1071 Leg.
229 1031 275 1061 iii.
296 1034 344 1065 19.
374 1029 516 1070 populus
539 1029 719 1068 descripffus
740 1027 864 1057 ordini-

131 1076 204 1113 bus,
229 1084 331 1105 censu
362 1076 421 1103 &c.
460 1072 534 1102 add.
559 1072 674 1102 Burin.
698 1071 741 1101 ad
770 1073 864 1101 Suet.

128 1118 202 1149 Tib.
225 1122 281 1149 30.
321 1116 531 1148 *Dialectici
562 1116 721 1146 dicuntur
746 1115 864 1145 descri—

131 1164 214 1200 bere,
233 1172 310 1192 cum
324 1161 448 1191 formas
463 1167 497 1190 et
513 1169 637 1199 genera
658 1168 770 1189 rerum
787 1168 865 1188 con-

131 1207 300 1237 stituunt:
323 1206 406 1235 item
422 1205 457 1234 in
473 1204 668 1243 partitione.
713 1203 766 1232 Sic
782 1202 863 1233 Rab.

131 1251 221 1281 Post.
237 1252 286 1280 15.
310 1249 485 1288 descripta,
497 1250 716 1287 opponuntur
731 1247 864 1276 univer-

127 1294 186 1325 sis.
225 1293 284 1324 Or.
311 1293 345 1322 ii.
373 1295 427 1323 33.
465 1292 628 1331 descripta
654 1290 864 1329 generatim3

130 1347 191 1377 pro
207 1347 272 1376 quo
289 1346 385 1366 mox:
417 1336 452 1365 in
477 1340 568 1364 certa
591 1343 715 1373 genera
737 1338 864 1363 coacta.

131 1381 212 1412 ibid.
236 1384 275 1410 ut
298 1389 371 1419 quae
394 1379 463 1409 sint
485 1379 520 1408 in
538 1379 629 1415 jure,
645 1377 697 1407 vel
721 1382 797 1417 apte
812 1377 866 1406 de-

129 1425 281 1461 scribere,
308 1423 361 1453 vel
390 1426 506 1452 ornate
537 1422 719 1458 illustrare,
750 1421 865 1460 possit.

132 1468 212 1499 ibid.
237 1471 290 1502 71.
328 1467 364 1497 in
394 1466 505 1496 multa
531 1475 655 1505 genera
680 1465 866 1495 describere.

130 1511 150 1530 ἕ
162 1512 203 1542 ab
219 1511 282 1541 hac
298 1510 463 1541 dividendi
486 1509 730 1548 significatione
748 1508 866 1540 multae

133 1555 288 1587 formulae
327 1554 459 1584 dicendi
489 1553 672 1590 ducuntur,
702 1562 783 1591 quas
818 1552 868 1581 ita

132 1599 239 1640 possis
266 1597 492 1638 interpretari,
517 1602 556 1626 ut
580 1596 674 1626 nulla
696 1595 866 1625 divisionis

132 1643 262 1673 mentio
279 1642 357 1672 fiat:
382 1641 440 1671 sed
455 1650 587 1680 semper
606 1640 648 1669 ad
670 1640 866 1670 divisionem

131 1685 281 1725 aliquam
296 1685 484 1725 respicitur.
514 1684 567 1714 Sic
582 1684 676 1714 Verr.
687 1693 718 1713 v.
733 1685 785 1714 25.
813 1683 868 1713 de-

133 1731 273 1760 scribere
309 1728 499 1759 civitatibus
533 1737 680 1758 summas
710 1727 868 1767 pecunia-

133 1783 223 1806 rum.
255 1772 297 1802 ad
320 1772 396 1803 Div.
415 1772 472 1802 xii.
491 1775 518 1802 1.
546 1772 698 1811 pecuniae
723 1771 868 1800 maxime

132 1817 371 1848 deseribuntur.
388 1815 430 1846 ad
444 1815 485 1855 Q.
498 1815 550 1845 Fr.
560 1816 582 1845 i.
594 1818 621 1845 1.
638 1825 666 1843 c.
680 1818 707 1844 l.
724 1813 870 1853 vectigal

131 1861 318 1891 describere.
365 1859 406 1890 In
429 1859 548 1898 quibus
575 1858 730 1888 omnibus
753 1858 870 1888 descri-

133 1905 206 1935 bere
228 1903 387 1944 explicari
409 1909 521 1942 potest
543 1903 720 1942 imperare,
743 1901 814 1939 secl,
830 1904 871 1931 ut

134 1947 318 1986 intelligas,
342 1947 547 1987 imperatum
578 1955 649 1976 esse
679 1946 740 1983 ita,
764 1950 804 1975 ut
826 1945 871 1974 sit

135 1992 362 2022 constitutum
393 1989 514 2026 simul,
531 1994 698 2028 quantum
729 1998 870 2028 quaeque

135 2035 252 2065 civitas
277 2035 381 2064 daret.
411 2033 521 2064 simile
548 2036 611 2070 est,
636 2032 724 2072 quod
747 2032 872 2062 dicitur

160 2089 196 2109 ro
234 2078 378 2108 dividere
415 2076 602 2116 largiendo,
634 2077 717 2106 item
745 2075 870 2115 largiri.

134 2089 230 2152 gerru
247 2123 292 2152 iii.
309 2123 362 2156 92.
395 2121 459 2151 Off.
475 2121 497 2150 i.
515 2123 567 2151 34.
592 2121 671 2159 jura
685 2120 871 2150 describere.

136 2164 230 2196 Verr-
255 2175 286 2195 v.
317 2168 368 2196 ll.
399 2165 576 2195 describere
593 2165 674 2203 jura
699 2163 870 2202 aequitate.

138 2209 222 2248 Leg.
239 2209 273 2239 ii.
289 2211 320 2240 5.
338 2209 418 2248 jura
431 2213 511 2238 sunt
526 2208 614 2237 varie
630 2211 665 2237 ct
680 2207 723 2236 ad
737 2211 871 2246 tempus

138 2253 299 2292 descripla
315 2251 442 2292 populi.
465 2252 530 2282 Off.
544 2252 569 2281 i.
587 2251 636 2281 16.
666 2260 740 2289 quae
755 2251 872 2280 descri-

133 2301 197 2336 pta
212 2301 293 2326 sunt
306 2295 436 2335 legibus
459 2300 495 2325 et
509 2296 587 2334 jure
612 2294 713 2332 civili,
729 2293 801 2323 haec
824 2295 873 2324 ita

138 2344 334 2376 teneantur,
346 2343 384 2369 ut
397 2339 441 2369 sit
453 2339 690 2368 constitutum.
714 2338 805 2368 Sext.
817 2339 871 2369 49.

138 2383 291 2413 nondum
309 2383 465 2422 descripto
481 2383 559 2421 jure
584 2381 683 2411 civili.
711 2381 813 2411 Acad.
829 2382 872 2411 iv.

138 2427 192 2457 36.
223 2427 332 2456 officia
357 2426 542 2456 describere.
585 2425 671 2455 dura.
698 2425 874 2455 describere

139 2470 229 2500 idem
249 2474 312 2507 est,
329 2469 419 2508 quod
435 2470 515 2509 jura
537 2468 627 2506 darc,
644 2468 871 2506 constitum-‘33

137 2513 197 2544 sed
218 2521 396 2553 propterea
410 2513 491 2551 jura
513 2512 687 2542 describere
712 2522 772 2552 pro
795 2512 873 2542 dare

139 2556 276 2594 dicitur,
304 2557 382 2595 qnia
406 2556 441 2586 in
461 2556 593 2595 Juribus
618 2555 735 2586 dandis
759 2555 872 2586 discri-

139 2609 218 2630 men
256 2603 408 2630 servatur
443 2599 613 2636 ordinum,
643 2603 784 2629 aetatum
814 2600 874 2630 &m

140 2653 344 2682 quamquam
368 2643 402 2672 in
426 2642 596 2673 nonnullis
612 2642 732 2672 harum
748 2642 874 2672 formu-

139 2686 248 2717 larum
273 2687 374 2716 etiam
399 2686 516 2725 respici
534 2687 646 2726 potuit
661 2686 702 2716 ad
718 2686 810 2716 illam
828 2686 874 2716 al-

139 2734 247 2761 teram
264 2730 561 2769 significationem,
575 2740 640 2768 qua
653 2739 719 2769 -pro
736 2729 874 2760 definire

140 2773 277 2804 dicitur.
308 2773 401 2803 Verr.
423 2773 456 2802 ii.
482 2776 534 2804 53.
565 2773 773 2803 describebat
797 2783 875 2803 cen-

138 2827 228 2847 sores
244 2817 338 2847 binos
363 2816 397 2846 in
421 2816 570 2854 singulas
594 2817 768 2846 civitates:
793 2816 826 2847 h.
843 2827 873 2847 e.

137 2860 295 2898 faciebat,
312 2860 460 2896 creabat,
476 2865 515 2888 ut
536 2859 653 2889 eodem
677 2861 786 2899 capite
803 2866 872 2891 est:

136 2904 198 2937 sed
211 2903 387 2936 describere
402 2907 454 2935 est
471 2912 531 2943 pro
554 2902 678 2942 facere,
695 2904 774 2946 quia
796 2913 873 2935 cen-

603 111 750 140 INDEX
780 111 881 140 LAT!
888 113 916 140 N
923 111 1078 140 1TAT18.

897 211 986 232 sores
1005 207 1099 232 cxxx
1114 197 1196 230 facti
1210 200 1292 229 sunt
1307 194 1351 239 (c.
1367 197 1434 239 55.)
1453 200 1515 239 ita,
1525 202 1566 231 ut
1579 203 1634 232 to·

897 248 953 275 tus
977 244 1033 274 ille
1057 252 1218 274 numerus
1241 252 1418 274 censorum
1441 242 1635 281 civitatibuz'

899 288 1169 325 distribueretur,
1184 290 1219 316 et
1237 287 1379 325 singulae
1395 287 1488 318 binos
1503 288 1636 329 accipe-

899 338 986 362 rent.
1025 331 1231 362 *describere
1257 335 1309 360 est
1338 331 1447 364 etiam,
1472 331 1634 362 definire:

901 375 1003 412 unde,
1025 374 1066 404 de
1093 385 1159 414 quo
1187 374 1325 404 definire
1353 375 1418 404 <lici
1444 378 1569 414 potest,
1591 375 1635 406 de

900 418 1017 448 eodem
1040 418 1143 448 etiam
1166 418 1342 449 describere
1364 418 1498 448 dicitur.
1529 418 1587 449 Or.
1611 418 1637 449 i.

900 464 954 496 49.
994 461 1168 492 describere
1194 462 1317 492 finibus
1344 461 1470 501 ingenii
1495 461 1547 492 sui
1572 461 1636 492 &c.

901 505 1105 535 *describere
1135 505 1295 536 dicuntur
1321 507 1422 536 etiam
1448 505 1640 537 mathema-z

900 548 974 585 tici,
991 558 1069 578 cum
1091 549 1214 578 formas
1239 549 1457 588 geometricas
1472 548 1637 579 scribunt.

903 591 988 621 Cato
1015 594 1064 622 14.
1100 592 1305 623 *describere
1333 593 1479 631 aliquem
1503 592 1640 630 dicunt,

903 636 960 674 qui
976 645 1054 665 eum
1069 635 1203 674 quidem
1219 646 1287 666 non
1303 637 1493 673 nominant,
1507 635 1567 666 sed
1589 635 1639 666 ita

903 679 943 708 de
960 689 999 708 eo
1023 678 1219 718 loquuntur,
1233 686 1275 710 ut
1287 679 1385 710 facile
1403 679 1547 719 intelligi
1563 688 1638 719 pos·

903 723 959 759 sit,
976 722 1015 752 de
1032 733 1098 761 quo
1113 732 1222 752 sermo
1237 724 1292 753 sit.
1324 723 1412 753 unde
1428 733 1488 763 pro
1507 723 1637 763 signifi·

904 776 979 796 care
996 767 1171 806 reperitur.
1202 766 1236 796 in
1261 776 1327 805 qua
1349 766 1478 796 ratione
1502 765 1638 796 dicendi

903 820 991 849 saepe
1022 810 1150 840 accedit
1177 810 1244 840 ista
1267 810 1330 847 vis,
1355 813 1394 840 ut
1423 809 1638 840 contumeliae

905 864 1005 884 causa
1019 854 1053 884 id
1070 855 1140 883 fieri
1157 854 1329 884 innuatur.
1353 853 1395 883 ad
1407 853 1474 893 Qu.
1487 853 1539 883 Fr.
1557 853 1591 883 ii.
1607 855 1640 883 3.

906 897 1062 928 Crassum
1086 898 1260 937 descripsit.
1296 897 1370 927 Mil.
1399 899 1448 928 18.
1482 896 1641 937 videlicet

905 941 954 971 illi
970 951 1024 971 me
1041 940 1208 971 latronem
1224 941 1453 972 describebant.
1483 939 1567 970 Sull.
1581 941 1640 974 29.

906 985 985 1034 quia
1013 988 1095 1015 sunt.
1123 985 1274 1024 descripti
1304 983 1514 1015 consulares:
1548 983 1583 1013 h.
1605 993 1638 1014 e.

906 1029 946 1057 ab
963 1033 1155 1058 accusatore
1170 1029 1319 1058 oratione
1332 1028 1509 1067 designati.
1529 1027 1646 1057 Pison.v

906 1074 959 1103 28.
996 1082 1063 1101 non
1086 1071 1278 1102 mehercule
1302 1071 1516 1102 contumeliae
1539 1080 1642 1101 causa

906 1116 1086 1146 describam
1103 1125 1318 1154 quemquam,
1334 1115 1521 1156 praesertim
1544 1115 1645 1154 inge-⁴.

906 1160 1037 1189 niosum
1057 1162 1117 1189 &a
1150 1159 1233 1189 Phil.
1248 1160 1283 1189 ii.
1298 1162 1350 1190 44.
1383 1159 1448 1188 ista
1464 1164 1526 1189 tua
1540 1158 1642 1188 mini-

906 1213 960 1232 me
977 1213 1075 1233 avara
1089 1203 1224 1241 conjux,
1241 1213 1340 1242 quam
1356 1212 1417 1241 ego
1432 1202 1504 1232 sine
1520 1206 1642 1232 contu-

906 1246 1007 1277 melia
1019 1247 1166 1277 describo.
1188 1257 1249 1286 pro
1265 1249 1418 1276 accurate
1430 1245 1595 1286 explicare
1607 1247 1643 1275 et

906 1301 1072 1330 exponere
1095 1296 1146 1320 est
1168 1290 1209 1320 ad
1231 1291 1308 1321 Div.
1332 1290 1399 1319 viii.
1423 1293 1453 1320 8.
1491 1298 1565 1328 quae
1588 1296 1640 1319 res

907 1344 1007 1373 quain
1030 1334 1247 1364 vehementer
1269 1334 1312 1364 ad
1335 1343 1387 1364 me
1411 1333 1589 1374 pertineat,
1605 1333 1641 1362 in

906 1377 1216 1418 literis—descripsi.

950 1421 1147 1462 Descriytrg'o,
1161 1421 1367 1458 distributio,
1379 1421 1475 1451 Offic.
1491 1420 1513 1450 i.
1527 1423 1558 1454 7.
1575 1419 1643 1460 pri-

907 1469 1057 1496 vatarum
1073 1465 1317 1505 possessionum
1329 1465 1507 1504 descriptio.
1523 1462 1640 1494 flacc.

911 1513 961 1540 14.
980 1510 1014 1539 in
1031 1510 1237 1548 descriptione
1247 1508 1402 1548 aequabili
1415 1511 1557 1538 sumtus.
1574 1507 1640 1538 Off.

908 1553 928 1583 i.
949 1555 1001 1587 27.
1034 1559 1085 1583 est
1109 1553 1219 1583 decori
1243 1553 1410 1592 descriptio
1436 1551 1577 1591 duplex:
1609 1549 1644 1581 h.

908 1606 936 1627 e.
954 1597 989 1626 in
1007 1597 1088 1627 duas
1104 1597 1227 1626 formas
1244 1595 1466 1626 distribuitur.
1493 1594 1523 1625 T
1524 1604 1594 1625 use.
1610 1604 1642 1625 v.

908 1642 961 1672 24.
991 1641 1157 1680 descripsio
1179 1640 1442 1680 expetendarum
1467 1637 1645 1678 fugienda-

908 1693 1024 1714 rumve
1048 1693 1173 1714 rerum.
1204 1683 1329 1720 *or-do,
1353 1683 1409 1721 qui
1431 1692 1478 1712 sc.
1501 1682 1542 1712 ab
1565 1685 1645 1721 apta

909 1728 1143 1757 distributione
1161 1737 1270 1757 rerum
1287 1731 1322 1756 et
1339 1726 1486 1766 partium
1500 1725 1643 1766 pendet:

910 1771 963 1801 die
987 1771 1214 1810 Einrichtung
1236 1770 1306 1801 und
1334 1769 1509 1808 Ordnung.
1540 1769 1605 1799 Off.
1621 1769 1645 1799 i.

909 1818 963 1850 39.
994 1815 1183 1845 aedificandi
1199 1815 1377 1853 descrz'ptio.
1402 1814 1462 1843 Ore
1477 1813 1511 1842 ii.
1527 1817 1560 1846 9.
1585 1815 1646 1842 aut

909 1860 937 1889 si
952 1859 1006 1888 via
1022 1858 1093 1888 ulla
1115 1857 1522 1897 traditur—descriptionis
1544 1859 1654 1895 atque.

910 1902 1047 1933 ordinis.
1078 1902 1173 1932 Cato.
1199 1905 1250 1935 17.
1281 1902 1372 1940 atqui
1397 1909 1459 1939 ego
1482 1901 1548 1930 ista
1569 1909 1644 1930 sum

911 1946 1095 1984 dimensus,
1123 1945 1189 1975 mei
1216 1949 1297 1975 sunt
1321 1944 1468 1981 ordines,
1490 1952 1567 1974 mea
1591 1943 1659 1973 de-‘

909 1990 1039 2030 scriptio
1049 2001 1058 2018 .·
1083 1989 1201 2019 multae
1217 1989 1321 2019 etiam
1335 1988 1477 2018 istarum
1489 1987 1647 2017 arborum

912 2043 988 2063 mea
1003 2040 1105 2062 manu
1121 2036 1203 2062 sunt
1218 2037 1311 2062 satae.
1342 2032 1433 2062 Sext.
1451 2031 1504 2062 65.
1529 2031 1647 2061 descri-

906 2079 977 2117 ptio
1002 2076 1158 2107 civitatis·
1187 2075 1270 2116 Leg.
1295 2076 1342 2106 iii.
1368 2077 1399 2107 2.
1432 2074 1645 2113 magistratu-

912 2130 972 2151 um
994 2120 1201 2160 descriptione
1226 2119 1334 2150 omnis
1358 2119 1439 2158 reip.
1465 2117 1650 2148 moderatio

913 2164 1117 2194 continetur.
1142 2163 1244 2193 Aead.
1263 2164 1285 2193 i.
1303 2163 1334 2193 6.
1363 2162 1531 2201 descriptio
1547 2165 1651 2192 natu-

917 2218 975 2245 rae,
992 2208 1073 2239 item
1097 2207 1189 2237 artis.
1220 2206 1418 2245 *descriptio
1441 2206 1544 2235 etiam
1569 2204 1652 2235 dici-

911 2257 985 2289 tur,
993 2251 1109 2281 eodem
1123 2250 1233 2288 modo,
1245 2254 1285 2280 ut
1296 2250 1487 2288 descriptus,
1498 2258 1575 2289 eum
1589 2247 1649 2278 ho-

914 2296 1022 2325 mines
1046 2295 1280 2325 centuriantur
1303 2300 1338 2323 et
1361 2293 1591 2330 decuriantur,
1607 2291 1649 2321 de

914 2339 1033 2378 quibus
1042 2348 1101 2368 suo
1111 2337 1183 2368 loco
1192 2337 1320 2367 dictum
1331 2339 1391 2366 est.
1404 2336 1517 2366 Plane.
1531 2338 1579 2365 18.
1592 2335 1650 2364 de-

915 2382 1056 2412 curiatio
1065 2381 1254 2418 tribulium,
1263 2381 1432 2420 descriptio
1444 2378 1572 2419 populi,
1581 2377 1650 2408 suf—

913 2426 1022 2465 fragia
1044 2426 1220 2464 largitione
1243 2424 1409 2454 devincta.
1441 2423 1510 2452 *de
1533 2422 1649 2452 formis

915 2473 1179 2509 geometrarum,
1203 2471 1243 2498 ut
1267 2467 1454 2498 describere.
1502 2465 1603 2495 Tusc.
1627 2465 1650 2495 i.

920 2517 968 2547 17.
1001 2513 1064 2543 nisi
1088 2512 1168 2552 quid
1190 2517 1263 2541 erat
1285 2511 1434 2541 numeris
1456 2516 1517 2540 aut
1531 2509 1651 2539 descri-

910 2558 1075 2597 ptionibus
1090 2554 1336 2596 explicandum.

959 2599 1166 2640 Descripta&
1182 2599 1319 2635 divisus,
1342 2597 1384 2627 ad
1406 2600 1514 2627 certas
1536 2599 1649 2635 partes

916 2647 976 2673 aut
992 2643 1111 2673 classes
1126 2642 1293 2678 redactus,
1307 2641 1524 2671 constitutus.
1549 2639 1663 2672 Catil„

917 2688 950 2717 ii.
967 2688 997 2718 6.
1030 2685 1311 2726 quemadmodum
1328 2685 1359 2714 ei
1382 2688 1470 2714 esset
1491 2683 1577 2713 ratio
1599 2687 1652 2712 to-

915 2732 984 2761 tius
1000 2730 1077 2760 belli
1092 2730 1262 2768 descripta.
1288 2728 1359 2758 Att.
1376 2727 1440 2758 xvi.
1459 2730 1490 2758 5.
1518 2727 1557 2756 o!
1581 2726 1652 2756 dies

915 2774 1068 2814 ——lepide
1098 2774 1268 2812 descriptos
1305 2772 1365 2802 &c.
1405 2781 1434 2800 v.
1465 2770 1650 2801 describere.

918 2818 1066 2847 *voi-diue
1081 2816 1202 2846 sactus.
1232 2815 1303 2845 Fin.
1320 2815 1368 2844 iii.
1383 2816 1437 2846 22.
1463 2818 1586 2844 natura
1601 2813 1652 2842 xri-

917 2861 966 2891 hi1
988 2867 1041 2891 est
1063 2860 1188 2899 aptius,
1209 2858 1295 2889 nihil
1316 2859 1516 2898 descriptius.
1560 2856 1653 2887 Hinc

918 2906 976 2936 Or.
1003 2908 1054 2943 59.
1084 2904 1264 2946 descriptus
1285 2902 1366 2933 ordo
1388 2901 1566 2932 verborum
1586 2903 1654 2937 θεὶς
