1790 3219
132 72 216 110 424

141 168 220 208 quia
251 169 410 208 praetores
437 167 555 198 sedent
579 167 613 198 in
639 170 719 200 sellu
745 170 866 208 curuli,

143 211 252 251 posita
267 211 302 241 in
319 210 490 242 tribunali.
513 211 606 242 Verr.
624 212 657 242 ii.
675 215 726 244 38.
751 213 797 244 iii.
816 217 867 248 59.

141 255 274 286 Verrin.
288 254 310 285 i.
327 256 380 286 46.
403 254 422 273 *ι
439 255 531 285 sedes
549 256 712 296 magistri.
737 256 779 286 ad
794 258 869 288 Div.

145 299 190 329 ix.
206 301 255 331 18.
279 300 358 329 sella
375 298 435 329 tibi
450 300 512 330 erit
525 299 560 330 in
583 299 676 336 ludo,
696 304 868 340 tamquam

145 341 416 383 hypodidascalo,
441 343 601 382 proxima.
625 343 644 362 ¹*
659 344 751 374 sedes
774 345 870 384 opifi-

144 396 234 416 cum.
261 385 360 416 Catil.
376 385 417 416 iv.
435 389 465 417 8.
491 387 545 426 qui
564 396 630 418 non
647 387 757 427 ipsum
774 387 869 418 illum

141 431 228 461 selloe
242 434 342 469 atque
357 430 465 470 operis
481 438 516 460 et
532 435 679 470 quaestus
706 431 871 471 quotidia-

144 473 179 504 ni
196 473 306 504 locum
322 473 449 505 salvum
466 474 581 505 velint.

189 516 424 548 Seminarium.
450 517 514 548 Pis.
532 521 584 548 40.
611 517 808 548 Macedonia
823 517 872 548 di—

147 562 256 592 citur:
280 561 529 601 triumphorum
545 561 618 591 fons
646 566 680 590 et
700 562 872 591 seminari-

146 615 215 636 um.
510 629 512 631 -

191 648 391 685 Seminator,
414 650 540 678 auctor.
565 647 646 678 Nat.
673 647 716 677 D.
745 648 793 678 iii.
817 649 870 680 26.

147 702 259 723 versus
275 693 450 723 seminator
463 692 614 721 omnium
630 691 806 722 malorum.

190 735 305 772 Semis,
330 735 486 765 dimidius
514 745 559 764 as.
585 735 666 764 item
685 735 724 764 de
751 744 872 774 genere

145 789 335 815 usurarum,
351 788 424 817 quae
447 779 589 809 semisses
605 778 777 816 dicuntur,
794 789 872 810 cum

145 835 191 854 sc.
208 833 266 864 pro
290 821 439 852 centenis
455 822 581 852 assibus
597 822 738 852 solvitur
762 833 872 853 usurae

144 867 217 898 loco
254 865 392 905 singulis
430 866 599 896 mensibus
636 866 793 896 dimidius
823 877 871 904 as,

148 911 294 949 adeoque
308 910 342 939 in
359 918 484 939 annum
502 910 573 939 seni
587 919 646 950 pro
658 910 819 939 centenis.
832 911 873 940 ad

147 955 223 985 Div.
242 964 271 983 v.
288 954 318 983 6.
332 953 469 983 omnino
484 954 667 984 semissibus
683 963 807 993 magna
818 964 873 984 co-

146 999 202 1038 pia
217 1005 278 1027 est.
294 1007 325 1026 v.
345 996 446 1027 Gron.
463 997 601 1027 Sestert.
620 997 662 1027 iv.
684 1001 732 1028 ll.
748 1008 780 1038 p.
797 1000 872 1028 331.

147 1042 206 1072 &c.

189 1085 378 1121 Semzmda,
394 1083 533 1115 dimidia
548 1084 658 1115 uncia.
673 1094 703 1115 ν.
716 1094 763 1115 aS.
779 1085 873 1115 Verr.

144 1129 186 1160 iv.
205 1132 256 1160 23.
281 1130 446 1160 semuncia
463 1129 545 1159 auri.

188 1172 341 1203 Senatus.
366 1172 409 1201 ad
424 1172 500 1202 Div.
517 1183 547 1201 v.
565 1174 596 1203 2.
618 1173 722 1202 senati
737 1171 872 1202 consul-

143 1221 230 1248 tum.
248 1217 283 1247 in
301 1215 413 1246 Caecil.
430 1218 460 1247 5.
484 1216 572 1255 quod
588 1216 751 1246 beneficio
766 1217 873 1246 senati

138 1261 224 1301 juris
241 1260 342 1290 habui
368 1259 427 1289 ἃς.
457 1259 601 1299 Harusp.
624 1260 664 1290 R.
694 1263 718 1290 1.
742 1265 873 1291 senatus

144 1305 256 1341 datus,
279 1303 415 1340 dieitur,
432 1313 509 1333 cum
527 1304 660 1342 aliquis,
681 1314 711 1334 v.
727 1313 756 1333 c.
784 1304 873 1342 lega-

143 1353 213 1386 tus,
228 1348 393 1387 haruspex
413 1347 472 1376 &c.
497 1347 532 1377 in
551 1351 705 1377 senatum
723 1346 872 1378 admitti-

141 1396 213 1428 tur,
225 1390 412 1432 exponendi
427 1400 540 1427 causa,
553 1400 627 1429 quae
640 1390 731 1421 velit.

188 1435 305 1471 Senex,
323 1439 488 1471 maturus,
504 1434 618 1464 virilis.
643 1434 738 1465 Brut.
753 1436 807 1465 43.
824 1445 872 1465 se-

142 1481 215 1510 nior
227 1479 346 1516 oratio,
359 1487 459 1518 quam
474 1477 530 1507 illa
542 1486 623 1508 aetas
631 1478 770 1508 ferebat.
787 1478 872 1508 *an-

142 1523 269 1562 tiquus.
297 1522 380 1561 Leg.
397 1522 431 1552 ii.
446 1524 477 1552 4.
501 1521 572 1551 haec
600 1521 647 1551 vis
676 1527 728 1552 est
752 1523 871 1558 senior,

144 1576 244 1606 quam
276 1572 358 1596 aetas
388 1564 600 1605 populorum.
644 1565 663 1583 Ψ
676 1565 716 1595 de
746 1566 873 1596 senibus

145 1608 421 1640 coemtionalibns
437 1612 472 1639 et
488 1608 530 1638 ad
539 1610 756 1646 co‘e'mtiones,
771 1619 872 1650 supra

147 1654 273 1684 dictum
292 1656 354 1683 est.

190 1695 514 1735 Sensus-‚judicium
539 1696 579 1726 ad
602 1696 733 1727 Divers.
750 1697 793 1727 xi.
822 1700 871 1727 10.

145 1751 165 1771 a
177 1746 267 1771 certo
283 1750 376 1771 sensu
392 1745 427 1770 et
443 1748 519 1770 vero
528 1740 692 1779 judicare.
709 1740 789 1770 ibid.
802 1741 822 1771 i.
839 1745 870 1775 9.

145 1785 204 1815 sed
220 1785 321 1814 etiam
338 1794 431 1814 sensu
442 1783 514 1822 jam
542 1783 731 1823 tabellaque
750 1784 869 1814 docue-

142 1832 235 1859 runt.
260 1827 324 1858 vid.
342 1828 443 1857 Gron.
472 1827 551 1858 Obs.
582 1828 603 1857 i.
628 1830 658 1858 4.
684 1838 715 1868 p.
741 1830 816 1862 239.
836 1835 871 1858 et

144 1877 215 1903 not.
239 1871 257 1890 ²*
270 1881 380 1902 sensus
397 1871 436 1901 de
454 1871 583 1911 republ.
605 1872 773 1910 significat
798 1882 872 1911 par-

143 1918 207 1953 tes,
230 1915 282 1946 vel
304 1915 534 1956 optimatium,
564 1915 617 1945 vel
648 1915 870 1955 popularium.

144 1959 186 1990 ad
201 1959 277 1990 Div.
295 1959 315 1989 i.
332 1962 363 1990 8.
387 1968 486 1998 quam
504 1959 548 1989 sit
571 1959 717 1997 difficile,
734 1969 871 1990 sensum

146 2004 182 2033 in
194 2002 322 2043 republ.
339 2002 516 2042 deponere.
535 2003 578 2033 ib.
591 2003 647 2032 xii.
663 2006 710 2034 15.
733 2001 873 2034 sensibus

149 2047 183 2077 in
195 2046 579 2087 rep.conjunctissimus.
603 2046 753 2076 Marcell.
767 2047 797 2077 6.
815 2057 873 2077 no-

148 2090 208 2120 stri
237 2097 346 2121 sensus
369 2090 610 2129 congruebant.
646 2090 779 2121 *D0m.
818 2092 871 2122 36.

145 2143 358 2164 communem
377 2140 507 2164 naturae
531 2143 659 2164 sensum
686 2134 873 2174 repudiare.

146 2177 266 2212 Sensus
289 2178 477 2208 communis
498 2178 690 2208 continetur
716 2178 745 2217 l)
765 2179 874 2209 notio-

146 2222 242 2258 nibus
259 2222 380 2258 insitis‚
392 2226 427 2251 et
443 2220 588 2252 naturali
600 2221 762 2252 facultate
774 2222 875 2252 intel-

149 2265 288 2305 ligendi,
309 2265 499 2304 judicandi,
526 2265 762 2303 ratiocinandi,
791 2266 873 2296 recti

148 2314 184 2339 et
216 2309 294 2347 boni
327 2309 547 2347 cognoscendi
577 2311 638 2339 &c.
672 2309 730 2340 Or.
757 2310 804 2340 iii.
822 2313 874 2341 50.

146 2362 262 2383 omnes
283 2353 388 2383 tacito
412 2352 555 2391 quodam
574 2362 680 2391 sensu,
705 2354 776 2383 sine
804 2353 876 2383 ulla

146 2402 231 2435 arte,
259 2401 318 2427 aut
340 2397 481 2433 ratione,
498 2406 572 2435 quae
596 2397 665 2427 sint
688 2397 723 2427 in
747 2397 874 2427 artibus

148 2449 186 2470 ac
214 2438 398 2471 rationibus
429 2443 521 2470 recta
550 2450 588 2469 ac
618 2450 732 2480 prava,
754 2441 876 2480 dijudi-

149 2487 245 2513 cant:
281 2483 378 2522 idque
409 2493 485 2514 cum
511 2483 638 2514 faciunt
669 2485 703 2514 in
734 2485 875 2524 picturis

147 2530 264 2560 -.—-tum
293 2527 400 2563 multo
425 2527 609 2557 ostendunt
624 2529 730 2567 inagis
753 2528 787 2567 in
805 2538 876 2559 ver-

145 2570 278 2607 borum,
292 2580 521 2607 numerorum,
533 2571 852 2611 vocumquejudicio
867 2584 874 2602 ε

149 2613 238 2653 quod
269 2623 310 2648 ea
337 2618 417 2644 sunt
449 2614 482 2644 in
508 2616 742 2645 communibus
773 2616 878 2655 infixa

148 2657 300 2694 sensibus,
339 2666 448 2696 neque
476 2668 590 2695 earum
620 2668 731 2689 rerum
760 2670 876 2698 quem-

150 2710 249 2740 quam
282 2700 434 2738 funditus
451 2706 572 2731 natura
595 2702 701 2733 voluit
722 2713 794 2733 esse
821 2714 877 2737 ex,-

150 2748 291 2784 pertem.
310 2744 426 2774 partit.
444 2747 474 2775 5.
491 2745 604 2786 nativa
617 2746 718 2777 verba
731 2751 812 2777 sunt
823 2757 876 2787 ea,

151 2797 226 2827 quae
254 2787 442 2827 significata
467 2793 547 2818 sunt
576 2799 691 2828 sensu.-
731 2794 876 2831 reperta,

151 2841 226 2871 quae
241 2841 281 2869 cit
299 2830 348 2861 his
374 2831 463 2861 facta
483 2837 542 2861 aut
567 2838 689 2864 novata
710 2834 771 2864 διο.
798 2834 878 2865 hinc

149 2884 210 2915 pro
226 2875 337 2906 indole
353 2874 477 2910 dicitur
499 2885 608 2913 senna
620 2889 631 2907 .·
664 2876 811 2919 Bai-usp.
837 2877 877 2916 R.

643 80 790 109 INDEX
830 81 1125 112 LA'rINlTA'rls.

913 176 944 206 9.
973 181 1083 203 sensus
1108 175 1205 202 terrae
1235 173 1273 212 (s.
1299 169 1498 210 incolarum)
1525 170 1640 202 dome-

913 215 1016 245 stious
1033 225 1071 245 ac
1089 216 1232 246 nativus.
1255 215 1320 245 Sed
1334 217 1368 253 2)
1388 215 1487 245 Dom.
1505 214 1526 246 l.
1541 225 1569 245 c.
1586 219 1655 245 est·

913 269 972 298 pro
993 258 1214 289 humanitatis
1230 269 1269 289 eo
1295 268 1428 298 genere,
1451 269 1516 297 quo
1541 259 1638 289 rebus

915 302 1009 332 malis
1036 312 1286 333 commovemur
1312 309 1345 332 et
1373 303 1538 341 angimur.
1572 302 1638 332 *in

912 346 1062 385 oratione
1079 352 1192 377 autem
1220 352 1253 376 et
1270 352 1400 376 oratore
1424 355 1531 376 sensus
1547 349 1639 384 sunt,

914 399 993 426 curu
1001 387 1051 418 ita
1067 390 1149 420 dicit
1164 395 1287 427 orator,
1303 394 1341 420 ut
1354 390 1423 429 ipse
1450 395 1640 419 commotus

913 430 984 462 esse
1000 432 1165 470 videatur,
1182 438 1216 463 et
1232 434 1357 471 omnia,
1376 433 1475 463 etiam
1504 433 1538 462 in
1562 441 1643 462 nar-

915 475 1026 506 randis
1042 477 1151 514 rebus,
1170 478 1217 507 ita
1241 477 1337 514 dicit,
1355 482 1394 506 ut
1410 477 1477 517 ipse
1494 486 1552 515 pro
1569 485 1640 506 cer-

913 519 970 556 tis,
987 520 1130 558 magnis,
1148 521 1314 560 turpibus,
1331 520 1416 550 laetis
1440 519 1573 557 babere,
1589 524 1638 557 et,

915 567 953 592 ut
970 572 1052 602 opus
1079 569 1190 600 est‚et
1217 574 1269 594 res
1296 569 1388 601 sunt,
1410 564 1550 593 affectus
1567 572 1638 593 esse

915 605 1076 636 videatur.
1100 607 1158 637 Or.
1181 607 1227 637 iii.
1255 610 1307 638 25.
1333 614 1370 637 ut
1387 608 1495 638 oratio
1517 617 1639 644 sensus,

914 652 953 678 ut
978 649 1106 680 dolores
1124 650 1255 680 habeat.
1272 651 1351 680 ibid.
1374 651 1407 681 ii.
1424 654 1476 682 43.
1502 650 1565 680 hoc
1588 650 1640 680 vel

914 693 948 722 in
976 693 1161 733 principiis,
1187 693 1239 724 vel
1266 694 1299 723 in
1325 704 1359 724 re
1384 694 1561 731 narranda,
1588 693 1642 724 vel

915 737 1099 776 peroranda
1112 741 1243 768 tantam
1257 736 1357 767 habet
1367 738 1484 774 vim,si
1497 742 1548 767 est
1563 746 1640 768 sua-

914 780 999 810 viter
1014 785 1049 811 et
1065 791 1141 811 cum
1157 791 1251 812 sensu
1267 784 1464 816 tractatum,
1490 786 1530 811 ut
1551 790 1639 821 saepe

915 823 988 863 plus
1005 834 1105 863 quam
1122 835 1220 854 causa
1242 824 1362 854 valeat.
1407 823 1558 854 Tantum
1581 834 1640 854 au-

913 872 982 897 tem
1015 868 1159 898 efficitur
1187 879 1281 898 sensu
1305 867 1450 907 quodam
1477 868 1537 898 διε.
1568 867 1640 898 liaec

914 911 954 941 ab
988 912 1059 952 ipso
1090 912 1248 942 Cicerone
1279 912 1491 951 explicantur
1526 921 1555 942 c.
1585 913 1639 942 45.

913 957 996 985 toto.
1027 955 1105 985 ibid.
1141 957 1222 995 quin
1242 956 1312 996 ipse
1330 956 1363 985 in
1393 954 1640 986 commovendis

907 998 1078 1036 judicibus
1110 1000 1149 1029 iis
1181 999 1260 1040 ipsis
1292 1000 1434 1030 sensibus
1469 1008 1641 1039 permove-

904 1052 977 1072 ser.

958 1085 1139 1117 Sententia.
1162 1086 1266 1117 Acad.
1285 1087 1326 1117 iv.
1344 1089 1396 1121 47.
1412 1097 1453 1116 ex
1468 1086 1518 1116 sui
1535 1086 1641 1116 animi

913 1131 1193 1169 sententiajurare
1205 1130 1384 1160 voluerunt
1399 1142 1406 1159 ε
1432 1129 1465 1160 h.
1482 1140 1511 1160 e.
1527 1130 1573 1160 ita
1589 1129 1640 1160 uti

914 1174 1070 1212 sentiret,
1088 1174 1250 1211 crederet,
1274 1184 1343 1204 rem
1372 1183 1454 1203 esse.
1481 1172 1561 1203 hinc
1584 1172 1641 1203 ille

908 1217 1005 1255 jocus
1018 1218 1075 1248 Or.
1091 1218 1185 1248 ii.64.
1199 1218 1337 1248 ridicule
1354 1217 1436 1247 illud
1453 1218 1491 1247 L.
1504 1216 1641 1247 Porcius

914 1261 1036 1291 Nasica
1055 1262 1183 1291 censori
1205 1262 1337 1298 Catoni,
1353 1271 1429 1291 cum
1446 1260 1522 1290 ille:
1539 1269 1580 1291 ex
1591 1260 1643 1290 tui

913 1306 1017 1335 animi
1029 1306 1186 1336 sententia
1200 1311 1240 1336 tu
1256 1315 1394 1336 uxorem
1411 1304 1511 1334 habes
1523 1304 1535 1334 ?
1562 1304 1642 1334 Non

914 1347 1062 1387 hercule,
1079 1350 1201 1388 inquit,
1218 1360 1259 1380 ex
1279 1350 1342 1379 mei
1357 1349 1459 1379 animi
1470 1348 1642 1378 sententia.

915 1402 992 1422 nam
1011 1392 1095 1422 illud
1111 1397 1174 1430 est,
1199 1393 1286 1432 quod
1309 1402 1367 1423 nos
1396 1392 1557 1422 dicimus:
1583 1390 1644 1422 auf

914 1435 990 1466 dein
1007 1437 1194 1467 Gewissen!
1233 1437 1295 1467 hoc
1310 1449 1316 1465 ι
1343 1448 1383 1466 ex
1400 1440 1490 1473 voto,
1510 1435 1559 1465 uti
1575 1434 1642 1464 vel-

914 1478 991 1509 lem.
1016 1481 1126 1510 Pison.
1149 1483 1201 1512 32.
1224 1481 1395 1511 beneficiis
1419 1479 1560 1516 alicujus
1587 1488 1644 1509 su·

914 1533 967 1553 am
994 1526 1186 1554 sententiam
1226 1524 1370 1555 tradere.
1414 1522 1552 1553 Cluent.
1588 1525 1642 1553 53.

914 1566 1026 1605 mens,
1040 1572 1075 1597 et
1099 1569 1243 1605 animus,
1261 1572 1295 1598 et
1311 1567 1502 1604 consilium,
1520 1572 1554 1596 et
1569 1575 1643 1596 sen-

914 1612 1015 1642 tentia
1046 1611 1189 1641 civitatis
1220 1612 1330 1651 posita
1356 1616 1406 1641 est
1434 1611 1469 1640 in
1501 1609 1644 1649 legibus.

913 1654 932 1672 ’θ
949 1664 1008 1694 pro
1023 1664 1122 1685 sensu
1134 1656 1249 1685 animi.
1262 1656 1375 1685 Germ.
1387 1654 1643 1692 Gesinnungen.

912 1697 1012 1728 Tusc.
1031 1699 1073 1729 iv.
1102 1701 1151 1729 15.
1176 1699 1326 1729 honestae
1343 1698 1548 1734 voluntateS‚
1571 1706 1644 1727 sen—

914 1744 1022 1772 teneioe
1037 1748 1072 1772 et
1088 1743 1248 1772 actiones.
1265 1742 1321 1772 Gr.
1337 1740 1450 1781 γιῦμη.
1473 1740 1646 1771 *sententi-

914 1795 969 1815 am
987 1785 1073 1815 ferre
1089 1786 1249 1816 dicuntur
1273 1786 1404 1826 proprie
1421 1783 1552 1822 judiees
1568 1789 1644 1824 post

914 1828 1021 1868 legem
1038 1829 1246 1860 tabellariam
1260 1829 1408 1859 Cassiam
1420 1840 1438 1867 ·„
1454 1827 1574 1858 deinde
1588 1837 1645 1858 ve·

915 1883 950 1902 ro
966 1874 1067 1903 etiam
1084 1881 1265 1904 senatores.
1292 1873 1366 1903 vide
1389 1872 1501 1902 locum
1517 1872 1552 1901 in
1569 1880 1645 1902 sen-

913 1917 990 1952 tire,
1006 1927 1046 1947 ex
1074 1917 1115 1947 ad
1141 1918 1218 1948 Div.
1245 1917 1289 1947 xi.
1322 1919 1375 1948 21.
1398 1916 1646 1946 ubis-ementium

913 1960 1000 1990 ferre
1017 1961 1056 1990 de
1072 1960 1195 2000 aliquo,
1213 1966 1265 1991 est
1276 1961 1347 1999 ejus
1362 1960 1528 1990 rationem
1544 1958 1646 1989 habe·

916 2014 961 2034 re.
988 2004 1030 2035 cf.
1056 2005 1152 2035 ferre.
1177 2004 1355 2035 *dividere
1376 2004 1582 2034 sententiam.
1613 2011 1645 2034 v.

916 2048 1071 2079 dividere.
1097 2051 1117 2070 ¹*
1135 2048 1258 2079 referre
1270 2049 1464 2079 sententiam
1491 2046 1531 2076 de
1548 2055 1646 2077 sena-

915 2095 999 2129 tore,
1013 2101 1072 2133 pro
1087 2092 1184 2123 ferre.
1200 2092 1296 2133 Quir.
1311 2102 1344 2131 p.
1368 2091 1409 2122 R.
1438 2094 1485 2122 10.
1511 2090 1578 2120 vid.
1594 2099 1645 2119 re-

915 2134 1011 2166 ferre.
1030 2136 1048 2154 ¹²
1062 2137 1236 2167 sententias
1252 2136 1362 2166 dicere
1379 2135 1419 2165 de
1435 2133 1645 2165 senatoribus

917 2186 1035 2210 notum
1050 2185 1116 2210 est:
1157 2180 1215 2210 sed
1231 2184 1282 2210 cst
1305 2180 1408 2209 etiam
1425 2178 1465 2208 de
1493 2176 1647 2208 Consuli-

917 2223 988 2253 bus.
1012 2224 1101 2254 Sext.
1119 2226 1172 2255 32.
1197 2223 1350 2254 consules
1366 2232 1444 2252 cum
1468 2222 1502 2251 in
1525 2224 1646 2252 senatu

916 2267 1069 2307 privatim
1098 2269 1133 2308 (i.
1155 2277 1184 2298 e.
1212 2277 1232 2297 a
1253 2266 1475 2303 senatoribus,
1492 2265 1549 2305 qui
1576 2274 1647 2295 ma-

917 2311 1076 2350 gistratus
1094 2310 1285 2354 nonerant)
1301 2315 1340 2340 ut
1354 2310 1394 2340 de
1404 2319 1457 2340 mc
1472 2309 1648 2340 sententiae

917 2354 1081 2392 dicerent,
1112 2355 1369 2395 flagitabantur:
1407 2353 1439 2383 h.
1477 2363 1506 2383 e.
1537 2356 1578 2382 ut
1605 2351 1646 2382 de

916 2400 1094 2436 sententiis,
1112 2409 1193 2438 quas
1220 2399 1282 2436 ipsi
1299 2408 1344 2429 sc.
1361 2402 1545 2433 senatores,
1561 2395 1648 2427 rela-

917 2441 1045 2472 tionem
1076 2442 1300 2481 egredientes,
1327 2441 1503 2477 dixissent,
1525 2439 1567 2470 ad
1596 2449 1648 2470 se-

919 2490 1037 2516 natum
1070 2486 1244 2517 referrent.
1276 2485 1342 2516 vid.
1365 2485 1473 2514 Graev.
1498 2483 1540 2514 ad
1567 2483 1600 2514 h.
1623 2482 1647 2513 1.

917 2528 936 2547 *
952 2529 1058 2569 Legg.
1092 2530 1114 2560 i.
1146 2532 1199 2562 22.
1222 2529 1321 2569 hujus
1352 2527 1513 2569 praecepti
1549 2531 1648 2558 tant·

917 2574 1077 2604 sententia
1093 2576 1154 2604 est.
1172 2573 1194 2604 i.
1219 2583 1248 2604 e.
1271 2576 1343 2604 tam
1359 2570 1540 2612 pra—clarus
1569 2579 1648 2601 sen-

917 2626 985 2647 sus.

963 2660 1159 2692 sententiose
1171 2660 1292 2692 dicere.
1315 2660 1372 2690 Or.
1388 2661 1441 2692 71.
1461 2659 1510 2689 ita
1523 2656 1648 2694 dicere,

919 2709 958 2735 ut
974 2705 1151 2736 sententiae
1174 2714 1288 2743 eoeque
1304 2703 1400 2733 bonae
1416 2702 1498 2739 sint,
1515 2709 1582 2737 non
1597 2701 1650 2731 in-

919 2749 997 2778 ania
1012 2748 1111 2779 modo
1128 2748 1244 2778 verba:
1269 2756 1348 2778 nam
1364 2746 1560 2786 opponitur,
1575 2744 1648 2777 sine

919 2792 1097 2823 sentent³is
1114 2792 1234 2823 dicere.

964 2835 1107 2875 Sentio-e,
1123 2834 1325 2874 intelligere,
1336 2832 1520 2874 providere.
1531 2830 1646 2866 Rabir-

921 2880 1010 2920 Post.
1028 2882 1057 2911 l.
1072 2878 1158 2920 nihil
1170 2879 1312 2919 sensisse.
1341 2877 1362 2896 ¹*
1377 2875 1477 2912 Catil.
1493 2875 1541 2917 iii.
1556 2875 1589 2907 8.
1605 2873 1647 2906 de
