1800 3131
107 121 190 158 342

158 213 385 254 Legionan'us.
410 211 451 242 ad
466 212 542 243 Div.
558 221 590 242 x.
611 214 664 243 32.
687 221 755 242 non
772 222 842 242 mo-

117 259 159 290 do
174 259 317 290 militem
334 256 562 296 legw‘aevnaffum,
577 256 635 286 sed
651 265 692 286 ne
710 255 846 286 auxilia-

115 303 205 335 rium
239 301 384 341 quidem.
432 300 650 339 Legionarius
674 298 769 329 miles
796 302 847 328 est

117 357 156 377 ex
178 345 310 376 delectu
327 344 464 381 civium,
480 343 527 374 sic
544 344 625 382 legio
641 353 699 383 pro
714 342 774 373 tali
791 353 847 372 ex-

118 391 237 422 ercitu.
263 399 293 419 v.
310 388 411 418 Gron.
427 387 468 417 ad
485 386 555 417 Liv.
573 387 671 417 xxvii.
685 389 737 418 38.

163 433 340 472 Legitime,
356 441 444 467 vere,
471 431 613 471 proprie.
638 430 761 460 Caecin.
789 430 844 459 20.

123 477 179 517 qui
195 477 337 516 legitime
352 479 548 515 procurator
562 473 694 503 dicitur.

165 521 360 560 Legitimus,
383 519 504 557 legibus
527 521 783 552 consentaneus,
808 516 850 545 Ie-

118 566 217 604 gibus
232 564 445 595 constitutus.
468 562 542 591 Act.
563 561 583 590 i.
617 560 651 589 in
677 559 770 589 Verr.
801 561 850 588 11.

119 608 163 640 ad
179 608 255 639 Div.
271 618 302 638 x.
325 609 378 637 25.
403 607 584 644 legitimum
610 610 755 642 tempus.
773 600 851 631 Clu-

123 656 194 683 ent.
211 654 262 682 53.
286 651 468 689 legitimum
493 645 691 687 periculum.
715 645 757 675 ad
773 644 848 675 Div.

120 696 188 726 viii.
204 695 234 726 6.
260 696 443 734 legitimum
455 692 524 730 jus.
547 690 644 720 Rosc.
662 689 699 718 C.
717 692 747 719 5.
772 689 851 726 legi-

123 740 206 770 tima
225 738 363 778 judicia.
382 735 424 766 cf.
440 734 518 765 ibid.
535 736 565 764 4.
598 732 696 763 Arch.
723 734 754 763 2.
778 731 850 762 Mil.

127 786 177 813 10.
194 783 253 812 &c.

166 825 351 864 Legaleius.
369 822 426 852 Or.
439 821 460 852 i.
474 824 524 852 55.
542 821 701 859 leguleius
713 818 848 858 quidam

124 872 241 900 cautus
258 873 292 897 et
307 870 438 903 acutus,
451 874 559 905 praeeo
575 865 759 901 actionum,
775 872 853 892 cau-

122 917 177 944 tor
191 909 424 942 formularum.

166 955 404 986 Lemniscatus.
421 952 517 982 Rosc.
535 951 573 981 A.
591 953 644 982 35.
665 950 852 980 lemniscam

124 998 251 1041 palma,
267 997 397 1038 proprie
415 1000 479 1033 est,
493 996 527 1025 in
555 1005 620 1034 qua
635 994 767 1031 majoris
794 993 852 1023 ho-

123 1043 213 1074 noris
241 1050 342 1072 eausa
369 1041 510 1070 lemnisci
536 1042 627 1069 suut.
682 1038 736 1067 Sic
762 1037 851 1077 apud

122 1087 195 1119 Liv.
209 1086 321 1116 xxxiii.
335 1087 388 1116 33.
409 1082 552 1124 populus
569 1090 705 1111 coronas
721 1082 851 1111 lemnis-

124 1140 233 1170 cosque
253 1129 351 1168 jacit,
374 1127 508 1166 majoris
531 1125 664 1156 honoris
692 1134 804 1162 causa,
831 1125 851 1154 i.

120 1185 150 1204 e.
177 1182 314 1204 coronas
338 1173 551 1202 lemniscatas.
596 1169 684 1200 Nam
709 1169 853 1199 lemnisci

121 1221 202 1249 sunt
220 1217 324 1253 vittae,
341 1225 414 1254 quae
431 1218 511 1245 sunt
526 1213 748 1243 inhonoribus
765 1212 854 1243 Deo-

121 1271 197 1293 rum
213 1260 360 1290 usitatae.
375 1258 441 1288 vid.
457 1257 581 1287 Auson.
594 1266 645 1296 ep.
663 1258 715 1287 20.
732 1256 771 1285 In
787 1256 855 1286 De—

121 1308 213 1335 creto
228 1303 405 1335 Berenices
419 1301 509 1331 urbis
525 1300 645 1332 Afrieae
669 1305 718 1329 est
736 1299 853 1339 ςίφανος

121 1347 233 1381 {naim
263 1346 316 1376 καὶ
347 1344 514 1384 λήμνιτκος,
549 1343 682 1384 majoris
718 1342 853 1385 honoris

122 1401 224 1423 causa
254 1399 384 1420 coronae
424 1388 569 1425 additus,
601 1397 653 1426 ap.
691 1386 853 1417 Maffeurfi

121 1435 324 1474 Antiquitat.
351 1431 468 1462 Gallie.
490 1442 522 1472 p.
541 1435 572 1466 7.
599 1429 853 1469 cf.Wesse1ing.

124 1479 165 1510 V.
184 1478 271 1509 C.de
285 1476 448 1507 Archont.
460 1475 607 1506 Judaeor.
621 1485 654 1514 p.
674 1477 723 1505 18.
746 1478 781 1504 et
797 1474 854 1504 ad-

122 1523 163 1553 de
189 1522 229 1553 de
253 1521 316 1551 hac
333 1531 368 1551 re
393 1521 483 1550 Serv.
511 1518 553 1548 ad
577 1518 693 1557 Virgil.
716 1518 793 1548 AEn.
822 1527 853 1549 v.

118 1567 194 1601 269.
218 1568 253 1595 et
283 1564 424 1595 Casaub.
452 1563 494 1593 ad
517 1563 656 1592 Sueton.
689 1562 770 1592 Ner.
803 1562 856 1592 25.

123 1610 197 1641 Hoc
226 1609 299 1639 loco
332 1607 444 1648 palma
469 1607 658 1636 lemniscata
680 1610 731 1635 est
748 1604 853 1635 caedes

123 1652 376 1684 immanissima.
402 1649 528 1680 Palmae
545 1649 712 1680 dabantur
727 1648 852 1688 gladia-

120 1697 249 1728 toribus
266 1696 308 1726 ob
332 1695 519 1732 victoriam,
536 1692 569 1723 h.
593 1703 622 1722 e.
645 1693 687 1722 ob
716 1692 854 1722 interfe-

124 1745 221 1771 ctum
233 1749 325 1776 eum,
341 1747 484 1778 quocum
502 1737 686 1776 comparati
702 1740 809 1766 erant.

168 1784 275 1816 Lena.
297 1782 378 1813 Nat.
394 1782 437 1812 D.
456 1781 477 1811 i.
495 1783 547 1814 (27.
570 1779 691 1810 blanda
717 1779 854 1809 concili-

123 1828 211 1858 atrix
227 1831 262 1857 et
288 1826 380 1865 quasi
396 1825 446 1855 sui
473 1826 546 1855 lena
569 1829 700 1853 natura.
744 1822 854 1853 sicli-

125 1872 245 1901 benter
260 1871 369 1900 utitur
394 1878 434 1898 eo
459 1868 558 1898 verbo
584 1867 735 1904 Ovidius,
752 1871 792 1897 ut
813 1867 853 1897 A.

125 1915 166 1946 A.
180 1915 227 1944 iii.
245 1914 317 1944 316.
331 1914 406 1947 75⁶2.

169 1958 314 1989 Lenltcts.
339 1956 432 1986 Orat.
449 1954 484 1984 ii.
500 1956 552 1988 ⁶29.
569 1953 760 1985 'conciliatio
777 1955 855 1984 lem*-

124 2006 226 2032 taeem
254 1999 412 2030 orationis
437 1998 610 2028 desiderat.
639 1998 771 2028 Muren.
799 1999 851 2029 90.

127 2047 242 2076 lenitas
258 2043 428 2080 audiendi,
441 2045 491 2072 est
512 2042 660 2081 praetoris
671 2042 727 2081 jus
740 2041 853 2071 dicen-

123 2090 181 2119 tis.
203 2094 272 2128 opt.
290 2097 320 2127 g.
338 2097 385 2117 or.
402 2089 432 2117 2.
449 2086 625 2115 verborum
642 2090 694 2115 est
707 2089 854 2116 structu-

125 2142 162 2163 ra
188 2131 354 2172 quaedam,
371 2129 453 2160 duas
480 2139 531 2159 res
557 2129 717 2167 efficiens,
734 2138 852 2159 nume-

125 2186 200 2207 rum
213 2178 248 2205 et
262 2176 439 2206 lenitatem.

170 2219 342 2250 Lenitudo.
380 2216 511 2248 Verrin.
542 2217 584 2246 iv.
614 2216 666 2246 61.
705 2216 851 2245 virorum

126 2263 231 2293 nimia
257 2263 289 2292 in
316 2263 420 2291 istum
451 2258 671 2301 (adulterum)
701 2259 854 2290 lenitudo.

124 2306 189 2336 Sed
206 2305 354 2336 Graevius
370 2304 453 2344 legit
467 2304 590 2334 rectius
615 2303 786 2334 lentitudo.-
813 2302 853 2333 de

124 2359 191 2389 qua
206 2359 293 2380 mox.

171 2393 394 2423 Lenocinium.
417 2390 498 2421 Nat.
510 2391 554 2421 D.
571 2390 604 2420 ii.
623 2393 674 2421 58.
699 2391 855 2420 lenocinia

125 2445 315 2476 corporum,
332 2438 411 2465 sunt
427 2444 490 2473 res,
508 2434 628 2473 quibus
645 2442 764 2474 corpus
779 2443 854 2464 sua*-

123 2479 211 2509 viter
227 2480 381 2509 afficitur.

171 2523 377 2559 Leuoeinari,
408 2522 529 2551 servire
560 2520 673 2558 nimis,
705 2520 854 2559 obsequi.

125 2566 237 2596 Caecil.
260 2569 306 2596 15.
331 2566 370 2595 de
394 2572 604 2595 accusatore:
630 2564 692 2594 tibi
718 2564 855 2605 (prima-

121 2608 185 2648 rio)
202 2610 443 2640 lenocinabitur.

169 2653 282 2683 Lente.
316 2654 410 2683 Orat.
437 2652 471 2682 ii.
490 2654 543 2682 45.
569 2652 651 2680 lente
672 2649 777 2680 ferre:
803 2651 854 2680 ni-

124 2697 187 2731 mis
203 2697 381 2736 patienter.
407 2694 607 2725 *subtiliter
631 2704 723 2723 more
749 2693 856 2733 philo-

123 2740 316 2780 sophorum.
341 2739 456 2769 Parad.
483 2742 532 2769 13.
557 2737 628 2767 haee
644 2747 720 2767 eum
736 2738 854 2768 lentius

124 2784 352 2823 disputantur,
383 2782 485 2812 sideri
519 2786 659 2821 possunt
687 2781 855 2812 obscurio-

122 2836 171 2859 1'3..

166 2870 353 2907 Lentitudo,
376 2869 481 2899 nimia
496 2869 610 2900 lensstas
633 2873 667 2898 et
684 2868 857 2908 patientia.

119 2913 256 2946 Tuscul.
267 2914 310 2946 iv.
324 2918 372 2949 19.
386 2913 427 2944 ad
435 2913 474 2954 Ω
486 2912 537 2944 Fr.
547 2912 568 2943 i.
583 2915 609 2943 1.
621 2922 649 2942 c.
663 2915 713 2944 13.
723 2912 860 2944 Dicitur

627 123 772 152 INDEX
802 122 937 151 LATIN
943 123 1098 153 1TAT15.

885 212 953 242 fere
970 212 1005 241 in
1021 211 1142 241 malam
1160 213 1303 251 partem,
1320 211 1399 250 quia
1413 215 1464 242 est
1478 213 1614 252 signum

884 255 1041 295 stuporis.
1066 265 1096 285 ν.
1121 255 1237 285 Burm.
1261 255 1302 284 ad
1327 253 1424 285 Ovid.
1452 254 1554 286 Trist.
1581 256 1615 286 ii.

886 301 959 330 514.
993 298 1166 329 Drakenb.
1185 297 1227 328 ad
1243 297 1314 328 Liv.
1331 298 1409 328 xxii.
1429 300 1478 328 14.
1505 298 1613 329 Graev.

886 342 927 372 ad
950 342 1042 372 Verr.
1067 343 1108 372 iv.
1137 342 1188 372 61.
1234 342 1286 372 De
1313 341 1412 372 verbo
1440 342 1558 379 lentus,
1580 345 1616 373 et

886 386 957 423 ejus
972 386 1063 416 varia
1088 386 1120 416 vi
1149 385 1219 425 agit
1245 385 1337 415 Voss.
1363 385 1405 416 ad
1432 384 1555 415 catull.
1583 395 1614 425 p.

887 430 961 459 213.
977 438 1025 467 sq.

931 471 1056 502 Lentus
1071 472 1234 511 stupidus.
1249 472 1321 503 Att.
1339 473 1358 502 i.
1375 475 1423 502 18.
1437 472 1469 501 ni
1493 470 1547 501 hic
1564 476 1617 502 est

886 513 943 544 illo
961 516 1101 544 lentius.-
1124 515 1164 545 de
1190 526 1242 553 eo,
1266 516 1321 555 qui
1339 526 1405 546 non
1422 515 1617 546 movebatur

885 558 1109 588 contumeliis.

931 599 1060 631 Lessus.
1083 601 1164 641 Leg.
1180 603 1214 632 ii.
1231 605 1283 634 23.
1308 603 1387 642 quid
1404 603 1469 633 sit?

933 645 1071 674 Levare.
1097 646 1259 676 minuere.
1281 647 1384 677 Acad.
1396 647 1438 676 iv.
1452 648 1505 677 22.
1530 648 1617 677 leva-

888 692 945 718 tm·
960 689 1152 718 auctoritas.

935 731 1043 762 Levis.
1069 732 1165 762 Rosc.
1183 731 1221 762 C.
1249 734 1279 763 5.
1303 732 1356 762 cui
1374 734 1534 763 levissima
1560 743 1618 773 pe—

890 775 990 804 cunia
1014 785 1145 815 semper
1170 774 1256 805 fuit:
1292 775 1327 805 h.
1353 785 1382 805 e.
1407 785 1474 806 non
1503 777 1617 816 magni

888 818 1014 857 habita,
1031 822 1211 849 contemta.
1236 819 1472 859 jactabundus.
1485 819 1527 850 ad
1537 820 1616 850 Div.

887 872 918 891 v.
938 865 965 892 1.

936 906 1077 936 Levitas.
1100 905 1196 936 Brut.
1223 908 1275 940 ⁶27.
1299 907 1412 936 levitas
1429 907 1463 936 in
1478 906 1618 946 popula-

890 949 917 979 ri
943 949 1080 979 ratione.
1097 949 1131 979 in
1148 950 1262 979 Caecil.
1287 953 1317 980 3.
1343 951 1458 980 levitas
1472 950 1618 989 judicio-

890 1002 986 1027 ran:
1013 992 1090 1023 h.'e.
1112 993 1288 1031 injustitia.
1318 994 1398 1025 Nat.
1422 993 1465 1024 D.
1490 994 1537 1024 iii.
1563 994 1617 1027 29.

889 1037 1031 1066 levitates
1054 1036 1211 1067 eomieae:
1237 1037 1259 1067 i.
1283 1047 1312 1067 e.
1338 1037 1521 1075 amatoriae,
1537 1047 1618 1077 qua-

890 1090 962 1110 rum
982 1079 1135 1119 exempla
1150 1081 1277 1110 suntin
1303 1081 1482 1111 comoediis.
1509 1081 1578 1111 Fin.
1595 1081 1617 1111 i.

893 1127 942 1154 18.
967 1124 1138 1154 amatoriae
1159 1125 1312 1154 levitates.
1342 1124 1372 1154 T
1375 1123 1478 1155 uscul.
1499 1125 1542 1155 iv.
1565 1127 1619 1156 31.

889 1167 1006 1197 eadem
1021 1167 1150 1197 levitate
1166 1172 1216 1198 est
1231 1167 1396 1207 cupiditas
1411 1169 1446 1198 in
1458 1173 1619 1209 appeten·

889 1211 943 1248 do,
962 1221 1028 1250 qua
1042 1210 1161 1241 laetitia
1179 1211 1213 1241 in
1228 1211 1380 1242 fruendo.
1424 1211 1554 1242 Notent
1575 1212 1620 1242 ti-

891 1264 1001 1291 rones,
1018 1255 1181 1285 levitatem
1206 1255 1309 1285 tribui
1335 1255 1489 1286 omnibus
1520 1254 1618 1285 vehe-

890 1298 1059 1328 mentibus
1074 1305 1109 1329 et
1124 1298 1279 1329 inanibus
1305 1298 1558 1339 cupiditatibu5‚
1584 1303 1621 1331 et

889 1342 1194 1382 perturbationibus
1207 1343 1323 1379 animi,
1340 1346 1516 1382 propterea
1531 1342 1620 1382 quod

891 1386 926 1415 in
943 1385 993 1415 his
1011 1386 1103 1416 nulla
1118 1391 1168 1416 est
1185 1387 1386 1423 constantia,
1404 1385 1497 1416 nulla
1511 1387 1620 1425 gravi-

890 1433 942 1459 tas
957 1441 966 1466 ς
994 1429 1080 1459 unde
1104 1430 1206 1459 etiam
1224 1432 1303 1460 leves
1319 1429 1490 1468 dicuntur,
1506 1430 1561 1469 qui
1579 1430 1619 1467 iis

890 1472 993 1503 dediti
1015 1477 1105 1503 sunt.
1133 1474 1177 1504 Et
1201 1472 1481 1513 quemadmodum
1502 1475 1619 1513 gravi·

891 1521 942 1547 tas
957 1516 1081 1546 dicitur
1098 1517 1138 1546 de
1162 1518 1254 1547 omni
1272 1517 1411 1554 virtute,
1427 1517 1462 1547 in
1479 1526 1546 1556 qua
1567 1521 1620 1548 est

891 1560 1081 1590 constantia
1103 1565 1138 1590 et
1168 1560 1374 1599 aequabilitas
1401 1560 1546 1600 agendi3
1571 1561 1620 1591 sic

891 1605 1003 1634 levitas
1015 1603 1055 1633 de
1079 1604 1171 1634 omni
1185 1605 1277 1641 vitio,
1295 1603 1383 1643 quod
1398 1603 1434 1633 in
1448 1604 1530 1634 vitio
1545 1604 1621 1634 nul-

890 1647 922 1677 la
938 1647 1006 1677 fere
1033 1652 1084 1678 est
1099 1649 1301 1678 constantia.
1327 1646 1409 1677 Haec
1435 1647 1620 1679 observatio

887 1691 930 1721 ad
945 1690 1204 1731 intelligendum
1216 1691 1401 1732 plurimum
1417 1691 1575 1730 proderit.

933 1733 1075 1765 Leviter.
1109 1734 1191 1765 Sull.
1221 1735 1404 1765 10.le1.viter
1427 1733 1552 1765 dicere:
1584 1734 1619 1766 h.

889 1788 918 1808 e.
933 1782 974 1808 ut
989 1787 1068 1808 ante
1083 1778 1225 1816 dixerat,
1241 1787 1417 1818 suppressa
1430 1788 1522 1808 voce.
1546 1778 1620 1809 Ma-

888 1822 918 1852 le
936 1822 1071 1860 quidam
1091 1822 1263 1861 corrigunt
1277 1821 1416 1852 leniter:
1441 1821 1529 1861 quod
1548 1822 1623 1861 qui-

889 1866 964 1895 dam
991 1865 1128 1896 Codices
1153 1867 1254 1896 etiam
1282 1865 1401 1896 Ovidio
1427 1864 1621 1897 adscribunt

889 1910 924 1939 in
939 1909 1040 1940 simili
1062 1909 1135 1939 loco
1163 1909 1299 1940 Heroid.
1326 1909 1372 1939 iii.
1390 1912 1442 1940 80.
1467 1919 1527 1949 pro
1543 1911 1622 1940 levi-

888 1957 948 1983 ter.
994 1953 1057 1983 Sed
1083 1953 1128 1983 ibi
1158 1959 1303 1983 metrum
1332 1958 1498 1992 repugnat
1527 1956 1562 1983 et.
1587 1951 1621 1984 τὶ

891 1996 1003 2027 leviter
1017 1996 1175 2027 vindicat.
1191 2007 1220 2026 v.
1238 1997 1283 2027 ibi
1298 1996 1544 2028 Burmannum.

933 2040 1016 2072 Lex.
1051 2040 1090 2070 de
1114 2040 1177 2070 hoe
1199 2041 1298 2071 verbo
1323 2040 1450 2070 dietum
1474 2044 1526 2070 est
1558 2040 1621 2070 sub

890 2084 1025 2114 initium
1060 2083 1180 2114 Indicis
1214 2084 1340 2123 legum.
1399 2084 1464 2114 Hie
1500 2083 1622 2123 adjeci-

892 2137 978 2164 mus,
996 2137 1069 2166 quae
1092 2128 1137 2158 ibi
1154 2132 1416 2158 commemorata
1439 2137 1505 2157 non
1528 2131 1621 2158 sunt.

889 2171 1001 2202 Rabir.
1025 2171 1120 2201 Perd.
1145 2174 1176 2202 5.
1199 2173 1283 2211 leges
1314 2171 1491 2201 Censoriae.
1524 2170 1620 2202 Verr.

891 2215 912 2245 i.
937 2218 989 2245 55.
1013 2216 1065 2245 lex
1081 2215 1249 2246 Censoria.
1273 2214 1340 2245 vid.
1364 2214 1437 2244 lud.
1462 2214 1566 2254 Legg.
1583 2215 1620 2245 in

893 2258 1057 2288 Censoriae
1082 2258 1183 2298 leges.
1213 2258 1294 2289 ibid.
1324 2258 1397 2288 Lex
1419 2267 1516 2297 opere
1539 2257 1620 2288 faei-

888 2301 990 2331 undo.
1015 2301 1054 2332 de
1077 2302 1139 2332 hac
1163 2302 1270 2332 forma
1292 2301 1448 2340 loquendi
1472 2312 1502 2331 v.
1518 2301 1621 2333 Gron.

891 2345 975 2376 Sest.
999 2346 1020 2375 i.
1045 2346 1075 2376 6.
1100 2346 1161 2376 Est
1182 2350 1296 2375 autem
1320 2346 1393 2386 ipsa
1422 2346 1474 2375 lex
1497 2345 1622 2375 Censo-

892 2389 952 2426 ria,
969 2389 1036 2419 sive
1059 2389 1180 2419 locatio
1195 2389 1303 2429 operis
1318 2388 1466 2419 faciundi
1490 2399 1510 2418 a
1533 2388 1622 2418 Cen-

890 2442 962 2462 sore
991 2433 1170 2472 proposita.
1217 2432 1405 2463 Formulam
1429 2431 1620 2470 hujusmodi

892 2476 974 2515 legis
1004 2476 1121 2506 attulit
1143 2477 1348 2506 Hotomann.
1379 2475 1419 2505 ad
1453 2475 1486 2505 h.
1520 2476 1541 2505 l.
1566 2485 1621 2505 ea-

892 2520 968 2549 dem
991 2525 1042 2550 est
1071 2520 1160 2560 apud
1183 2520 1315 2550 Gruter.
1337 2519 1437 2550 Thes.
1469 2519 1619 2558 inscript.

890 2571 915 2593 t.
943 2563 965 2594 i.
989 2573 1020 2603 p.
1045 2564 1138 2594 ccvii.
1163 2563 1279 2593 Partit.
1302 2566 1353 2594 31.
1389 2563 1461 2593 Lex
1493 2562 1620 2601 praedii.

889 2610 940 2637 est
963 2606 1108 2637 formula
1129 2607 1254 2637 venditi
1270 2606 1398 2647 praedfi,
1419 2616 1458 2635 ex
1482 2615 1548 2644 qua
1563 2606 1621 2644 ju·

892 2651 1034 2687 dicatur,
1053 2650 1131 2689 quid
1154 2651 1274 2680 emtori
1296 2650 1461 2686 tradatur,
1485 2650 1620 2688 quibus-

892 2704 954 2733 que
990 2694 1248 2724 conditionibus.
1281 2693 1394 2723 *hinc
1422 2695 1473 2723 lez·
1497 2693 1621 2723 dieitur

893 2748 951 2777 pro
975 2738 1176 2768 conditione.
1200 2737 1299 2768 Tusc.
1316 2737 1362 2767 iii.
1384 2737 1432 2767 16.
1456 2738 1507 2767 Iex·
1529 2737 1620 2776 vitae,

892 2787 944 2810 est
967 2781 1126 2818 conditio,
1151 2791 1217 2820 qua
1239 2782 1309 2811 nati
1333 2790 1462 2818 sumus,
1485 2784 1524 2810 ut
1540 2779 1620 2812 alibi

893 2825 984 2855 dicit.
1009 2825 1091 2855 Har.
1116 2825 1156 2855 R.
1180 2828 1210 2858 7.
1235 2826 1304 2863 lege
1326 2825 1464 2864 optima.
1488 2825 1566 2862 Agr.
1582 2823 1618 2856 ii.

898 2872 946 2899 11.
963 2869 989 2898 si
1007 2869 1133 2908 optima
1148 2870 1216 2906 lege
1231 2877 1251 2898 a
1266 2867 1389 2908 populo
1404 2872 1514 2898 essent
1528 2876 1620 2896 crea.-

892 2913 932 2944 ti.
957 2911 997 2944 de
1019 2911 1183 2944 formula:
1211 2911 1284 2952 lege
1307 2911 1446 2953 optima.
1475 2921 1506 2943 v.
1531 2910 1620 2948 Con„
