1804 3235
0 380 10 718 ν--ν--νυ-ν-τ--πτ
1 341 9 371 .—

719 177 864 206 lxm-:x
887 177 1062 207 Lacum.
1336 175 1339 177 “
1590 174 1646 211 25

135 266 188 299 aa.
232 263 385 306 Denique
402 266 428 298 si
444 265 527 297 alius
542 265 651 305 legem
676 264 865 304 neglectam

134 310 243 340 dicere
274 311 392 348 voluit,
415 320 475 341 eur
503 310 724 340 sumtum-iam
754 310 866 349 potins

135 352 301 390 nominat,
330 363 429 393 quam
462 361 706 392 quamcumque
737 352 863 383 aliam?

135 395 188 427 De
203 395 264 427 hac
280 397 353 437 lege
376 396 513 428 Caesmis
537 395 687 433 iutelliw«
680 395 775 425 ndns
794 396 866 425 sinc

134 432 236 471 dubio
257 446 308 471 est
313 422 432 470 uetiam
463 439 553 469 locus
584 439 626 469 ad
650 438 723 469 mv.
747 439 790 469 ix.
818 442 866 469 15.

134 484 213 513 n'am
229 492 269 514 ea
281 482 423 523 epistola
437 483 561 523 scripta
581 486 630 512 est
648 481 759 522 paullo
774 488 866 519 aute,

134 535 234 565 quam
269 525 379 557 Caesar
407 527 441 557 in
473 525 669 565 Hispaniam
701 526 763 556 iret
794 532 867 565 post

133 567 258 600 bellum
282 569 487 600 Africanum.
526 570 683 600 Ceterum
709 571 734 599 is
756 569 868 608 neglc-

134 614 209 643 ctus
221 612 303 652 leg'is
315 623 392 643 emn
405 613 544 643 movisse
552 612 695 649 videtur,
706 618 744 642 ut
754 617 869 653 postea

133 664 244 686 severe
270 665 344 686 cam
371 661 552 687 exerceret.
586 656 650 686 vid.
678 656 815 686 Suetou.
839 666 867 687 e.

132 694 237 730 4²3..et
253 699 297 730 ibi
312 698 467 730 'rori-ent.

176 741 278 773 JUMA
310 742 349 773 de
381 743 615 782 Legulinnilms
645 743 762 774 liberis.
810 742 868 773 Li-

135 785 218 816 beroe
233 786 409 825 legationes
425 787 596 824 dic-untur,
610 796 686 816 curn
701 786 868 816 Senatori-

134 825 210 866 bus,
232 829 314 870 priv
307 834 370 860 atae
395 831 441 860 rei
466 840 577 866 causa,
601 834 775 868 tamquam
798 830 867 859 voti

133 870 294 911 solvendi,
307 872 503 904 hereditatis
515 879 573 903 aut
586 883 621 913 sy
624 872 779 912 ngraphae
794 883 834 913 pt
839 883 868 902 r-

133 915 323 956 sequendae,
337 922 432 947 extra
448 916 578 946 Italiam
592 907 868 953 :ibeuntibus,jus

135 968 322 999 nomenque
339 959 439 1000 legati
455 970 532 1001 pop.
549 960 644 990 Rom.
657 959 744 990 Scto
756 959 866 998 datur,

135 1005 174 1033 u‘t
196 1012 236 1033 eo
259 1003 374 1043 majori
398 1013 474 1034 cum
494 1004 672 1043 dignitate,
689 1004 868 1034 securitate

94 1054 98 1058 ⁴
134 1046 195 1076 ἃς.
207 1045 329 1086 ubique
341 1057 462 1078 versari
475 1048 611 1087 possint
636 1046 765 1077 Harum
781 1052 868 1077 tem-

137 1099 199 1129 pus
210 1088 290 1120 olim
306 1090 477 1121 infinitum
495 1091 569 1121 fuit.
615 1090 767 1130 Namque
784 1090 869 1121 hanc

135 1133 241 1173 ipsam
265 1133 313 1164 ob'
329 1143 463 1164 causam
487 1134 596 1164 libcrae
619 1134 684 1164 dici
700 1134 868 1172 videntur,

133 1176 222 1215 quod
237 1177 327 1208 exire
343 1182 379 1208 et
394 1188 427 1207 re
431 1177 499 1208 dire
523 1177 583 1207 lic(-
578 1184 650 1214 ·ret,
668 1187 744 1207 eum
761 1177 869 1217 place-

133 1222 197 1251 ret.
241 1220 305 1251 Sed
330 1221 486 1260 quoniam
512 1221 609 1252 multi
633 1221 731 1251 nimis
755 1221 870 1251 abute-

132 1262 257 1294 bantur
270 1263 446 1305 legationis
463 1266 597 1294 nomine
621 1274 659 1294 ac
668 1265 759 1303 jure,
777 1264 870 1294 Cice-

133 1316 171 1337 ro
187 1306 311 1338 Consul
327 1307 443 1338 retulit
459 1308 500 1338 ad
516 1308 677 1338 Senatum
694 1307 734 1338 de
750 1307 870 1338 tollen-

134 1348 185 1381 dis
201 1350 422 1391 legationibus
438 1351 549 1382 liberis
566 1352 706 1381 Senatus
731 1349 870 1382 Consul-

133 1399 181 1424 t'o.
226 1393 266 1425 ln
283 1405 347 1434 quo
364 1405 440 1425 cum
457 1395 488 1424 ei
505 1395 658 1425 tribunus
679 1394 781 1434 plebis
798 1395 870 1434 qui-

135 1437 212 1468 dam
230 1438 482 1475 intercessisset,
493 1438 603 1468 effecit
614 1444 742 1476 tamen,
756 1442 795 1468 ut
811 1448 869 1467 an-

135 1484 240 1512 nuum
257 1486 390 1522 tempus
407 1486 506 1519 esset,
515 1481 611 1531 quod
635 1486 734 1511 antea
757 1481 868 1511 infini-

134 1529 211 1555 tum
228 1529 313 1563 erat,
330 1525 370 1555 de
386 1524 500 1564 Legrib.
514 1525 560 1555 iii.
578 1528 607 1556 8.
630 1524 740 1555 Julius
758 1524 869 1556 Caesar

135 1572 251 1609 postea
267 1569 306 1598 de
322 1567 373 1599 his
390 1567 610 1608 legationibus
621 1568 714 1606 tulit,
728 1573 764 1598 ut
775 1570 868 1609 quin-

133 1613 312 1653 quennium
336 1614 467 1642 mnium
483 1612 590 1642 ‹Im-m
591 1616 655 1642 eut.
673 1612 712 1642 ad
729 1611 800 1642 Att.
817 1623 870 1643 xv.

137 1657 188 1686 11.
233 1655 391 1686 Ceterum
423 1655 462 1686 de
494 1655 714 1696 legationibus
745 1655 869 1694 liberis,

133 1698 227 1730 n'ufla
242 1700 419 1730 necessitas
435 1699 517 1730 mihi
534 1698 667 1729 videtur
680 1708 750 1729 esse
762 1703 870 1729 statu-

133 1743 224 1781 endi,
238 1743 398 1784 peculiari
409 1743 481 1783 lege
497 1743 665 1773 sancitum
677 1753 758 1773 esse
782 1743 868 1773 Nam

132 1766 246 1826 potuit
262 1786 343 1826 legis
359 1787 399 1817 de
423 1787 600 1828 provinciis
624 1791 726 1836 caput
744 1795 813 1831 csse
830 1786 870 1817 de

133 1829 354 1870 legationibus
376 1830 499 1868 liberis,
517 1829 604 1880 qutod
627 1839 673 1860 eae
698 1830 732 1860 in
754 1827 870 1870 pri'mis

135 1872 177 1904 au
192 1873 443 1914 provincialium
467 1874 623 1913 injuriam
646 1873 870 1914 pertinebant.

176 1916 279 1948 <IULIA
302 1918 341 1948 de
349 1918 535 1958 publicanis
553 1919 650 1948 tertia
662 1921 762 1957 parte
770 1926 871 1957 pecu-

133 1962 197 1990 nioe
211 1960 323 1992 debitoe
339 1962 532 1998 relevandis,
550 1961 619 1991 lata
633 1966 683 1991 est
707 1961 741 1990 in
764 1961 872 2000 primo

135 2003 332 2042 Consulatu,
360 2014 459 2044 quam
489 2005 617 2045 primus
647 2005 743 2034 seivit
775 2003 872 2034 Plan-

134 2047 217 2078 cius.
263 2047 332 2078 Cic.
348 2058 408 2088 pro
430 2047 567 2078 Plancio·
579 2058 608 2078 c.
634 2051 683 2079 14.
730 2047 779 2078 Ea
799 2047 870 2087 lege

133 2089 195 2121 sibi
211 2096 400 2131 equestrem
411 2091 561 2122 ordinem
574 2091 685 2122 Caesar
696 2091 849 2129 adjunxit
860 2103 870 2131 ς

135 2135 211 2165 chin
228 2134 314 2165 Cato
329 2140 458 2173 contra,
470 2135 653 2175 publicanis
666 2135 766 2165 nimis
778 2145 868 2165 acer-

135 2177 196 2218 b'us
213 2178 301 2221 quod
315 2182 400 2217 erat,
418 2189 438 2209 a
453 2178 579 2209 Senatu
595 2179 724 2218 equites
748 2178 870 2209 abalie-

135 2225 243 2269 naret.

177 2263 487 2307 June-judiciaria>
502 2265 586 2296 Phil.
603 2266 624 2295 i.
642 2268 672 2296 8.
696 2265 758 2296 His
775 2265 868 2296 abro-

134 2307 226 2348 gavit
236 2308 403 2340 A'ureliam
417 2309 457 2340 de
467 2309 604 2349 judiciis
617 2319 692 2339 cum
704 2309 811 2340 tribus
823 2310 869 2339 ci-

133 2350 248 2383 vitatis
277 2352 447 2384 ordinibus
470 2353 769 2391 communicandis,
791 2353 868 2383 sub-

133 2394 210 2426 latis
227 2404 245 2426 e
259 2400 399 2429 'numero
408 2396 562 2435 judicum
579 2396 737 2427 Tribunis
749 2396 868 2427 aerarii.

133 2438 271 2470 sueton.
287 2451 317 2471 e.
332 2443 385 2472 41.
398 2439 516 2470 deinde
529 2440 744 2479 dejudicibus
757 2440 869 2479 legen-

132 2481 196 2557 ἱίἱε,
215 2487 336 2514 eorum
359 2492 473 2522 censu,
489 2487 604 2522 aetate,
620 2484 732 2514 sanxit
753 2483 869 2514 eadem

145 2532 164 2556 e

163 2528 279 2600 Βῖυιῐᾼ
293 2570 335 2601 de
352 2571 390 2600 vi
411 2575 442 2601 et
464 2567 646 2612 majestate.
692 2569 742 2600 Ea
763 2570 870 2600 sanci-

131 2616 208 2644 tum
224 2617 288 2652 est,
304 2618 343 2644 ut
359 2614 400 2644 de
416 2615 447 2644 vi
463 2619 499 2645 et
515 2614 689 2654 majestate
705 2613 871 2643 damnatis

133 2658 221 2696 aqua
242 2661 277 2687 et
298 2657 368 2698 igni
391 2657 658 2688 interdiceretur.
689 2656 772 2687 Phil.
796 2655 818 2686 1.
842 2667 871 2687 c.

133 2699 184 2731 Ea
197 2704 266 2731 non
281 2703 333 2731 est
354 2701 588 2732 confundenda
609 2709 686 2730 cum
708 2700 807 2731 «Iulia
823 2699 870 2730 al-

131 2747 206 2774 tera
221 2742 261 2774 de
278 2743 466 2783 majestate,
479 2745 531 2785 cuj
538 2754 574 2775 us
585 2744 775 2783 fragmenta
789 2747 869 2773 sunt

131 2785 374 2825 ‘m'librisjuris
390 2787 506 2819 civilis.
551 2788 638 2818 Nam
663 2798 703 2816 ea
726 2791 776 2817 est
800 2786 868 2817 Au-

133 2831 235 2868 gusti.
280 2830 331 2862 De
362 2830 434 2871 lege
465 2832 504 2862 de
525 2833 559 2862 vi
581 2831 646 2861 vid.
668 2829 736 2860 Jul.
763 2829 868 2860 Paull.

133 2872 286 2904 sentent.
315 2873 395 2905 Rec.
432 2885 463 2905 v.
498 2873 867 2915 26.ap.schu1t1ng

131 2912 238 2956 Jurisss
241 2914 398 2948 Prudent.
413 2916 515 2949 Ante·
517 2918 641 2949 Justin.
658 2927 689 2957 p.
707 2919 781 2948 520.
797 2925 845 2956 sq.

172 2956 279 2992 'Jvua
299 2960 345 2994 L.
375 2961 464 2994 Julii
498 2962 646 3000 Cmaris,
669 2961 726 3000 qui
750 2959 868 2991 consul

911 266 973 296 suit
991 276 1066 296 cum
1086 266 1120 297 P.
1142 265 1270 298 Ruulio
1294 265 1400 307 Lupo,
1417 268 1502 298 brllo
1526 268 1643 301 Sociali

911 309 948 339 Α.
974 309 1014 340 U.
1039 318 1180 340 ucixni.
1197 311 1235 340 de
1251 312 1379 341 civitate
1395 321 1466 340 cum
1494 312 1591 342 Sor-iis
1613 318 1643 344 et

914 353 1045 383 latinis
1061 354 1346 390 ‹naumann-unda,
1362 363 1420 393 pro
1437 354 1535 384 (Iorn.
1553 355 1644 387 Ball).

912 407 940 426 c.
958 400 987 427 8.
1033 395 1135 435 Cujus
1152 396 1232 435 legis
1250 397 1311 426 hoc
1328 401 1428 436 caput
1444 403 1528 434 crat,
1547 403 1585 428 ut
1603 399 1645 429 ad

911 449 966 469 eos
977 444 1112 470 tantum
1126 439 1263 480 populos
1280 440 1341 470 hoe
1358 440 1555 471 beneficium
1575 451 1646 480 per-

909 484 1047 525 tineret,
1065 483 1120 522 qui
1137 482 1229 513 fundi
1255 483 1297 514 (e'i
1323 482 1386 523 legi
1409 484 1468 517 sc.)
1494 483 1573 514 facti
1597 495 1646 515 vs-

911 533 999 565 sent,
1023 525 1055 556 h.
1087 537 1116 556 c.
1148 531 1186 556 ut
1213 525 1352 556 liberum
1377 527 1495 565 cuique
1519 528 1646 558 civitati

911 570 1075 600 sociorum
1107 568 1370 608 Latinorumque
1402 574 1501 606 esset,
1531 576 1647 602 utrum

913 613 1035 643 vellent
1058 613 1119 643 hoc
1135 613 1296 643 beneficio
1319 613 1382 649 nti,
1401 621 1461 642 nec
1479 614 1544 643 ne?
1579 613 1646 644 lta-

913 667 976 696 que
993 657 1095 686 etiam
1114 655 1378 687 Heracliensium
1395 663 1429 686 et
1454 655 1645 697 Neapolita-

913 709 1032 730 norum
1057 699 1155 730 multj
1179 700 1241 730 hoe
1264 699 1463 729 beneficium
1496 701 1646 740 repudia-

915 744 1009 781 bant,
1026 743 1058 774 h.
1076 754 1104 773 e.
1129 744 1159 773 ei
1183 743 1246 782 legi
1270 743 1365 774 fundi
1391 743 1460 772 fieri
1481 742 1648 775 nolebant.

913 786 1014 824 Nam,
1042 786 1322 826 quemadmodum
1355 786 1490 816 donatio
1522 787 1646 817 nullam

913 831 980 860 vim
1002 830 1113 867 habet,
1132 831 1194 861 nisi
1218 831 1257 868 is,
1275 830 1328 859 cui
1354 831 1404 866 fit,
1422 830 1450 860 ei
1476 829 1647 862 donationi

912 873 1034 904 fundus
1053 874 1124 909 fiat,
1141 883 1166 904 s.
1183 874 1233 904 uti
1254 873 1438 912 loquuntur
1461 872 1546 910 1Cti,
1563 875 1647 904 acci-

914 918 984 957 piat
1000 917 1225 947 donationem.
1271 917 1323 946 Sic
1341 916 1432 946 nulla
1450 916 1502 946 lex
1525 916 1647 948 Roma-

913 971 968 997 na,
992 969 1058 1000 qua
1079 961 1279 991 beneficium
1309 960 1404 990 sociis
1429 959 1566 999 aliisque
1590 971 1648 1002 po-

912 1004 999 1044 pulis
1021 1004 1195 1042 tribuitur,
1219 1008 1293 1034 rata
1314 1013 1383 1033 esse
1408 1008 1530 1043 potest,
1550 1009 1586 1035 et
1608 1015 1647 1035 ex

913 1058 952 1078 ea
967 1047 1038 1087 lege
1055 1048 1214 1078 beneficio
1226 1048 1399 1087 quisquam
1419 1047 1482 1084 uti,
1495 1047 1555 1078 nisi
1573 1057 1648 1079 eam

913 1091 1019 1131 legem
1036 1091 1236 1131 probaverit,
1252 1090 1286 1120 h.
1303 1099 1331 1119 ε.
1356 1090 1518 1130 professus
1541 1091 1597 1129 sit,
1614 1101 1648 1122 se

912 1134 1074 1165 beneficio
1103 1134 1184 1174 legis
1215 1134 1266 1164 uti
1289 1133 1382 1163 velle.
1428 1133 1510 1164 Haec
1532 1144 1649 1173 quam·

914 1188 1014 1217 quam
1030 1178 1103 1216 jam
1127 1178 1168 1208 ab
1195 1177 1278 1214 aliis,
1300 1182 1473 1216 tamquam
1506 1176 1648 1218 Graevio‚

915 1221 1005 1251 dieta
1019 1227 1110 1259 sunt,
1119 1226 1233 1251 tamen
1250 1220 1376 1260 placuit
1388 1225 1549 1260 repetere,
1562 1221 1650 1261 quod

915 1265 949 1295 in
967 1265 1028 1295 hae
1045 1262 1408 1303 formulahl'unde'facti
1430 1268 1506 1293 sum
1522 1267 1647 1304 populi,

915 1308 1110 1348 explicanda
1126 1309 1226 1339 etiam
1245 1316 1335 1337 nunc
1351 1316 1459 1337 errare
1472 1307 1586 1338 doctos
1601 1309 1648 1338 vi-

917 1362 968 1382 ros
986 1352 1108 1381 inveni.

960 1395 1004 1425 δι
1009 1404 1063 1425 xm
1087 1394 1334 1435 depererr1·inis‚
1351 1403 1382 1423 v.
1404 1393 1514 1424 Penni
1536 1394 1575 1424 de
1591 1404 1649 1435 pe-

915 1449 969 1477 reg
996 1440 1067 1469 m‘s.

959 1481 1063 1512 Jexm
1081 1481 1278 1518 L1C1N1A,v.
1298 1480 1425 1511 Licinia
1445 1479 1563 1512 Junia.

957 1524 1119 1556 Lffiioum
1151 1526 1223 1564 (pro
1250 1534 1315 1562 quo
1338 1525 1371 1553 in
1397 1523 1512 1554 multis
1536 1524 1616 1562 vulg·
1596 1535 1649 1565 σς.

915 1568 1082 1599 Ciceronis
1099 1569 1188 1598 libris
1206 1567 1291 1598 male
1308 1573 1358 1597 est
1379 1567 1554 1605 Pleu-toria,
1570 1568 1636 1599 Lec-

916 1614 1012 1650 ἰονία,
1025 1613 1186 1649 Pletoria,
1196 1610 1322 1641 solenni
1338 1611 1544 1641 librariorum
1559 1612 1652 1643 aber-

916 1657 1058 1693 ratione,
1075 1667 1105 1686 v.
1123 1655 1294 1686 Drakenb.
1311 1654 1353 1684 ad
1369 1653 1439 1684 Liv.
1455 1655 1563 1685 xxxiv.
1579 1654 1647 1694 45.)

914 1704 1026 1730 contra
1036 1699 1344 1738 circumscriptiones
1353 1698 1600 1729 adolescentum.
1611 1699 1650 1730 de

915 1743 978 1773 Off.
992 1744 1037 1773 iii.
1056 1746 1105 1774 15.
1122 1740 1652 1774 vid.Manut.acicie.locisi11fra

915 1787 1039 1823 citatis,
1048 1786 1245 1816 Salmasium
1257 1785 1297 1815 ad
1307 1784 1532 1824 Capitolinum
1541 1786 1573 1816 in
1584 1785 1651 1816 An·

914 1838 984 1860 ton.
992 1841 1023 1870 p.
1031 1833 1105 1861 330.
1113 1834 1146 1859 et
1153 1829 1334 1859 Gruterum
1343 1827 1476 1858 ibidem.
1490 1828 1652 1859 Eamino-

916 1873 1105 1910 rennuatis,
1121 1877 1160 1903 ut
1174 1877 1308 1910 vocant,
1325 1872 1402 1901 anni
1419 1871 1549 1902 definiti
1561 1877 1651 1904 sunt.

916 1917 963 1947 Ea
979 1918 1067 1947 enim
1087 1921 1224 1946 cautum
1241 1919 1304 1952 est,
1320 1924 1361 1945 ne
1383 1923 1461 1945 xxv.
1478 1917 1575 1946 annis
1592 1918 1650 1946 mi-

915 1969 1007 1990 nores
1027 1961 1180 2000 stipulari
1197 1963 1338 1999 possent,
1356 1963 1491 1988 auctore
1514 1959 1650 1990 Sueton.

916 2003 954 2034 L.
972 2005 1013 2034 iv.
1031 2004 1168 2034 Rhetor.
1181 2012 1234 2043 ap.
1246 2002 1403 2032 Priscian.
1415 2006 1448 2031 et
1464 2002 1553 2032 inter
1563 2002 1651 2043 frag-

916 2052 1031 2077 menta
1046 2046 1215 2077 Suetonii:
1240 2045 1328 2075 uude
1344 2045 1652 2086 ‚Qninardeennmia

916 2090 1035 2121 Plauto
1058 2090 1181 2120 dicitur
1204 2090 1237 2120 in
1254 2088 1372 2118 Pseud.
1390 2089 1411 2118 i.
1428 2091 1458 2119 3.
1476 2089 1528 2119 68.
1576 2088 1649 2119 Hac

915 2133 986 2174 lege
1003 2134 1049 2164 rei
1062 2134 1199 2174 privatae.
1207 2132 1387 2172 judicium,
1400 2131 1570 2171 publicum
1584 2132 1650 2163 fac-

913 2183 988 2208 tum
1006 2182 1070 2215 est,
1087 2182 1126 2207 ut
1150 2175 1219 2206 Cie.
1244 2176 1290 2206 ait
1313 2174 1352 2204 (le
1378 2174 1456 2204 Nat.
1480 2174 1581 2205 Deor.
1604 2176 1651 2207 iii.

912 2225 964 2255 39.
991 2221 1066 2252 Alia
1077 2221 1146 2259 ejus
1163 2219 1274 2259 capita
1289 2217 1422 2257 collegit
1435 2217 1593 2248 Heinece.
1606 2218 1651 2250 H.

913 2264 940 2294 1.
958 2264 994 2295 C.
1011 2275 1043 2305 p.
1062 2267 1113 2295 84.
1131 2264 1164 2293 in
1183 2273 1247 2302 quo
1260 2271 1326 2291 non
1341 2260 1473 2291 videtur
1488 2261 1598 2292 locum
1616 2263 1650 2293 in

913 2307 1093 2349 Capitolini
1116 2307 1231 2337 Marco
1262 2305 1453 2345 inspexisse.
1498 2304 1585 2335 Nam
1609 2305 1651 2336 V.

914 2351 963 2382 Cl.
988 2351 1082 2388 dicit,
1107 2350 1150 2380 ibi
1173 2349 1274 2386 tradi,
1299 2347 1482 2378 minoribus
1505 2349 1651 2388 petenti-

914 2396 988 2432 bus,
1013 2404 1112 2425 causa
1143 2393 1289 2432 cognita,
1314 2391 1408 2421 datos
1441 2396 1608 2422 curatores
1633 2401 1650 2421 e

914 2438 986 2477 lege
1003 2438 1075 2468 hac.
1121 2435 1330 2476 Capitolinus
1346 2435 1448 2464 dicit:
1478 2434 1652 2466 Curatores

914 2483 1005 2512 datos
1019 2491 1060 2512 ex·
1076 2490 1114 2510 ea
1125 2483 1261 2520 propter
1278 2479 1447 2509 lasciviam
1469 2482 1499 2508 et
1521 2478 1650 2509 demen-

913 2527 1008 2562 tiam,
1040 2523 1223 2555 Antonium
1262 2525 1375 2552 autem
1412 2521 1582 2559 statuisse,
1613 2526 1652 2551 ut

913 2569 1059 2599 omnibus
1074 2567 1198 2597 adultis
1213 2569 1379 2596 curatores
1394 2564 1568 2601 durentur,
1585 2573 1649 2594 non

914 2613 1048 2643 redditis
1067 2611 1184 2641 causis.
1229 2608 1293 2638 Sed
1315 2608 1440 2638 dudum
1466 2611 1544 2638 ante
1569 2606 1648 2637 Hei-

915 2656 1069 2686 neccium
1092 2662 1206 2694 sparsa
1227 2651 1308 2692 legis
1332 2651 1430 2690 hujus
1449 2651 1560 2690 capita
1582 2650 1649 2680 col-

913 2699 1001 2729 lecta
1034 2701 1114 2728 sunt
1137 2707 1157 2726 a
1179 2695 1383 2726 Gothofredo
1406 2693 1447 2724 ad
1471 2695 1492 2724 l.
1517 2696 1546 2725 9.
1576 2693 1649 2724 Coa.

915 2742 1066 2773 Tha-odos.
1086 2741 1125 2770 tle
1147 2740 1257 2770 donat.
1300 2737 1395 2768 Tulit
1413 2737 1461 2768 Μ.
1488 2737 1648 2767 Ioesorius

914 2785 1124 2816 Plane-ianus
1137 2782 1230 2813 'lrib.
1246 2781 1294 2812 Pl.
1311 2780 1349 2811 Α.
1366 2780 1408 2811 U.
1433 2788 1581 2810 ccccxc.
1605 2780 1647 2811 cf.

913 2829 1028 2859 doctos
1045 2828 1131 2858 viros
1148 2826 1189 2857 ad
1205 2825 1277 2856 Caii
1295 2824 1406 2855 Instit.
1424 2824 1444 2853 i.
1462 2826 1493 2855 8.
1516 2823 1555 2853 de
1580 2823 1647 2854 Cu-

913 2871 1108 2904 rationibus.

954 2915 1091 2946 Licmm
1130 2912 1264 2948 ΜυοιΑ,
1296 2910 1366 2941 lata
1396 2920 1415 2939 a
1448 2909 1488 2940 l..
1522 2909 1648 2939 Licinio

915 2958 1029 2991 emm
1043 2958 1183 2989 Oratore
1207 2959 1242 2986 et
1263 2954 1307 2996 L).
1325 2953 1434 2985 Mucio
1451 2953 1591 2985 Sooevota
1608 2952 1649 2984 A.
