1790 3219
653 85 801 115 mnnx
831 55 1131 114 inim-ruis.
1553 75 1638 114 458

110 176 222 215 psius
245 172 445 204 Siculorum.
468 173 545 203 Scn.
572 182 606 213 p.
629 172 668 203 R.
702 175 749 204 15.
773 177 853 203 tem-

113 222 242 258 pestate
268 219 355 248 civili
381 217 548 257 expulsus.
575 216 705 246 Muren.
728 219 774 249 Ιῖ.
799 226 850 245 co-

119 261 290 291 mitiorum
307 267 474 300 tempestas
491 259 668 299 popularis.
692 260 707 277 ⁸
722 259 761 288 de
775 268 852 288 vcn-

119 305 165 334 tis
180 306 333 335 secundis
350 306 389 334 ad
407 305 481 334 Dis.
500 304 560 333 xiv.
576 308 607 333 4.
632 308 851 342 tempestatem

119 349 377 388 prietes-mittere
395 347 585 377 noluerunt.

169 391 396 431 Tempu-stiriis,
417 397 636 430 opportunus.
670 389 807 419 Tnscnl.
830 390 851 420 i.

116 437 172 466 ⁴5.
199 435 305 465 inulta
328 435 407 464 mihi
432 434 472 463 ad
499 438 638 463 mortem
664 437 851 472 tempe-mvn

117 477 236 515 fuere3
275 487 347 516 quae
374 477 503 506 utinam
536 478 717 516 potuis-eni
749 478 850 507 obire.

116 522 137 540 ⁶
152 522 338 552 convivium
356 525 589 559 tempmewum.
615 521 703 551 Mur.
720 522 750 551 6.
769 522 852 551 Catu

122 567 173 595 14.
195 565 294 595 Arch.
310 565 340 595 6.
365 564 450 603 qnod
469 570 546 594 ant«—
563 571 696 604 teinpus
714 564 849 595 solitum

117 607 235 645 initur,
255 608 441 638 convivium
461 608 500 637 de
517 609 582 645 die,
600 608 695 647 item,
713 609 800 648 qnod
816 609 850 638 in

118 651 261 681 multam
279 659 411 682 noctem
432 652 634 692 producitur.

160 694 360 734 Temperius,
385 697 559 725 maturius.
577 696 617 725 ad
637 696 710 725 Div.
728 696 771 725 ix.
800 696 849 726 16.

116 741 295 778 temperius
320 740 379 769 fiat
401 749 504 769 coena.
524 749 553 768 v.
571 738 704 769 Manut.
721 739 762 769 ad
778 738 808 769 b.
828 738 849 769 l.

115 783 174 822 qui
213 782 322 819 docet,
357 785 533 822 temperius
570 792 640 812 esse
678 783 850 821 antiquius

115 836 217 865 quani
235 828 425 866 temporius.-
459 826 547 865 quod
563 831 689 856 veteres
706 826 851 856 dixerint

114 875 241 909 tempus
256 872 422 910 temperis:
441 869 528 899 unde
545 869 645 899 etiam
660 871 794 910 tcnvperi
806 870 850 900 sit

115 914 207 953 apud
222 913 392 952 Plautum,
414 922 473 953 pro
491 923 555 952 quo
571 918 646 954 post
661 913 789 944 dictum
807 914 851 944 sit

115 958 261 997 tempori.

162 1000 345 1040 Templum,
362 999 455 1030 locus
482 1000 523 1030 ab
554 1000 735 1040 auguribus
762 1004 850 1031 certo

110 1044 187 1076 -ritu
202 1048 332 1084 eaptus,
349 1044 434 1073 utin
450 1054 489 1074 eo
512 1045 691 1083 augurium
719 1050 850 1083 agatur.

113 1088 162 1118 uic
177 1087 245 1118 fere
262 1087 382 1117 definit
396 1087 500 1118 Varro
515 1088 554 1118 L.
568 1087 606 1118 L.
623 1089 664 1118 vi.
685 1097 718 1128 p.
736 1098 779 1118 m.
796 1089 849 1119 66.

115 1131 171 1166 67.
205 1131 256 1161 De
273 1131 341 1161 ritu
358 1131 525 1171 capiendi,
550 1131 612 1162 vid.
627 1131 740 1162 Livius
763 1132 784 1162 i.
803 1134 850 1162 18.

112 1174 155 1205 de
171 1174 323 1205 formulis
335 1176 454 1214 quibus
469 1175 676 1215 capiebatur,
688 1175 752 1205 vid.
764 1175 852 1206 Bris-

111 1228 189 1249 aon.
207 1218 247 1249 de
264 1218 409 1250 Formul.
433 1219 454 1248 Ι.
477 1219 499 1248 i.
525 1228 593 1249 non
616 1219 705 1249 enim
733 1218 850 1250 iisdem

117 1262 225 1293 verbis
256 1263 508 1303 concipiebatur
534 1272 784 1302 usquequaque,
815 1267 852 1292 ut

111 1306 164 1336 ait
180 1305 283 1336 Varro
299 1306 321 1336 1.
337 1316 365 1336 c.
380 1307 437 1345 qui
454 1310 488 1336 et
513 1306 581 1346 ipsc
598 1316 700 1336 unam
723 1307 852 1345 attulit,

113 1350 175 1381 sed
191 1349 288 1380 hodie
304 1350 340 1380 in
355 1350 446 1381 libris
459 1350 636 1389 insigniter
645 1356 851 1390 corruptam,

114 1393 256 1433 ideoque
267 1394 357 1424 varie
373 1404 392 1423 a
408 1394 513 1424 doctis
529 1398 709 1424 tentatam.
731 1404 760 1424 v.
776 1395 853 1424 Sca-

114 1436 203 1477 liger
218 1437 259 1468 ad
275 1437 309 1468 h.
325 1437 347 1467 Ι.
371 1438 425 1468 Sic
440 1447 520 1477 cape
536 1437 599 1467 hoc
616 1438 752 1468 verbum
771 1437 851 1477 Leg.

117 1480 154 1511 ii.
173 1484 203 1512 8.
226 1491 369 1521 augures
396 1483 517 1520 templa
539 1481 640 1511 effata
655 1487 689 1511 et
713 1481 852 1512 liberata

117 1523 277 1555 habento.
294 1524 382 1556 conf.
397 1525 501 1555 effari.
527 1525 545 1543 ³*
561 1526 721 1564 quoniam
737 1531 852 1555 autem

113 1570 275 1608 templum
304 1567 367 1599 hoc
407 1578 575 1607 augurum
605 1574 678 1599 erat
706 1569 850 1609 spatium

115 1611 192 1642 coeli
212 1612 245 1642 in
263 1621 379 1642 omnes
395 1618 520 1652 partes,
538 1622 708 1652 quousque
726 1613 852 1653 prospi-

113 1655 146 1685 ci
187 1660 332 1696 poterat,
359 1656 451 1693 hinc,
478 1657 630 1696 inprimis
660 1658 780 1696 poetis,
812 1657 852 1686 de

112 1698 200 1730 coelo
225 1699 359 1730 dicitur.
383 1700 496 1730 Somn.
521 1700 608 1740 Scip.
639 1702 670 1731 3.
703 1700 851 1738 Densis,

114 1743 215 1782 cujus
232 1748 283 1773 est
298 1745 455 1783 templum
471 1743 532 1774 hoc
544 1753 656 1781 omne,
670 1744 757 1783 quod
774 1753 853 1774 con—

113 1787 229 1827 spicis.
252 1787 330 1818 Div.
354 1787 376 1818 i.
394 1789 447 1818 20.
471 1787 546 1818 coeli
571 1787 695 1818 caerula
719 1790 851 1827 templa.

112 1830 135 1849 ‘⁸
151 1830 271 1861 deinde
283 1831 442 1870 quoniam
455 1830 508 1861 hic
524 1831 616 1862 loeus
632 1831 852 1870 inauguratus

111 1878 151 1904 et
173 1879 310 1905 sanetus
333 1879 397 1912 est,
419 1879 596 1915 propterea
619 1875 728 1905 omnis
761 1874 852 1905 locus

113 1918 337 1957 inauguratus
353 1920 510 1958 templum
526 1919 659 1949 dicitur.
683 1918 801 1950 Milon.
823 1922 852 1950 1.

111 1960 281 2003 praesidia,
291 1971 365 2001 quae
374 1972 434 2002 pro
443 1962 596 1993 omnibus
608 1964 734 2002 templis
746 1964 852 1993 cerni—

109 2006 172 2036 tis.
199 2004 253 2035 Sic
270 2005 361 2035 locus
377 2015 436 2045 pro
452 2007 578 2044 rostris,
596 2006 651 2036 ubi
674 2007 852 2037 conciones

113 2047 339 2086 habebantur,
356 2051 513 2089 templum
528 2049 662 2080 dicitur.
693 2049 786 2080 Verr.
805 2051 851 2081 iii.

112 2093 169 2127 96.
194 2093 250 2131 qni
276 2093 425 2131 quotidie
456 2095 615 2133 templum
650 2098 756 2124 tenet.
789 2093 852 2125 Va-

111 2137 180 2166 tin.
202 2139 251 2167 10.
282 2137 316 2166 in
333 2137 461 2175 rostris,
478 2138 511 2167 in
536 2136 605 2174 illo,
633 2138 784 2177 inquam,
801 2139 851 2168 in·

65 2207 68 2212 .
112 2187 283 2220 augurato
297 2182 413 2221 templo
438 2191 476 2211 ac
502 2180 585 2211 loco.
612 2181 654 2211 cf.
677 2183 766 2212 Sext.
797 2185 850 2214 35.

114 2223 200 2254 item
217 2224 320 2255 curia.
343 2225 443 2255 Doin.
467 2227 520 2255 51.
544 2225 571 2255 si
597 2224 709 2255 sedem
731 2225 850 2266 ipsam,

111 2276 155 2297 ac
179 2269 336 2307 templum
366 2268 490 2308 publici
523 2268 661 2299 Consilii
690 2268 851 2308 religione

113 2311 302 2342 concordiae
317 2311 528 2342 devinxisset.
547 2312 588 2342 cf.
603 2322 632 2343 c.
649 2315 702 2344 53.
719 2323 748 2342 ν.
763 2314 849 2354 inpr.

113 2353 249 2385 Manut.
265 2354 308 2385 ad
318 2355 408 2385 Sext.
421 2357 474 2390 29.
496 2357 515 2374 ¹*
526 2356 614 2386 Sunt
628 2357 730 2386 etiam
745 2357 852 2387 Aehe-

111 2398 204 2430 rusia
232 2401 366 2438 tempta.
393 2399 494 2430 Tusc.
518 2400 540 2430 i.
566 2402 620 2431 21.
642 2409 689 2430 sc.
712 2401 791 2439 quia
805 2401 851 2431 ibi

110 2440 214 2473 Pluto
227 2442 368 2473 habitat.

161 2483 322 2526 Tempore.
338 2490 482 2518 mature.
503 2487 594 2517 Sext.
611 2489 663 2521 37.
691 2497 752 2518 cur
778 2491 851 2518 tam

106 2531 251 2568 dempori
265 2529 472 2561 exclamarit.
488 2530 576 2561 conf.
591 2531 785 2570 temperius.

163 2572 315 2613 Tempus,
331 2575 505 2613 eleganter
529 2579 564 2604 et
587 2574 703 2605 crebro
727 2575 852 2606 dicitur

115 2614 158 2646 de
173 2620 264 2647 statu
280 2618 454 2658 cujusque,
473 2621 508 2649 et
528 2617 733 2657 conditione,
749 2629 851 2658 quam

116 2664 210 2690 certo
224 2665 375 2702 tempore
393 2663 597 2699 obtinemus,
621 2666 682 2692 aut
706 2663 853 2693 obtinui-

108 2711 207 2740 >mus,
231 2708 290 2734 aut
315 2705 555 2743 obtinebimus,
584 2708 620 2736 et
649 2705 785 2745 quidem
816 2707 851 2736 in

115 2750 295 2786 utramque
324 2754 466 2789 partem.
500 2749 543 2780 ad
564 2748 605 2788 Ω.
623 2749 674 2780 Fr.
691 2750 714 2780 i.
733 2752 760 2780 1.
775 2759 804 2780 c.
821 2753 851 2781 5.

107 2798 216 2829 ¹quem
258 2790 344 2822 forte
384 2792 638 2833 (provincialem
661 2792 848 2833 hominem)

110 2834 266 2873 cognosti
291 2836 511 2867 amantiorem
534 2837 600 2875 tui,
615 2846 716 2877 quam
733 2840 852 2878 tempo-

102 2877 186 2907 rie.-
208 2876 244 2910 h.
258 2887 289 2911 ο.
303 2877 476 2920 etatum,
494 2881 528 2913 ni
550 2890 653 2922 quem
678 2880 771 2914 videa
800 2881 851 2914 tui

899 178 1069 202 amantem
1087 173 1189 203 videri
1213 172 1309 209 vene,
1333 172 1432 211 idque
1448 175 1509 202 tua
1530 181 1632 204 cauta

898 216 1022 254 potins,
1042 226 1140 254 quami
1169 217 1246 254 quia
1270 218 1341 255 jain
1367 226 1400 246 es
1429 216 1563 246 Praetor.
1588 215 1632 246 ad

897 259 971 288 niv.
988 269 1017 288 x.
1041 262 1066 288 Ι.
1080 270 1152 297 qun·
1169 261 1194 288 zi
1211 261 1249 289 ad
1262 265 1355 290 tunm
1372 265 1498 300 tempus
1508 259 1630 299 perdu-

894 302 1001 331 citur:
1029 302 1060 332 h.
1087 313 1116 331 e.
1143 302 1183 332 ad
1206 304 1424 333 (Lonsnlatnm
1451 310 1561 333 tuum.
1592 303 1627 333 in

898 345 1009 375 Cam-il.
1041 348 1071 375 ²2.
1106 350 1231 384 tempus
1255 348 1513 376 nvn-essariorum
1539 355 1631 376 ineo-

895 398 983 425 rnm,
1000 389 1039 418 di·
1052 388 1170 418 sit-ulis
1185 399 1306 428 magna
1318 389 1562 429 multiplicique
1578 389 1630 420 in-

887 433 978 471 juria
994 433 1133 469 affectis,
1151 437 1184 461 et
1200 432 1336 462 Verrem
1361 442 1516 463 accusare
1534 433 1631 463 insti-

894 477 1078 507 tuentibus.
1104 476 1202 506 Arch.
1222 476 1251 506 6.
1271 476 1308 505 ‘ib
1326 475 1449 505 nullius
1469 487 1630 515 umquam

895 530 947 550 me
965 524 1114 560 tempore,
1139 525 1197 549 aut
1221 519 1407 554 commodo,
1435 526 1493 549 aut
1520 521 1628 550 otium

894 573 1006 594 meum
1024 565 1186 594 abstraxit
1202 564 1262 593 διο.
1279 564 1319 592 de
1337 563 1398 593 reis
1416 574 1422 592 z
1447 573 1511 601 quo
1528 573 1629 593 sensu

894 613 944 637 est
971 608 1152 647 saepissime
1195 606 1282 647 apud
1311 606 1529 643 Ciceronem3
1569 616 1627 646 pro

894 661 958 690 quo
976 652 1076 681 etiam
1099 650 1181 681 dicit
1205 649 1412 690 periculum3
1437 649 1476 679 de
1492 659 1556 688 qno
1572 659 1629 679 su-

894 704 963 734 pra.
980 694 1096 724 Manil.
1116 698 1141 724 Ι.
1157 704 1255 724 omne
1270 703 1380 724 meum
1393 700 1527 732 tempus
1544 693 1628 722 ami-

893 748 1006 768 cornm
1030 739 1222 777 temporibus
1246 738 1542 768 transmittendum
1570 746 1631 776 pu-

894 782 1113 812 tavi.—n.ens
1129 781 1220 811 labor
1235 782 1268 811 in
1282 781 1485 821 privatorum
1496 781 1631 820 pericu-

894 826 933 855 lis
948 831 1037 856 caste
1064 827 1259 864 integreque
1283 830 1442 855 versatus.
1467 824 1559 854 Verr.
1580 824 1628 854 iii.

894 870 946 899 61.
973 869 1162 908 Utrumque
1173 870 1333 907 jungitur
1347 880 1353 896 :
1372 879 1410 898 ex
1424 873 1562 908 tempto-e
1571 877 1632 907 pe-

893 914 991 942 rir-uli
1018 914 1066 942 tui
1093 914 1314 943 constitutum
1332 913 1469 942 crimen.
1493 911 1535 941 ad
1552 911 1631 942 Div.

894 957 915 986 i.
931 961 962 990 9.
986 957 1100 996 scripsi
1123 962 1190 986 tres
1214 955 1313 986 libros
1330 956 1476 986 versibus
1493 955 1532 985 de
1548 959 1631 985 tem·

888 1001 1021 1039 poribus
1038 1000 1119 1030 meis
1133 1012 1140 1029 ι
1166 1000 1198 1030 h.
1215 1010 1244 1029 e.
1261 999 1300 1030 de
1317 1004 1457 1038 utraque
1479 998 1630 1037 fortuna,

894 1043 1070 1074 consulatu
1102 1051 1135 1074 et
1162 1043 1271 1073 exilio.
1319 1043 1362 1073 Et
1393 1043 1530 1073 exilium
1559 1042 1634 1081 qui-

895 1087 970 1117 dem
1001 1096 1099 1117 suuni
1127 1090 1303 1126 totumque
1331 1086 1426 1116 illum
1454 1096 1568 1116 casum
1596 1090 1633 1116 et

894 1131 1082 1171 perieulum
1099 1141 1119 1161 a
1136 1130 1252 1161 Clodio
1277 1140 1364 1171 saepe
1379 1135 1513 1170 tempus
1529 1139 1631 1160 suum

894 1174 1052 1214 postulat.
1068 1184 1098 1205 v.
1112 1185 1140 1204 e.
1157 1176 1248 1205 Sext.
1261 1177 1312 1205 58.
1336 1175 1471 1213 tempori
1484 1183 1558 1213 meo
1575 1172 1634 1203 de-

894 1218 1033 1248 fuerunt
1049 1218 1109 1248 &c.
1136 1218 1177 1248 ad
1201 1218 1278 1249 Div.
1295 1218 1338 1248 vi.
1355 1218 1387 1248 6.
1411 1226 1534 1257 magna
1550 1221 1634 1247 tem-

888 1271 1010 1301 porum
1037 1267 1226 1292 nostrorum
1254 1262 1408 1291 varietas.
1425 1261 1503 1291 ibid.
1520 1271 1633 1292 rerum

896 1306 958 1336 hoc
977 1310 1099 1336 natura
1122 1311 1156 1336 et
1173 1309 1353 1345 temporum
1383 1305 1529 1335 civilium
1547 1305 1634 1335 ratio

896 1359 963 1379 non
994 1351 1153 1389 patietur.
1185 1359 1305 1390 nempe
1334 1353 1479 1389 tempora
1510 1348 1634 1387 civilia,

895 1399 976 1423 sunt
992 1400 1099 1424 status
1124 1399 1158 1423 et
1184 1392 1414 1424 conversiones
1440 1392 1631 1423 civitatum.

895 1436 960 1467 Sed
987 1437 1020 1467 in
1047 1437 1241 1468 universum
1272 1441 1414 1467 teneant
1441 1437 1566 1467 tirones
1597 1436 1634 1466 in

895 1480 1086 1519 hujusmodi
1110 1480 1203 1518 locis,
1225 1481 1280 1511 ubi
1309 1490 1348 1510 ex
1372 1479 1495 1510 vicinia
1519 1480 1638 1511 verbo-

895 1534 970 1555 rum
987 1530 1021 1554 et
1037 1527 1197 1554 contextu
1214 1523 1427 1563 intelligitur,
1442 1533 1633 1554 sermonem

895 1577 966 1598 esse
983 1568 1022 1598 de
1036 1574 1128 1598 statu
1141 1568 1313 1607 cujusdam
1332 1567 1460 1605 rei,aut
1477 1567 1637 1605 hominis,

895 1616 929 1642 et
953 1612 1159 1649 conditione,
1184 1612 1335 1651 temporis
1364 1611 1515 1648 verbum,
1544 1611 1634 1650 quod

895 1661 947 1686 est
962 1656 1092 1696 generis
1120 1665 1256 1693 nomen,
1274 1654 1566 1695 interpretandum
1583 1664 1635 1684 es·

895 1709 944 1736 se,
972 1700 1005 1730 in
1037 1704 1150 1730 nostro
1177 1699 1311 1739 quidem
1342 1708 1508 1736 sermone,
1534 1699 1634 1729 verbo

893 1743 1039 1782 formae3
1074 1743 1162 1783 quod
1194 1743 1257 1773 nisi
1282 1743 1392 1773 facere
1420 1743 1536 1782 possis,
1565 1751 1635 1772 non

894 1788 975 1817 satis
990 1792 1024 1817 te
1040 1787 1108 1817 vim
1125 1787 1215 1820 verbi
1232 1796 1349 1826 capere
1365 1787 1460 1816 scias.
1476 1785 1496 1804 *Ψ
1511 1785 1568 1816 sed
1585 1785 1637 1816 di-

894 1831 984 1861 citur
999 1831 1102 1860 etiam
1116 1830 1155 1860 de
1165 1837 1328 1870 tempore,
1339 1840 1405 1869 qno
1421 1829 1500 1869 quid
1515 1835 1634 1860 actum

895 1880 958 1912 est,
976 1880 1036 1904 aut
1051 1875 1178 1914 agitur,
1195 1880 1252 1905 aut
1269 1874 1435 1913 agendum
1454 1878 1518 1911 est,
1538 1878 1574 1904 et
1590 1873 1632 1904 de

894 1928 943 1955 re,
961 1928 1035 1957 quae
1057 1924 1209 1958 tempore
1234 1918 1379 1957 quodam
1409 1922 1484 1947 acta
1509 1923 1572 1954 est,
1588 1916 1632 1948 ad

893 1962 970 1993 Div.
997 1963 1018 1992 i.
1049 1965 1080 1996 7.
1103 1967 1229 2002 tempus
1259 1961 1496 1991 Canini-anum.
1528 1961 1632 1995 Dom.

888 2008 947 2037 51.
971 2010 1098 2045 tempus
1123 2005 1207 2036 illud
1231 2009 1303 2035 erat
1329 2004 1550 2043 tranquillum
1569 2005 1632 2036 διο.

893 2054 993 2080 tuum
1033 2059 1130 2090 porro
1168 2054 1293 2090 tempus
1321 2049 1475 2079 libertate
1516 2047 1632 2088 populi

893 2093 991 2124 Rom.
1005 2103 1175 2134 oppressa,
1191 2094 1333 2123 Senatus
1355 2092 1557 2122 auctoritate
1574 2091 1632 2122 de-

893 2136 982 2167 leta:
1002 2147 1074 2177 pro,
1089 2147 1155 2175 quo
1171 2142 1209 2167 tu
1225 2144 1376 2176 tempore
1391 2136 1524 2175 signum
1542 2135 1631 2166 Con·

894 2181 1012 2211 cordiae
1036 2180 1189 2210 dedicare
1207 2180 1347 2210 volebas.
1371 2178 1482 2218 Ligar.
1500 2181 1531 2209 2.
1557 2178 1629 2210 haec
1672 2183 1687 2193 ”

894 2225 960 2255 (1υο
969 2229 1114 2264 tempora
1126 2229 1243 2254 carent
1251 2223 1390 2253 crimine
1405 2226 1464 2253 &tn
1480 2222 1498 2241 ¹*
1509 2232 1632 2262 oppor-

893 2269 1020 2299 tunitas
1036 2268 1207 2308 temporis.
1231 2267 1327 2297 Rosc.
1343 2267 1454 2297 Amer.
1474 2269 1523 2297 10.
1547 2271 1630 2297 tem·

886 2322 969 2352 pore
984 2321 1132 2352 pugnare
1147 2324 1154 2342 z
1179 2312 1268 2341 unde
1284 2321 1343 2351 pro
1355 2315 1494 2350 tempore
1508 2319 1630 2350 oppor-

893 2360 977 2386 tuno
993 2355 1125 2386 dicitur.
1139 2355 1180 2385 ad
1189 2355 1253 2394 Qu.
1263 2354 1345 2385 Fr.i.
1359 2355 1389 2384 2.
1403 2357 1468 2384 c.3.
1481 2354 1537 2384 sed
1550 2358 1634 2384 tem-

887 2410 967 2440 pore
981 2400 1052 2439 ipso
1066 2400 1106 2430 de
1123 2398 1282 2439 epistolis.
1314 2397 1334 2416 ¹²
1349 2398 1395 2428 ad
1414 2402 1541 2437 tempus
1565 2401 1630 2436 est,

893 2443 983 2483 quod
999 2444 1051 2481 fit,
1069 2444 1147 2482 quia
1168 2447 1303 2482 tempus
1329 2441 1487 2481 postulat.
1512 2441 1627 2472 Plane.

891 2491 947 2519 30.
973 2496 1015 2517 ne
1028 2487 1174 2527 proferre
1191 2486 1302 2516 videar
1316 2485 1362 2515 ael
1375 2490 1509 2525 tempus.
1527 2485 1568 2516 ef.
1586 2485 1630 2515 ad

893 2531 970 2562 Div.
987 2542 1018 2561 x.
1034 2535 1065 2564 9.
1089 2529 1170 2560 Coel.
1192 2530 1223 2560 6.
1256 2529 1310 2559 Sic
1334 2529 1401 2559 fere
1427 2528 1630 2569 capiendum

893 2580 944 2606 est
959 2575 1062 2604 etiam
1078 2573 1174 2605 offic.
1190 2573 1211 2603 i.
1228 2575 1259 2604 8.
1282 2575 1366 2603 extr.
1382 2576 1402 2594 ἢ
1419 2573 1535 2603 eodem
1553 2581 1631 2602 sen-

893 2628 932 2649 su
949 2617 1074 2648 dicitur
1089 2617 1190 2647 etiam
1216 2626 1257 2647 ex
1282 2621 1431 2657 tempore.
1464 2615 1557 2646 Verr.
1579 2615 1629 2648 iii.

894 2664 948 2693 20.
960 2671 1001 2692 ex
1015 2666 1155 2701 tempore
1171 2659 1394 2691 nascebantur
1409 2659 1529 2691 edicta.
1546 2658 1628 2690 ibid.

894 2709 947 2740 71.
972 2704 1055 2735 nihil
1073 2715 1114 2736 ea:
1139 2709 1280 2743 tmpore
1304 2704 1398 2734 dicit.
1425 2703 1468 2734 ef,
1499 2705 1552 2737 75.
1575 2703 1630 2733 61.

895 2748 1002 2780 Flacc.
1023 2751 1070 2779 15.
1087 2747 1193 2779 solere
1219 2756 1295 2778 suos
1317 2748 1404 2778 cives
1432 2751 1628 2785 ceterosque

894 2792 1027 2823 Graecos
1042 2802 1083 2822 ea:
1101 2796 1254 2831 tempore,
1270 2791 1358 2831 quod
1371 2800 1454 2831 opus
1468 2790 1526 2826 sit,
1541 2789 1631 2819 obsi-

883 2845 997 2876 ‚gnare
1012 2848 1019 2866 :
1037 2835 1126 2874 quod
1137 2834 1260 2866 ibidem
1273 2835 1374 2865 etiam
1387 2835 1511 2864 dicitur
1524 2845 1530 2862 :
1548 2837 1630 2863 tem-

883 2880 980 2924 poris
1003 2888 1114 2912 eausa.
1154 2879 1213 2912 Sic
1235 2882 1271 2912 et
1288 2882 1342 2911 ost
1365 2876 1450 2912 Rab.
1470 2876 1561 2909 Post.
1579 2877 1631 2909 13.

942 2931 1006 2964 eg
1030 2926 1050 2956 ³
