1800 3131
122 127 207 165 350

168 222 313 254 Malitia.
345 221 424 253 Nat.
456 222 499 254 D.
525 221 571 253 iii.
595 225 646 254 30.
674 221 755 262 quid
785 223 853 254 sit?

124 266 145 285 Ψ
157 266 277 297 callida
292 267 378 306 juris
395 267 640 307 interpretatio,
657 276 731 306 quae
748 272 783 298 et
802 278 856 297 ca-

127 310 256 341 lumnia
274 311 406 341 dicitur.
439 310 560 341 Caecin.
582 314 608 341 l.
639 311 766 342 malitia
783 311 855 350 jam

126 359 178 385 est
193 355 367 385 usitatum.
398 353 440 384 ad
460 354 535 385 Div.
552 355 595 385 ix.
612 358 643 389 7.
674 354 856 384 calumnia-

125 403 180 428 tus
218 407 306 436 sum,
344 397 497 428 indicabo
533 399 696 429 malitiam
735 408 854 428 meam.

125 441 300 472 *sollertia
316 447 351 472 et
373 442 607 482 perspicacitas
632 442 667 472 in
690 441 772 471 dolis
796 441 856 471 ho-

126 486 256 516 minum
270 485 428 516 videndis.
453 496 529 516 nam
548 487 602 524 qui
621 485 680 525 ipsi
694 484 784 514 dolos
799 495 854 514 ne-

123 534 214 559 ctere
232 530 370 570 possint,
383 529 405 559 ii
420 530 519 560 etiam
536 529 667 559 fraudes
685 532 854 565 verentur,

123 578 159 604 et
183 574 239 603 ubi
263 574 360 612 fiant,
383 573 507 603 vident.
537 573 607 603 Att.
632 582 683 602 xv.
707 572 759 602 26.
792 572 855 600 nisi

124 621 185 648 tua
201 619 327 648 malitia
345 616 502 647 affuisset.
529 619 548 637 ²*
559 616 628 646 Fin.
644 616 691 645 iii.
711 618 758 645 ll.
774 624 854 654 quas

124 660 230 691 Graeci
244 659 351 694 κακίας
362 660 546 701 appellant,
556 659 636 689 vitia
646 657 747 696 malo,
755 668 854 697 quam

125 706 270 735 malitias
286 705 469 734 nominare.

167 748 360 783 fl!alitiosus‚
378 746 528 777 callidus.
557 743 621 776 Off.
638 745 659 775 i.
680 748 730 776 10.
759 746 856 776 mali-

124 794 204 822 tiosa
232 792 314 831 juris
346 789 588 831 interpretatio.
632 789 697 820 Off.
727 789 773 819 iii.
806 792 854 820 18.

125 836 208 866 mihi
224 835 326 865 etiam
350 843 435 864 verae
452 833 652 864 hereditates
670 842 737 863 non
752 832 855 862 hone-

123 885 184 910 stae
207 879 374 915 videntur,
399 879 425 908 si
448 878 516 908 sint
539 878 708 907 malitiosis
732 877 855 907 officio—

123 932 197 953 rum
224 921 393 952 blanditiis
421 921 583 962 quaesitae,
606 929 673 950 non
701 921 855 958 veritate,

124 966 182 996 :ed
198 965 423 996 simulatione.

165 1009 339 1046 flIalz'tiose,
371 1019 430 1049 per
467 1007 683 1039 calumniam.
729 1007 854 1038 Caecin.

123 1058 155 1088 7.
189 1063 282 1083 novae
307 1053 374 1084 litis
398 1062 503 1093 genus
526 1056 597 1083 tam
622 1053 779 1089 malitiose
805 1052 855 1081 in-

121 1098 287 1127 tenderet.

163 1141 267 1172 ]lIalle
282 1149 357 1171 cum
381 1140 502 1181 potius.
533 1139 627 1170 Balb.
647 1142 679 1174 7.
701 1138 773 1170 Att.
790 1139 854 1169 xiv.

164 1229 349 1266 flhzllcolus,
367 1228 402 1258 in
427 1227 547 1257 vitibus
571 1231 622 1256 est
645 1225 772 1267 palmes
796 1236 856 1256 no-

121 1283 195 1311 vus,
212 1283 289 1303 cum
313 1276 409 1312 parte
433 1271 516 1311 ligni
541 1270 681 1300 durioris
708 1270 748 1300 ab
764 1274 854 1300 utra-

121 1326 184 1355 que
209 1322 303 1357 parte
329 1317 464 1353 recisus,
485 1318 523 1344 ut
546 1315 686 1344 malleoli
709 1314 853 1353 figuram

121 1359 254 1391 habeat.
284 1360 368 1390 Cato
389 1362 436 1390 15.
468 1358 541 1388 add.
562 1357 692 1388 Colum.
710 1357 756 1387 iii.
774 1357 804 1388 6.
821 1361 853 1388 3.

118 1403 138 1422 ὕ
151 1403 192 1434 In
207 1414 242 1435 re
264 1403 400 1434 militari
424 1409 504 1432 sunt
526 1401 690 1442 manipuli
712 1402 850 1442 spartei,

121 1448 195 1487 pice
226 1448 367 1484 inducti,
397 1446 515 1486 quibus
554 1445 679 1485 sagitta
715 1445 853 1483 inserta,

124 1491 225 1532 (unde
251 1490 391 1522 malleoli
420 1487 540 1529 figura)
570 1493 608 1520 ut
634 1488 855 1529 projiciantur

119 1535 155 1565 in
185 1535 321 1566 hostilia
348 1534 574 1570 munimenta,
604 1542 717 1573 opera,
747 1537 852 1570 tecta,

119 1581 179 1610 &c.
203 1578 350 1609 incendii
359 1576 524 1608 excitandi
535 1585 645 1606 causa.
662 1575 854 1606 Pechkran-

119 1632 170 1653 ze.
204 1622 301 1654 Catil.
318 1622 339 1652 i.
363 1624 412 1652 13.
446 1620 519 1651 Mil.
544 1621 596 1651 94.
628 1630 656 1649 v.
674 1619 765 1660 Lips.
792 1619 851 1649 Ρο-

118 1665 210 1697 liorc.
228 1676 258 1697 v.
276 1669 306 1698 5.
335 1669 370 1695 et
384 1673 465 1704 quos
481 1669 603 1704 praeter
625 1663 716 1693 hunc
735 1663 851 1693 laudat

117 1709 291 1741 Drakenb.
309 1709 350 1739 ad
364 1709 435 1740 Liv.
452 1707 586 1737 xxxviii.
603 1708 634 1738 6.

162 1753 308 1791 fllalum,
331 1763 361 1783 v.
378 1750 576 1782 obiculatus.

160 1797 316 1834 stlanare,
345 1795 509 1832 excidere,
538 1795 627 1824 exire
655 1793 689 1824 in
719 1792 851 1833 vulgus.

117 1841 189 1872 Att.
208 1841 255 1872 iii.
276 1842 323 1871 12.
348 1839 464 1879 scripsi
480 1837 634 1878 equidem
651 1837 732 1867 olim
746 1837 850 1867 iratus

115 1885 217 1915 —sed
239 1885 288 1914 ita
310 1891 584 1923 compresseram,
601 1884 640 1911 ut
662 1890 848 1920 numquam

117 1933 331 1959 manaim-am
348 1931 513 1968 putarem.
538 1924 703 1965 quomodo
719 1924 850 1954 excide-

118 1973 174 2010 rit,
190 1973 313 2002 nescio.

160 2016 327 2056 Manceps,
350 2013 532 2050 redemtor,
556 2011 750 2042 conductor.
795 2010 849 2041 Sic

117 2060 285 2100 publicani
308 2059 468 2089 dicuntur
491 2057 664 2096 mancipes,
687 2056 766 2094 quia
790 2065 850 2095 pu-

116 2100 575 2142 blicavectigaliaredimunt.
589 2100 688 2131 Dom.
705 2101 754 2130 10.
766 2099 849 2129 item

116 2146 172 2177 alii
198 2147 400 2177 redemtores
427 2144 647 2175 decumarum
674 2143 709 2173 in
737 2142 850 2172 Caecil.

118 2193 168 2221 10.
191 2201 288 2240 porro
305 2189 472 2221 redemtor
486 2187 618 2218 aedificii
635 2186 775 2225 alicujus
791 2189 851 2216 aut

115 2235 222 2275 operis
250 2233 387 2275 publici,
412 2233 507 2263 Verr.
535 2231 556 2261 i.
586 2233 637 2262 54.
669 2231 765 2268 item,
791 2230 849 2269 qui

115 2278 262 2317 praedam
284 2278 379 2307 emit.
409 2276 588 2307 Dom.18.
623 2274 703 2304 item
727 2273 768 2310 is,
792 2274 848 2313 qui

115 2326 150 2351 et
173 2328 282 2352 sector
303 2321 438 2351 dicitur.
468 2319 564 2350 Rosc.
581 2319 620 2348 A.
639 2321 669 2349 8.
699 2327 849 2357 manceps

115 2364 259 2395 hominis
283 2364 515 2395 studiosissimi
539 2361 742 2392 nobilitatis:
768 2360 802 2391 h.
818 2372 847 2391 e.

114 2408 277 2441 bonorum
306 2409 388 2447 ejuS.
421 2406 562 2444 denique
594 2405 634 2443 is,
658 2405 715 2444 qui
746 2413 848 2445 pecu-

115 2452 205 2481 niam
228 2452 323 2490 emit,
340 2458 374 2482 et
397 2460 470 2480 eam
495 2449 559 2479 alio
582 2448 654 2479 loco
677 2448 721 2485 ei,
738 2458 759 2478 a
781 2457 847 2486 quo

113 2495 256 2535 accepit,
272 2499 330 2525 aut
350 2494 467 2524 eodem
491 2502 626 2533 genere,
643 2494 702 2522 aut
725 2492 759 2521 in
783 2490 847 2522 alio

114 2547 295 2572 numerum
313 2537 504 2568 solvendam
522 2540 629 2566 curat.
660 2535 702 2566 ad
720 2535 797 2566 Div.
814 2545 847 2565 v.

114 2583 168 2613 520.
191 2585 262 2612 erat
277 2583 366 2612 enim
383 2580 476 2611 nobis
494 2584 611 2610 curata
626 2579 770 2619 pecunia
779 2578 844 2608 Va-

113 2623 187 2655 lerii
214 2627 370 2666 mancipis
393 2624 546 2655 nomine·
579 2622 612 2653 h.
638 2632 667 2653 e.
693 2621 845 2652 Valerius

114 2668 300 2699 redemerat
321 2668 499 2709 pecuniam
523 2667 593 2697 sine
618 2665 768 2706 periculo
786 2675 844 2695 no-

112 2717 181 2743 stro
199 2713 306 2751 nobis,
324 2723 388 2752 quo
404 2711 475 2742 loco
498 2710 691 2740 volebamus
714 2708 847 2739 solven-

115 2755 203 2787 dam.

158 2799 382 2838 Hancipatus‚
409 2797 577 2835 venditus,
600 2797 759 2836 mancipio
789 2795 846 2825 da-

113 2846 182 2879 tus,
197 2841 360 2872 addictus.
392 2841 475 2872 Cato
495 2844 543 2871 11.
569 2841 596 2870 si
612 2845 768 2871 senectus
792 2839 844 2870 sui

107 2887 194 2928 juris
211 2890 275 2923 est,
291 2886 318 2915 si
335 2885 461 2915 nemini
478 2885 677 2924 mancipata.

157 2929 317 2970 Mamm,
333 2933 384 2959 est
406 2937 465 2969 pro
482 2928 647 2968 mancipii,
664 2930 703 2959 ut
717 2926 844 2959 dudum

634 133 779 163 INDEX
810 134 943 163 LATIN
950 135 1088 163 l'rA'rls
1095 152 1104 163 .

900 223 1009 254 videre
1033 223 1092 253 viri
1117 222 1218 253 docti.
1257 222 1384 262 itaque,
1407 232 1481 263 quae
1505 222 1544 255 de
1567 221 1631 255 hac

899 277 977 297 voce
1001 267 1153 305 dicenda,
1170 267 1211 297 ad
1234 268 1388 308 mancipii
1410 277 1523 298 vocem
1539 271 1629 299 retu·

900 310 1011 341 limus.

943 354 1158 394 Alancipium.
1187 353 1269 394 Top.
1287 356 1341 386 525.
1371 356 1529 396 ‘mancipio
1543 354 1633 386 dare.

899 396 941 427 cf.
955 398 996 427 ad
1009 397 1078 428 Att.
1090 398 1156 428 xiii.
1171 401 1222 429 50.
1239 398 1272 429 h.
1285 408 1314 428 e.
1332 408 1371 428 ex
1384 397 1455 437 lege
1471 398 1633 429 venditio-

899 441 949 470 nis
970 441 1046 478 jure
1073 443 1239 482 mancipii,
1266 442 1305 472 de
1332 451 1396 480 quo
1425 452 1511 472 mox.
1548 442 1631 472 *res

900 485 1042 524 mancipi
1066 490 1159 522 sunt,
1183 495 1257 524 quae
1289 485 1478 516 venduntur
1503 495 1563 526 per
1586 494 1631 515 aes

899 531 935 557 et
964 527 1096 565 libram,
1119 529 1337 568 praesentibus
1362 529 1508 568 quinque
1533 528 1631 559 testi-

901 570 980 608 bus;
1016 581 1082 609 quo
1112 572 1179 601 ritu
1210 572 1363 602 venditor
1392 571 1632 612 obligatur.ad

900 614 1099 644 evictionem
1115 616 1349 654 praestandam.
1377 617 1468 656 isque
1485 626 1555 646 mos
1573 615 1629 646 ad-

901 656 965 687 huc
989 657 1121 687 duravit
1143 657 1241 688 Plinii
1262 659 1340 698 maj.
1355 660 1575 700 teinporibuS‚
1591 663 1632 690 ut

901 706 993 740 patet
1017 711 1056 730 ex
1080 701 1124 731 H.
1148 701 1191 731 N.
1207 703 1317 732 xxxiii.
1335 706 1364 733 3.
1398 703 1506 734 Locus
1530 703 1632 733 diser-

899 744 1048 774 tissimus
1061 744 1100 774 de
1114 748 1187 774 tota
1198 755 1232 775 re
1245 751 1294 775 est
1307 755 1359 785 ap.
1373 746 1480 777 Plaut.
1495 745 1631 778 CurcuI.

900 788 942 818 iv.
969 790 1000 818 2.
1031 791 1062 819 8.
1088 797 1136 826 sq.
1182 788 1247 818 Sed
1275 788 1494 820 Ciceroniana
1520 791 1632 821 videa-

900 836 985 862 mus
1002 831 1090 861 Mur.
1108 834 1139 862 2.
1163 832 1188 861 si
1206 833 1240 862 in
1258 832 1296 862 iis
1315 832 1411 862 rebus
1429 834 1630 874 repetendis,

899 885 973 914 quae
989 877 1131 914 mancipi
1156 880 1248 913 sunt,
1266 876 1292 905 is
1309 875 1428 915 judicii
1443 877 1630 916 periculum

900 923 1058 958 praestare
1078 919 1189 957 debet,
1208 920 1263 958 qui
1289 930 1323 949 sc
1348 929 1435 950 nexu
1459 919 1630 960 obligavit.

900 962 996 992 Unde
1013 963 1071 1001 jus
1091 964 1235 1002 mancipi
1251 973 1276 993 s.
1295 965 1459 1004 mancipii.
1494 964 1576 996 Har.
1591 964 1633 995 R.

899 1009 933 1040 7.
964 1005 1070 1036 Flacc.
1087 1009 1140 1037 32.
1173 1007 1297 1037 Caecin.
1312 1007 1363 1037 26.
1396 1007 1484 1047 quod
1503 1012 1555 1038 est
1577 1017 1633 1038 ea-

900 1059 974 1080 rum
998 1059 1123 1087 rerum,
1143 1060 1218 1089 quae
1241 1052 1401 1091 mancipio
1421 1056 1456 1081 et
1479 1061 1581 1087 nexu,
1597 1051 1632 1082 h.

899 1103 928 1123 e.
967 1093 1034 1123 ritu
1064 1098 1335 1132 commemorato,
1366 1095 1459 1125 nobis
1496 1094 1631 1126 traditae

899 1140 990 1167 sunt.
1037 1136 1196 1167 Ceterum
1212 1117 1396 1168 notandum
1416 1143 1479 1176 est,
1498 1139 1632 1170 Cicero-

899 1190 991 1230 nem,
1020 1190 1100 1211 cum
1122 1181 1255 1220 jungat
1279 1181 1475 1222 plerumque
1506 1184 1631 1214 manci-

893 1225 990 1264 pium
1006 1228 1040 1254 et
1056 1234 1193 1263 nexum,
1209 1229 1382 1264 tamquam
1398 1225 1539 1256 eandem
1563 1227 1631 1256 vim

900 1267 1069 1306 habentia,
1085 1272 1201 1298 tamen
1217 1268 1299 1299 Har.
1316 1269 1355 1299 R.
1369 1278 1397 1298 0.
1409 1272 1441 1304 7.
1457 1279 1497 1300 ea
1511 1269 1632 1301 distin·

899 1320 1017 1351 guere.
1048 1312 1136 1351 quod
1158 1312 1302 1342 faciebat
1324 1317 1459 1344 auctore
1480 1312 1630 1344 Varrone

898 1355 1057 1393 Scaevola,
1081 1366 1157 1386 cum
1182 1355 1341 1386 Manilius
1364 1356 1471 1387 actus
1493 1367 1553 1397 pro
1575 1367 1630 1387 ea-

898 1398 974 1429 dem
1005 1409 1038 1429 re
1068 1399 1217 1430 haberet.
1269 1399 1442 1438 Manilius,
1474 1401 1631 1440 quicquid

897 1451 958 1483 per
979 1442 1096 1473 libram
1120 1444 1259 1482 geritur,
1275 1442 1309 1473 id
1331 1453 1455 1474 nexum
1477 1445 1630 1484 putabat,

897 1486 1046 1525 adeoque
1078 1487 1179 1516 etiam
1213 1488 1415 1526 mancipium
1428 1499 1437 1517 .·
1483 1487 1630 1519 Scaevola

897 1536 1014 1560 contra
1035 1540 1074 1560 ea
1095 1534 1231 1560 tantum
1256 1539 1359 1561 nexus
1384 1531 1519 1561 nomine
1538 1541 1630 1562 com-

898 1573 1137 1613 prehendebat,
1154 1583 1227 1613 quae
1248 1583 1306 1613 per
1321 1583 1364 1604 aes
1381 1580 1416 1604 et
1430 1574 1549 1606 libram
1572 1575 1630 1606 da-

897 1617 1031 1655 bantur,
1041 1621 1081 1647 ut
1092 1617 1333 1656 obligarentur,
1343 1622 1377 1648 et
1389 1618 1430 1648 ab
1441 1618 1503 1648 hac
1516 1619 1632 1660 appel·

896 1660 1021 1691 latione
1045 1662 1245 1700 mancipium
1269 1660 1477 1692 excludebat.
1506 1672 1537 1693 v.
1557 1662 1629 1693 Sal-

897 1713 979 1734 mas.
996 1704 1035 1734 de
1060 1704 1160 1734 Usur.
1177 1714 1206 1734 0.
1223 1707 1254 1735 8.
1272 1714 1305 1744 p.
1323 1705 1397 1736 205.
1412 1714 1483 1744 sqq.
1513 1705 1554 1735 de
1577 1716 1631 1737 re-

895 1747 956 1777 bus
972 1749 1114 1787 mancipi
1130 1752 1165 1778 et
1177 1748 1254 1787 jure
1270 1749 1425 1788 mancipii
1440 1748 1506 1779 vid.
1522 1749 1630 1781 etiam

895 1790 1152 1831 Bynkersboekii
1181 1792 1270 1822 Diss.
1294 1791 1334 1821 de
1361 1792 1459 1822 rebus
1484 1794 1630 1834 mancipi

895 1844 953 1865 nec
970 1836 1126 1875 mancipi,
1139 1835 1174 1865 in
1193 1834 1316 1875 Opusc.
1328 1845 1360 1875 p.
1378 1839 1450 1867 105.
1474 1836 1628 1876 inprimis

896 1887 924 1908 0.
944 1881 970 1909 l.
986 1883 1020 1908 et
1036 1881 1067 1909 2.
1096 1889 1116 1909 a
1130 1888 1195 1918 quo
1215 1879 1329 1915 miror,
1345 1888 1414 1909 non
1436 1889 1506 1909 esse
1530 1890 1559 1910 c.
1578 1883 1626 1916 19.

895 1922 951 1952 ubi
969 1922 1008 1952 de
1025 1922 1156 1962 praediis
1173 1922 1429 1961 provincialibus
1447 1923 1531 1962 agit,
1546 1922 1628 1955 alla-

894 1971 968 1995 tum
996 1965 1107 1996 locum
1141 1966 1311 1996 Ciceronis
1340 1965 1447 1996 Flacc.
1474 1969 1528 1998 32.
1569 1967 1626 2007 qui

894 2009 960 2039 huc
983 2009 1135 2049 inprimis
1158 2009 1361 2049 pertinebat.
1397 2009 1627 2052 *mancipium

894 2056 947 2083 est
968 2053 1070 2083 etiam
1093 2062 1153 2094 pro
1171 2052 1317 2083 formula
1332 2056 1367 2083 et
1380 2053 1625 2085 conditionibus

894 2096 1160 2127 abalienationis.
1181 2096 1246 2127 Off.
1261 2096 1308 2126 iii.
1327 2097 1378 2128 16.
1397 2096 1513 2128 hocin
1531 2107 1625 2129 man-

893 2141 972 2180 cipio
994 2139 1120 2171 Marius
1144 2149 1211 2170 non
1235 2140 1374 2171 dixerat.
1402 2151 1461 2180 pro
1485 2151 1550 2180 quo
1574 2147 1626 2172 est

893 2185 1051 2223 mancipii
1078 2183 1143 2214 lex.
1181 2184 1239 2214 Or.
1266 2184 1289 2213 i.
1315 2186 1368 2218 39.
1406 2184 1440 2214 in
1470 2186 1626 2225 mancipii

892 2227 966 2266 lege
983 2236 1050 2258 non
1067 2227 1162 2258 dixit.
1190 2227 1210 2246 ²¹·
1223 2227 1264 2257 de
1276 2226 1374 2258 domo
1390 2237 1449 2268 per
1462 2238 1506 2259 aes
1527 2233 1563 2259 et
1585 2228 1626 2259 li-

891 2271 986 2301 bram
1001 2271 1139 2302 vendita
1152 2270 1203 2301 vel
1217 2275 1320 2301 emta.
1344 2271 1401 2301 Or.
1418 2271 1440 2301 i.
1457 2274 1510 2306 39.
1533 2273 1626 2311 quic-

893 2314 973 2354 quid
996 2315 1067 2345 vitii
1092 2315 1212 2345 fuisset
1233 2315 1268 2344 in
1291 2316 1462 2355 mancipio.
1493 2315 1551 2346 sed
1572 2320 1626 2347 est

890 2368 1001 2388 sermo
1026 2359 1067 2388 de
1095 2357 1206 2388 domo.
1250 2357 1346 2398 *pro
1377 2358 1536 2390 dominio.
1581 2359 1623 2390 ad

891 2402 989 2432 Brut.
1014 2403 1064 2433 16.
1088 2403 1138 2432 sui
1149 2402 1235 2441 juris
1252 2405 1287 2432 et
1302 2403 1456 2442 mancipii
1472 2412 1557 2443 resp.
1573 2412 1624 2434 es-

889 2451 950 2476 set.

935 2487 1112 2519 Mandare.
1141 2488 1213 2519 Att.
1228 2488 1271 2518 vi.
1295 2490 1322 2518 1.
1352 2497 1431 2518 vasa
1444 2487 1601 2519 mandavi
1613 2501 1624 2518 .-

890 2532 944 2564 ich
960 2532 1044 2562 habe
1060 2533 1106 2562 sie
1122 2532 1287 2563 bestellet.
1312 2530 1534 2570 *amandare,
1545 2532 1625 2563 mit·

889 2581 973 2606 tere.
1003 2574 1086 2606 Sull.
1102 2578 1155 2607 ΞΟ.
1185 2575 1357 2618 dimittere
1379 2584 1399 2605 a
1414 2584 1462 2612 se,
1477 2578 1513 2606 et
1527 2585 1623 2606 man-

889 2621 971 2650 dare
986 2620 1021 2650 in
1037 2619 1174 2649 ultimas
1188 2623 1306 2649 terras.

934 2663 1148 2700 Mandatum,
1158 2661 1382 2693 commission.
1406 2661 1503 2692 Rosc.
1515 2661 1555 2692 A.
1567 2665 1620 2694 38.

883 2707 1050 2746 judicium
1077 2707 1238 2737 mandati.
1271 2705 1313 2735 ef.
1336 2704 1402 2735 Off.
1425 2705 1470 2735 iii.
1499 2708 1548 2740 17.
1580 2705 1621 2736 de

888 2751 1056 2787 mandato,
1081 2750 1151 2789 ejus
1174 2749 1301 2788 origine
1325 2748 1385 2778 &c.
1415 2748 1485 2788 agit
1507 2748 1622 2780 Noodt

890 2794 985 2824 Prob.
1002 2794 1075 2824 Jur.
1092 2794 1164 2824 Civ.
1182 2793 1223 2823 iv.
1245 2794 1294 2823 12.

932 2837 1126 2868 Mandatus.
1155 2836 1256 2867 Tusc.
1271 2835 1306 2866 ii.
1327 2835 1375 2865 16.
1405 2835 1508 2874 pestis
1526 2844 1622 2865 man·

888 2882 969 2912 data
984 2880 1096 2911 hostili
1113 2889 1228 2910 manu.
1259 2879 1299 2908 de
1313 2877 1465 2916 vulnere,
1481 2888 1541 2920 pro
1556 2879 1620 2909 im.

888 2925 1010 2966 posite,
1026 2924 1164 2955 inflicto.
1187 2921 1245 2954 sed
1261 2926 1312 2953 est
1327 2932 1345 2952 e
1360 2925 1473 2963 poeta.
