1800 3131
139 146 220 184 200

137 243 264 274 tenuas
278 243 422 275 libenter
437 244 690 286 amplectuntur
704 247 866 279 homines.

136 286 239 318 Acad.
264 288 306 318 iv.
328 290 383 319 ⁶2⁶2.
414 290 643 321 inconstantia
661 291 791 322 lenitur
807 303 868 323 au-

132 332 284 365 ctoratus,-
317 333 406 372 quod
432 344 486 364 eos
512 343 578 364 non
602 334 698 364 facile
721 340 869 366 auctores

139 376 323 414 sequimur,
337 377 393 415 qui
410 378 638 408 inconstantes
653 380 780 409 suntin
793 389 868 409 sen-

138 419 268 449 tentiis.
299 420 364 451 Off.
380 421 401 451 i.
430 424 455 451 l.
486 431 619 451 summa
641 422 784 452 doctoris
807 433 868 453 au-

140 464 272 493 ctoritas
303 470 338 494 et
368 465 480 504 urbis3
516 466 595 504 quia
623 466 867 496 cruditissimus

139 513 204 543 est,
221 507 367 547 adeoque
383 508 487 538 bonus
503 514 616 539 auctor
638 509 867 549 philosopbiae,

139 554 175 580 et
190 550 225 580 in
241 552 322 581 urbe
339 552 475 582 inventa
491 558 541 582 est
554 552 773 592 philosophia.
792 554 867 583 Div.

140 593 162 623 i.
187 597 239 629 39.
271 604 370 625 nemo
394 595 608 636 philosophus
633 595 730 626 aliter
751 597 868 633 sensit,

141 636 177 667 in
208 648 273 677 quo
305 643 392 669 esset
421 641 606 669 auctoritas.
643 639 707 669 Off.
738 640 785 669 iii.
816 642 868 673 29.

140 682 287 712 maxima
312 684 507 713 auctoritate
532 682 731 723 philosophi.
766 683 868 713 Acad.

138 724 179 754 iv.
211 728 242 755 3.
278 726 320 756 ad
345 727 445 756 unius
477 736 511 756 se
538 727 763 757 auctoritatem
790 736 868 757 con-

140 767 238 799 ferre.

184 812 216 850 8)
243 813 355 852 opinio
369 812 509 852 insignis
521 812 560 843 de
573 813 713 853 alicujus
731 815 867 851 virtute,

139 855 292 886 doctrina
318 857 376 885 διο.
410 857 504 886 Verr.
532 857 578 887 iii.
604 861 656 891 90.
693 859 869 888 auctoritas

139 909 254 929 eorum
271 903 321 929 est
334 903 442 937 tanta,
458 903 497 930 ut
515 901 616 930 etiam
633 901 745 932 delicti
762 902 869 941 suspi-

138 943 269 972 cionem
292 947 404 982 tegere
428 945 540 983 possit.
574 944 694 974 Manil.
722 948 770 976 15.
802 945 868 974 Im-

138 987 297 1029 peratoris
320 989 506 1018 auctoritas.
543 988 636 1018 verr.
667 989 689 1018 i.
714 991 744 1020 52.
777 989 869 1027 judi-

138 1029 266 1061 ciorum
289 1032 466 1061 auctoritas
484 1032 674 1061 constituta.
704 1031 797 1062 Brut.
815 1033 868 1066 67.

138 1075 332 1104 auctoritate
357 1078 446 1114 eget,
474 1075 513 1104 de
540 1085 592 1112 eo,
616 1077 711 1114 cujus
735 1076 867 1106 nullum

140 1126 263 1147 nomen
280 1119 314 1148 in
332 1119 478 1158 patronis
496 1128 671 1149 causarum
688 1124 773 1157 erat,
790 1130 868 1149 cum

139 1160 414 1200 diligentissimus
431 1166 528 1192 esset.
545 1163 626 1202 Leg.
643 1164 665 1193 i.
678 1166 707 1194 5.
725 1173 815 1193 nunc
827 1164 868 1193 ab

138 1214 207 1234 uno
223 1214 347 1244 magna
360 1207 551 1236 auctoritate
565 1211 599 1236 et
614 1208 754 1237 scicntia
769 1207 869 1237 susti-

139 1251 249 1278 netur.
281 1248 374 1279 Cato.
403 1253 451 1280 18.
479 1260 546 1280 non
571 1251 658 1288 cani,
683 1260 749 1280 non
776 1260 867 1290 rugae

137 1295 274 1331 repente
290 1294 518 1326 auctoritatem>
535 1294 650 1323 afferre
666 1298 815 1333 possunt.

178 1334 212 1373 9)
239 1346 447 1376 quaecuuque
471 1347 534 1375 res,
552 1337 646 1376 cujus
671 1338 789 1377 aliquis
807 1348 867 1368 au-

133 1383 202 1409 ctor
225 1382 285 1410 es't.
316 1380 417 1410 Acad.
441 1381 462 1410 i.
485 1385 516 1415 9.
548 1383 724 1412 auctoritas
745 1383 867 1412 veteris

136 1422 334 1463 disciplinas,
355 1425 413 1465 (sc.
428 1424 650 1464 Academicae)
671 1425 703 1454 h.
720 1435 749 1455 e.
770 1425 867 1455 disci-

136 1466 242 1507 plina,
259 1467 354 1507 cujus
374 1472 500 1499 veteres
517 1468 706 1498 Academici
723 1473 867 1500 auctores

137 1509 242 1541 fuere.

186 1553 237 1592 10)
264 1556 457 1586 auctoritate
474 1556 614 1595 alicujus
630 1557 770 1594 utimur,
788 1567 865 1587 cum

135 1607 215 1628 eum
238 1603 414 1637 auctorem,
439 1600 703 1640 approbatorem,
727 1610 866 1630 consen-

134 1642 276 1672 tientem
294 1643 400 1680 nobis,
416 1643 568 1673 dicimus.
601 1644 678 1674 Div.
698 1645 718 1674 i.
737 1647 790 1674 43.
820 1645 865 1674 le-

135 1695 191 1724 ges
209 1696 284 1716 suas
301 1688 495 1717 auctoritate
511 1687 671 1726 Apollinis
689 1688 866 1718 confirma·-

133 1730 190 1759 vit.
222 1729 323 1760 Acad.
348 1731 389 1760 iv.
416 1734 446 1761 5.
475 1731 510 1760 in
533 1740 648 1761 eorum
671 1733 866 1762 auctoritate

133 1772 353 1804 delitesceret.
387 1775 462 1804 Div.
492 1774 513 1804 i.
544 1778 569 1804 1.
605 1778 643 1804 ut
669 1775 709 1805 ab
738 1775 864 1806 ultimis

135 1818 361 1847 auctoritatem
378 1821 537 1857 repetam.
562 1817 661 1847 Tuse.
681 1829 710 1847 v.
731 1822 780 1849 12.
803 1819 864 1849 hu-

125 1860 183 1898 jus
199 1861 374 1890 sententiae
397 1862 539 1900 gravitas
560 1872 579 1891 a
595 1862 739 1892 Platonis
757 1868 864 1893 aucto-

133 1905 232 1933 ritate
255 1907 441 1943 repetatur:
476 1905 565 1942 inde,
590 1905 678 1944 quod
700 1912 863 1936 auctorem

132 1946 234 1977 habet
256 1948 441 1978 Platonem.
476 1948 556 1978 Lael.
585 1952 610 1978 1.
646 1959 755 1979 sermo
778 1952 864 1990 posi-

131 1994 186 2021 tus
203 1992 238 2021 in
255 1994 405 2021 veterum
421 1991 596 2022 hominum
621 1995 822 2024 (caeleritate.
841 1995 861 2024 i.

131 2044 161 2064 e.
179 2035 234 2074 qui
251 2046 271 2065 a
284 2036 449 2065 veteribus
467 2035 597 2067 habitus
614 2036 745 2067 dicitur.
771 2044 775 2048 '

181 2078 232 2116 ll)
260 2079 424 2109 narrantis
447 2083 482 2109 et
503 2080 735 2110 testimonium
750 2081 862 2111 dicen-

131 2122 174 2152 tis
191 2122 282 2152 fides.
301 2123 395 2159 item,
413 2123 509 2153 rebus
527 2124 666 2154 narratis
692 2124 751 2154 ἅτε.
773 2124 862 2155 facta

131 2166 224 2196 fides.
249 2166 343 2196 Offic.
362 2167 395 2196 ii.
412 2170 442 2200 9.
466 2167 535 2196 Att.
554 2177 582 2196 v.
600 2169 652 2197 21.
683 2167 788 2198 Flacc.
805 2170 859 2199 22.

132 2210 358 2240 auctoritatem
381 2219 451 2240 esse
475 2211 510 2240 in
534 2220 572 2240 eo
591 2211 783 2241 testimonio
800 2212 859 2242 ἃς.

133 2253 207 2283 Div.
225 2253 258 2283 ii.
279 2256 330 2284 55.
361 2255 588 2284 auctoritatem
612 2254 740 2284 nullam
763 2255 861 2285 debe-

132 2307 207 2326 mus
216 2297 313 2327 rebus
326 2298 567 2327 commenticiis
577 2297 769 2337 adjungere.
782 2299 859 2329 ibid.

133 2344 183 2374 17.
214 2342 266 2371 2⁶2.
305 2341 384 2379 quid
414 2341 628 2381 haruspicina
657 2344 861 2373 auctoritatis

129 2383 261 2414 habeat.
282 2384 359 2414 ibid.
373 2388 424 2418 59.
447 2386 652 2415 somniorum
669 2387 858 2417 auctoritas.

129 2427 210 2457 Lael.
241 2429 293 2457 25.
332 2438 409 2457 cum
440 2428 481 2458 ad
511 2429 693 2458 vanitatem
721 2431 860 2460 accessit

127 2472 315 2501 cmctoritas.
330 2470 362 2500 h.
381 2482 409 2501 e.
423 2473 449 2502 si
467 2473 492 2501 is
508 2476 708 2510 assentatur,
725 2474 781 2512 qui
797 2484 858 2503 au-

126 2519 194 2544 ctor
216 2524 286 2544 esse
310 2524 416 2554 posse,
441 2516 498 2554 qui
528 2516 592 2545 fide
625 2516 745 2555 dignus
769 2517 857 2547 vide-

125 2562 193 2588 tur.

172 2599 224 2639 12)
252 2601 453 2640 approbatio.
485 2602 585 2633 Tusc.
609 2603 651 2633 iv.
668 2606 720 2634 34.
752 2605 856 2634 amori

122 2646 351 2675 aztctorz'tatem
374 2646 532 2676 tribuere.
567 2645 608 2677 cf.
637 2647 722 2677 Phil.
751 2648 796 2687 iii.
824 2650 855 2679 2.

123 2689 199 2720 Div.
218 2689 238 2718 i.
255 2691 285 2717 3.

169 2730 221 2769 13)
248 2733 427 2768 sententia,
440 2733 534 2771 cujus
549 2743 583 2762 se
601 2730 673 2772 quis
689 2738 854 2764 auctorem

119 2776 309 2817 profitetur,
326 2775 493 2813 judicium
510 2776 550 2805 de
564 2786 597 2805 re
620 2777 742 2816 aliqua.
774 2777 853 2814 Clu—

119 2823 188 2849 cnt.
216 2822 268 2849 50.
302 2821 402 2855 errat,
431 2820 457 2849 si
485 2820 556 2858 quis
584 2820 618 2850 in
647 2821 852 2851 orationibus

118 2863 240 2893 nostris
256 2863 463 2893 auctoritates
479 2867 606 2893 nostras
625 2874 658 2893 se
675 2865 852 2904 consigna-

116 2909 169 2936 tas
193 2906 313 2936 habere
338 2906 526 2936 arbitratur.
561 2906 679 2937 Manil.
704 2910 757 2939 22.
789 2918 850 2938 au-

116 2951 299 2981 ctoritatem
329 2959 425 2982 suam
457 2949 646 2983 defendere.
685 2951 763 2982 ibid.
796 2954 850 2983 20.

659 158 805 188 INDEX
835 159 1130 190 LATINITATIS.

912 248 1022 279 Catuli
1038 250 1214 280 auctoritas
1228 251 1263 279 et
1284 249 1461 280 sententia.
1492 249 1570 282 Nat.
1594 250 1640 282 D.

910 293 957 322 iii.
983 296 1013 323 3.
1047 293 1128 323 mihi
1153 293 1214 323 hoc
1234 303 1430 333 persuasum
1453 298 1516 332 est,
1531 299 1640 326 aucto-

910 338 1008 366 ritate
1025 337 1199 375 majorum.
1218 338 1238 366 i.
1252 347 1281 366 e.
1299 337 1552 377 quiamajorum
1567 348 1642 370 sen-

911 380 1018 409 tentia
1034 379 1109 409 suit.
1134 380 1175 410 cf.
1192 380 1272 411 Lel.
1290 383 1321 410 4.

957 425 1008 460 14)
1035 424 1193 462 quicquid
1219 423 1372 461 facimus,
1398 434 1463 463 quo
1487 428 1639 455 auctores

910 466 1050 504 alicujus
1081 469 1127 497 rei
1158 467 1331 503 faciendae,
1359 467 1545 505 oredendae,
1569 468 1641 498 fieri

910 519 1097 548 possumus.
1129 511 1262 541 Cluent.
1287 513 1338 541 4‘2.
1366 513 1541 542 aucto-ritas
1564 521 1643 541 cen-

910 553 1008 589 soria,
1023 552 1182 584 dicuntur
1205 558 1291 584 notae
1316 564 1504 592 censorum,
1522 555 1643 594 quibus

910 599 1056 626 auctores
1075 597 1173 634 fiunt,
1191 597 1335 636 aliquem
1360 599 1508 628 criminis
1530 598 1642 637 cujus-

910 639 987 668 dam
1002 649 1096 669 reum
1112 650 1193 670 esse.
1225 640 1302 670 Nat.
1320 642 1362 671 D.
1379 642 1424 671 iii.
1441 645 1494 674 33.
1525 645 1641 672 utrum

910 685 1017 722 poiltae
1053 682 1179 713 Stoicos
1212 683 1434 723 depravarint,
1465 695 1508 716 an
1539 685 1640 716 Stoici

910 726 1015 766 poetis
1039 726 1189 756 dederint
1211 729 1448 759 auctoritatem.
1467 730 1487 759 i.
1505 739 1534 759 e.
1551 739 1643 759 amo-

910 779 980 799 rem
1004 769 1185 809 probando,
1204 769 1358 808 fecerint,
1378 778 1417 802 ut
1440 776 1545 812 poetae
1568 778 1641 804 tam

911 813 1019 843 multa
1043 813 1083 843 de
1107 823 1218 843 amore
1243 814 1302 844 &Q
1334 815 1375 845 ad
1396 815 1462 855 Qu.
1487 816 1538 845 Fr.
1562 816 1585 846 i.
1607 819 1641 847 3.

910 866 1019 896 spero,
1037 858 1063 887 si
1088 857 1168 896 quid
1185 867 1259 887 mea
1275 867 1348 898 spes
1364 860 1568 890 auctoritatis
1583 859 1641 890 ha-

910 900 978 930 bet.

959 943 1009 982 15)
1036 944 1108 984 ejus
1133 948 1184 974 est
1213 946 1402 982 auctoritas,
1428 945 1485 984 qui
1511 945 1640 986 primus

911 987 1020 1026 legem
1044 988 1150 1018 scivit.
1180 989 1280 1019 Dom.
1305 992 1356 1019 31.
1388 999 1432 1019 sc·
1458 989 1537 1028 quia
1566 989 1643 1020 reli-

911 1031 984 1069 quis·
1001 1035 1051 1060 est
1067 1037 1183 1062 auctor
1206 1032 1286 1071 legis
1310 1032 1502 1070 sciscendae,
1517 1035 1553 1062 et
1574 1033 1642 1073 pri-

911 1075 958 1104 mi
981 1074 1177 1114 suffragium
1202 1076 1397 1116 plerumque
1421 1080 1495 1106 tota
1519 1086 1642 1116 praero-

911 1118 1034 1157 gativa,
1049 1121 1086 1148 ut
1101 1121 1327 1159 praerogativae
1343 1124 1462 1150 ceterae
1478 1120 1640 1150 centuriae

899 1166 1109 1200 sequuntur.
1126 1172 1155 1192 v.
1175 1163 1404 1202 Praerogativa.

959 1206 1008 1243 16)
1035 1205 1189 1236 voluntas
1206 1206 1372 1245 jubentis,
1389 1207 1548 1246 rogantis,
1564 1206 1640 1238 hor·

908 1250 1026 1286 tantis,
1049 1249 1210 1287 docentis,
1234 1250 1414 1281 suadentis.
1453 1251 1510 1281 Or.
1539 1251 1561 1281 i.
1585 1253 1639 1282 23.

909 1292 986 1323 ibid.
1016 1295 1042 1322 l.
1072 1292 1164 1324 Verr.
1187 1293 1222 1324 ii.
1246 1296 1299 1324 40.
1327 1296 1504 1325 auctoritas
1525 1295 1640 1334 patris.

909 1336 951 1366 ef.
971 1336 1093 1366 Caecin.
1121 1340 1167 1368 18.
1197 1337 1295 1367 verba
1317 1338 1439 1368 servire
1461 1338 1639 1368 hominum

909 1380 1054 1410 consiliis
1069 1383 1103 1409 et
1118 1382 1374 1412 auctoritatibus.
1403 1391 1463 1421 pro
1483 1392 1548 1422 quo
1563 1385 1641 1422 post

909 1423 1061 1453 voluntas
1076 1424 1198 1454 dicitur
1213 1426 1247 1454 in
1264 1425 1322 1455 fin.
1340 1434 1411 1465 cap.

957 1466 1007 1505 17)
1035 1467 1098 1498 Off.
1126 1469 1146 1498 i.
1176 1468 1228 1499 26.
1265 1469 1379 1499 amicis
1407 1470 1512 1509 major
1537 1477 1639 1508 quam

908 1513 986 1540 ante
1001 1512 1178 1542 tribuenda
1192 1513 1381 1549 auctoritas,
1399 1511 1432 1542 h.
1448 1522 1476 1542 e.
1492 1513 1568 1553 plus
1584 1522 1640 1543 co-

909 1564 983 1584 rum
1001 1555 1149 1593 consilio,
1166 1565 1265 1594 quam
1283 1560 1361 1586 ante
1377 1556 1553 1587 utendum.
1577 1555 1640 1587 Est.

908 1607 986 1636 ergo
1014 1599 1077 1628 ista
1103 1601 1291 1637 auctoritas,
1316 1609 1393 1629 cum
1419 1600 1493 1638 quis
1516 1600 1637 1639 dignus

901 1642 1088 1680 judicatur,
1103 1643 1159 1681 qui
1176 1643 1381 1683 consulatur,
1398 1644 1452 1673 cui
1469 1646 1638 1684 pareatur.

956 1685 1005 1723 18)
1026 1685 1145 1723 literae,
1154 1686 1290 1723 tabulae,
1299 1687 1495 1717 testimonia
1503 1690 1537 1717 et
1546 1687 1639 1726 quic-

907 1728 987 1767 quid
1010 1729 1143 1769 prodest
1166 1730 1206 1760 ad
1222 1730 1408 1760 faciendam
1432 1730 1545 1760 fidem.
1583 1730 1638 1761 Sic

906 1772 998 1802 Verr.
1033 1773 1078 1803 iii.
1108 1774 1160 1804 62.
1201 1775 1411 1804 auctoritates
1447 1774 1636 1812 civitatum,

906 1820 987 1845 sunt
1004 1816 1107 1847 literae
1130 1817 1272 1857 publicae
1295 1827 1313 1847 e
1335 1817 1521 1855 tabulariis,
1537 1821 1572 1847 et
1586 1822 1639 1848 te·

906 1860 1063 1890 stimonia
1079 1870 1137 1900 per
1151 1861 1287 1900 legatos.
1317 1861 1395 1891 ibid.
1413 1864 1466 1895 71.
1496 1862 1639 1892 aucton’-

905 1907 987 1933 tates
1003 1904 1215 1941 societatum,
1233 1910 1312 1935 sunt
1332 1904 1455 1935 tabulae
1470 1914 1585 1935 earum
1601 1908 1639 1935 et

906 1946 1023 1984 literae,
1051 1957 1125 1986 quae
1153 1951 1248 1978 erant
1276 1951 1448 1987 tamquam
1477 1953 1637 1987 auctores,

904 1994 1019 2029 testes,
1036 1991 1203 2021 furtorum
1219 1992 1340 2022 Verris.
1361 1993 1435 2023 Act.
1452 1992 1473 2022 i.
1491 1993 1526 2022 in
1541 1992 1636 2024 verr.

905 2044 932 2064 c.
950 2038 980 2065 3.
1003 2035 1202 2065 testimoniis
1212 2036 1371 2075 jungitur
1386 2037 1572 2068 auctoritas.

952 2077 1002 2116 19)
1028 2080 1204 2109 auctoritas
1235 2079 1394 2110 tribuitur
1416 2080 1519 2109 etiam
1542 2079 1635 2110 locis.

904 2121 956 2151 Sic
972 2121 1089 2152 Manil.
1111 2125 1138 2152 1.
1166 2122 1206 2152 de
1222 2127 1383 2162 suggestu
1398 2133 1457 2163 pro
1473 2123 1634 2161 rostris,e

903 2175 968 2204 quo
985 2166 1200 2205 magistratus
1223 2176 1301 2196 cum
1324 2166 1446 2206 populo
1468 2166 1632 2205 agebant.

902 2211 1128 2239 auctoritatem
1151 2210 1250 2249 hujus
1274 2209 1338 2240 loci
1361 2210 1511 2242 nondum
1528 2211 1634 2240 attin-

902 2261 979 2291 gere
996 2253 1112 2292 potui3
1137 2254 1215 2292 quia
1229 2263 1275 2283 sc.
1294 2263 1334 2283 ex
1354 2263 1393 2283 eo
1415 2253 1487 2283 loco
1511 2254 1634 2293 populo

902 2296 1028 2326 fiebant
1039 2302 1182 2327 auctores
1199 2297 1310 2336 legum
1321 2296 1562 2335 ‚iubendarunn
1575 2307 1635 2327 an-

901 2340 1138 2378 tiquandarum
1163 2341 1221 2370 ἃς.
1260 2340 1421 2370 Similiter
1453 2340 1518 2371 Off.
1547 2341 1570 2371 i.
1605 2344 1633 2372 l.

901 2388 976 2413 auct
979 2385 1077 2414 oritas
1087 2384 1177 2414 urbis
1188 2383 1413 2415 Atheniensis.

944 2428 999 2466 20)
1025 2429 1202 2458 aetctort‘tas
1217 2431 1267 2457 est
1286 2428 1389 2458 etiam
1405 2437 1534 2466 eorum,
1551 2438 1633 2467 quo-

902 2481 975 2500 rum
998 2471 1283 2510 consiliis‚jussis,
1300 2471 1465 2502 voluntati
1488 2471 1632 2503 libenter

900 2514 1083 2546 obedimus.
1109 2515 1204 2546 Cato.
1225 2518 1273 2548 17.
1295 2524 1361 2544 non
1378 2514 1487 2544 solum
1504 2515 1539 2545 in
1554 2525 1630 2545 sen-

899 2559 1019 2596 tentia,
1036 2558 1094 2588 sed
1116 2559 1219 2588 etiam
1237 2559 1273 2588 in
1289 2562 1375 2589 nutu
1391 2558 1556 2588 residebat
1569 2569 1632 2589 au-

898 2603 1042 2633 ctoritas.
1070 2602 1152 2642 Leg.
1175 2602 1222 2632 iii.
1251 2604 1299 2632 15.
1328 2603 1554 2632 auctoritatem
1571 2612 1630 2642 op-

898 2646 1069 2676 timatium
1087 2646 1195 2685 legem
1209 2645 1419 2675 tabellariam
1431 2645 1605 2676 abstulisse
1617 2658 1628 2685 3

898 2689 986 2727 quod
1016 2690 1078 2719 hac
1108 2689 1237 2729 perlata
1261 2688 1383 2718 licebat
1405 2689 1440 2718 in
1463 2689 1629 2729 suffragiis

897 2742 992 2763 suam
1022 2733 1231 2763 voluntatem
1261 2733 1366 2771 sequi,
1391 2741 1458 2762 non
1485 2733 1630 2772 optima-

896 2776 995 2806 tium.
1024 2776 1101 2806 ibid.
1122 2780 1170 2811 17.
1203 2775 1330 2814 reliqua
1349 2776 1501 2807 voluntas
1517 2781 1627 2808 aucto·

895 2821 988 2850 ritate*
1003 2820 1147 2850 traditur
1163 2823 1221 2850 aut
1239 2819 1365 2858 gratiae.

939 2862 993 2901 21)
1020 2873 1125 2902 genus
1145 2863 1357 2899 venditionis,
1374 2872 1452 2894 cum
1474 2862 1629 2894 venditor

894 2910 945 2937 est
956 2911 1069 2937 auctor
1083 2908 1126 2948 (v.
1139 2910 1252 2937 auctor
1262 2916 1294 2936 n.
1309 2905 1371 2943 ll.)
1387 2911 1422 2936 et
1433 2906 1564 2936 actione
1575 2909 1627 2936 te-

894 2956 994 2982 netur
1009 2950 1048 2981 de
1065 2951 1240 2982 evictione.
1256 2950 1337 2981 Har.
1347 2950 1447 2992 Resp.
1460 2953 1491 2985 7.
1507 2949 1626 2994 multiax
