1800 3131
144 138 228 177 vari,
258 141 298 168 ut
331 136 416 168 Phil.
447 137 481 167 ii.
516 139 569 168 30.
605 138 662 177 qui
690 137 783 168 locus
816 141 867 168 est

144 181 224 212 huic
239 181 439 212 simillimus.

190 225 348 256 Pendere.
374 225 416 254 ad
439 224 515 255 Div.
538 234 568 254 v.
597 227 644 256 13.
670 234 737 254 non
760 224 869 254 aliun-

147 268 187 299 de
204 269 357 309 pendere,
381 267 540 298 dicuntur
562 278 702 307 quorum
727 268 869 297 felicitas

147 316 183 342 et
205 313 339 342 miseria
362 321 426 341 non
452 315 503 341 est
525 312 559 341 in
584 312 679 341 rebus
710 311 868 346 externis,

146 355 205 386 sed
222 356 255 385 in
273 356 365 385 bonis
381 358 416 385 ct
429 355 608 385 virtutibus
625 355 739 385 animi.
769 354 869 383 Tusc„

145 408 175 429 v.
205 401 252 430 12.
269 400 412 439 pendere
432 409 471 428 ex
487 399 628 428 aliorum
644 398 781 427 eventis.
806 397 870 426 Pis.

145 445 200 473 41.
223 443 258 472 in
282 443 457 472 sententiis
473 442 624 471 omnium
649 441 769 471 civium
790 450 870 478 pen-

146 486 222 516 dere
263 486 387 515 famam
426 485 662 523 fortunamque
709 488 869 513 nostram.

143 529 163 548 ⁷*
174 529 315 570 pendere
331 530 490 559 dicuntur
505 528 609 557 ruinae
625 527 777 567 proximi.
807 526 871 556 Ra-

144 572 207 604 bir.
231 573 319 603 Post.
347 574 395 603 16.
420 581 481 601 nec
505 570 700 610 pendentem
723 569 869 599 amicum

145 626 298 647 corruere
314 616 450 656 patitur.

190 659 386 690 Perzetralis.
411 658 452 688 N.
468 658 508 687 D.
526 658 559 687 ii.
573 659 626 690 27.
643 656 699 686 Dii
717 660 873 695 penetra-

147 705 203 740 les,
229 706 310 733 sunt
332 703 485 737 Penates,
509 705 547 730 ut
571 701 640 740 ipse
665 699 757 729 dicit.
781 699 869 729 conf.

144 747 262 778 Heius.
280 746 320 775 ad
335 745 451 774 Silium
469 755 519 774 xv.
540 746 589 774 18.

191 789 321 826 Pensio,
348 795 399 819 est
417 797 491 828 pars
508 787 671 827 pecuniae,
688 796 748 826 per
764 789 870 815 certas

148 833 216 863 dies
244 831 427 872 (Termine)
454 831 630 861 solvendae.
655 831 732 859 hinc
761 830 871 869 pensio

146 877 256 917 prima
278 875 320 905 ad
351 876 427 906 Div.
457 875 499 904 vi.
544 877 591 904 18.
626 872 732 903 altera
756 874 868 913 pensio

146 920 243 950 Rosc.
268 919 304 949 C.
332 923 381 953 17.
405 922 474 950 Att.
500 918 543 947 xi.
568 920 599 947 4.
623 917 725 946 tertia.
747 917 868 956 pensio.

144 963 223 994 ibid.
236 965 288 994 23.

189 1007 335 1043 Penziia,
359 1005 458 1036 vestis
488 1005 638 1041 crassior,
661 1014 727 1043 qua
760 1003 793 1033 in
817 1003 871 1032 iti-

147 1060 225 1081 nere
248 1051 442 1080 utebantur.
475 1049 545 1079 Att.
569 1048 639 1077 xiii.
664 1050 715 1078 33.
749 1046 870 1076 horum

146 1104 208 1133 ego
230 1094 284 1124 vix
308 1093 405 1131 attigi
431 1093 603 1133 penulam.
629 1091 707 1120 ibid.
731 1091 780 1120 ita
803 1090 870 1128 egi,

146 1142 186 1168 ut
210 1147 277 1167 non
295 1136 481 1167 scinderem
502 1137 673 1175 penulam.
690 1134 723 1164 h.
747 1144 776 1164 e.
801 1143 868 1163 non

146 1181 326 1211 admodum
359 1180 470 1218 rogavi
500 1179 589 1208 abire
630 1181 798 1217 parantes,
831 1181 869 1206 ut

146 1229 335 1255 manerent.
382 1222 470 1253 Hinc
522 1221 605 1252 Milo
640 1222 704 1251 iter
744 1220 869 1250 faciens

145 1268 349 1304 Lanuvium,
391 1266 514 1296 dicitur
546 1265 647 1295 fuisse
680 1266 870 1304 penulatus.

146 1311 220 1343 Mil.
257 1315 306 1342 10.
340 1310 379 1340 de
405 1311 529 1349 penula
563 1313 705 1347 egerunt
738 1308 870 1346 copiose

145 1354 272 1385 Ferrar.
296 1354 335 1384 de
360 1353 398 1383 R.
422 1353 461 1383 V.
500 1362 530 1391 p.
556 1353 590 1382 ii.
623 1351 646 1381 l.
670 1351 704 1381 ii.
739 1351 795 1389 qui
820 1355 872 1380 est

142 1401 235 1428 totus
269 1398 309 1427 de
338 1398 484 1437 penula:
510 1395 567 1425 sed
599 1394 640 1424 ad
675 1394 870 1424 Ciceronem

144 1440 379 1472 illustrandum
403 1439 556 1480 inprimis
579 1438 751 1478 pertinent
783 1437 873 1467 dicta

145 1495 174 1515 c.
199 1486 229 1515 2.
254 1484 296 1514 cf.
320 1484 450 1514 Ruben.
477 1483 516 1512 de
538 1482 579 1512 R.
603 1481 643 1512 V.
667 1481 688 1511 i.
712 1481 745 1511 6.
763 1486 798 1510 et
815 1481 871 1520 qui

143 1527 325 1559 laudantur
340 1528 373 1557 in
389 1527 469 1557 Lex.
484 1525 590 1555 Fabri.

148 1588 151 1589 ν
189 1571 315 1602 Penus.
340 1570 419 1600 Nat.
436 1570 538 1600 Deor.
555 1569 588 1598 ii.
605 1569 659 1601 27.
683 1571 735 1597 est
758 1577 871 1605 omne,

145 1625 211 1655 quo
227 1618 407 1644 vescuntur
422 1612 587 1650 homines,
598 1620 713 1651 penus.

190 1658 370 1696 Peragere.
405 1656 447 1686 ad
476 1656 553 1687 Div.
593 1655 660 1684 viii.
693 1657 723 1686 8.
758 1657 869 1683 totum

146 1701 380 1741 Sempronium
402 1709 535 1740 perago.
561 1699 582 1728 i.
619 1708 700 1728 vexo
731 1697 871 1727 dicendo

147 1745 240 1775 velut
254 1744 287 1774 in
304 1753 414 1774 scena.

191 1788 397 1826 Peragrare.
421 1795 480 1827 per
508 1791 638 1816 mentes
669 1784 868 1815 hominum:

145 1832 197 1862 ita
211 1831 286 1861 libri
303 1839 430 1860 omnes.
455 1830 513 1859 Or.
529 1829 549 1858 i.
566 1831 618 1858 51.

191 1874 432 1905 Percelebrare.
470 1872 550 1902 Coel.
582 1873 635 1906 29.
659 1880 711 1901 res
733 1872 874 1911 percele-

147 1919 243 1950 brata
258 1917 466 1948 sermonibus
486 1915 649 1946 omnium.
664 1914 686 1944 i.
702 1914 875 1954 pervulga-

143 1965 191 1993 ta.

192 2004 386 2036 Percellere.
410 2003 484 2033 Mil.
500 2004 552 2033 21.
577 2001 668 2032 Mars
683 2001 872 2031 communis

147 2057 235 2088 saepe
259 2048 458 2088 spoliantem
483 2047 555 2086 jam
582 2049 617 2075 et
646 2045 873 2075 exsultantem

148 2092 270 2122 evertit
285 2099 320 2121 et
330 2092 473 2132 perculit
488 2089 529 2119 ab
546 2089 685 2128 abjecto.

191 2135 370 2175 Percepcio.
400 2133 502 2164 Acad.
527 2133 569 2162 iv.
593 2134 646 2163 25.
674 2132 875 2172 perceptione

147 2178 291 2209 sublata.
318 2189 348 2208 v.
370 2178 546 2218 percipere.
581 2175 600 2194 ²*
617 2175 697 2205 Her.
724 2175 758 2205 ii.
789 2177 872 2204 extr.

146 2225 207 2252 tua
219 2223 419 2262 perceptione
434 2220 602 2251 laetabere.
619 2219 641 2249 i.
654 2219 692 2249 iis
710 2228 783 2257 quae
799 2228 874 2258 per-

144 2265 274 2306 cepisti.

148 2324 151 2325 ⁷
193 2310 386 2348 Per-ceptus,
399 2307 578 2346 diligenter
586 2303 872 2344 eogitatusffuse.

145 2353 195 2383 iii.
208 2355 258 2383 14.
276 2352 455 2391 diligenter
464 2353 633 2390 perceptas
645 2353 679 2378 et
690 2352 874 2388 pertracta-

145 2401 199 2426 tas
213 2395 334 2425 habere
350 2405 401 2424 res
413 2395 589 2424 humanas.
623 2391 642 2410 ²*
658 2392 729 2421 Fat.
747 2392 778 2421 6.
796 2400 874 2430 per-

147 2443 240 2477 cepta
259 2439 352 2474 artis,
368 2443 460 2474 sunt,
479 2446 552 2475 quae
568 2436 690 2465 Graecis
715 2434 874 2464 dicuntur

146 2481 338 2523 θεωρήματα.
355 2481 397 2511 cf.
426 2492 454 2511 c.
473 2483 503 2511 8.
529 2484 564 2509 et
584 2478 752 2509 Victorius
778 2478 819 2507 ad
845 2489 872 2507 c.

192 2566 377 2606 Percipere.
393 2565 437 2596 N.
455 2567 498 2599 D.
515 2566 549 2595 ii.
567 2569 619 2599 59.
639 2575 699 2605 per
714 2565 871 2594 arteriam

145 2620 210 2640 vox
225 2619 246 2639 a
260 2614 373 2638 mente
389 2609 592 2648 principium
620 2609 745 2638 ducens
764 2609 872 2647 perci-

139 2655 239 2695 pitur
253 2656 288 2682 et
303 2651 467 2682 funditur.
502 2652 565 2682 Sed
580 2652 735 2683 Davisius
760 2651 874 2689 legen-

143 2697 229 2727 dum
245 2700 359 2725 censet
382 2696 571 2734 projicitur:
597 2695 761 2726 Buherius
788 2704 873 2734 prae-

148 2740 321 2779 cipitatur.
356 2738 440 2775 Mihi
471 2743 585 2768 autem
622 2738 708 2769 nihil
738 2743 873 2767 mutan-

143 2783 229 2814 dum
245 2781 387 2812 videtur.
410 2782 540 2820 Nempe
556 2791 616 2811 vox
639 2792 698 2821 per
714 2781 872 2813 arteriam

141 2825 242 2857 seuit
256 2825 291 2870 in
306 2834 355 2864 os,
372 2834 427 2855 ore
444 2825 643 2865 percipitur,
654 2825 688 2856 h.
701 2835 730 2856 e.
746 2824 874 2865 colligi-

660 49 805 78 INDEX
836 50 970 78 LATIN
976 49 1130 78 ITA'rls.

909 142 978 176 tur,
995 138 1177 178 excipitur:
1202 146 1267 176 quo
1283 145 1382 167 sensu
1389 138 1554 178 percipere
1569 135 1634 168 dic'l

913 186 1056 212 constat.
1074 181 1154 211 Inde
1164 190 1220 210 ore
1235 180 1389 210 funditur
1403 185 1438 210 et
1453 181 1633 211 emittitur.

911 226 930 243 ¹*
940 225 1141 266 philosophis
1149 225 1323 264 percipere,
1333 234 1363 253 v.
1375 233 1404 254 c.
1416 223 1517 254 Acad.
1529 225 1571 254 iv.
1579 226 1634 254 25.

913 269 1037 299 dicitur
1051 269 1090 298 de
1108 269 1146 298 iis
1164 267 1273 304 rebus,
1291 276 1371 306 quas
1388 271 1478 297 certo
1494 267 1632 305 scimus,

913 313 1097 351 quibusque
1114 312 1183 341 sinc
1200 310 1332 340 errandi
1359 309 1507 350 periculo
1523 319 1635 340 assen-

911 356 1025 385 timur.
1042 366 1070 385 v.
1088 360 1323 393 argumentum
1345 353 1445 383 Acad.
1462 353 1505 383 iv.

956 399 1121 434 Peri-itus,
1134 399 1263 436 gravius
1277 401 1474 427 commotus.
1490 395 1564 426 Mil.
1579 397 1635 426 23.

912 443 1043 471 animus
1059 442 1162 471 iratus
1180 446 1213 470 et
1223 442 1378 481 percitus.

956 485 1154 521 Pera-ursus,
1178 485 1217 514 de
1241 485 1338 514 rebus
1365 493 1453 523 saepe
1471 481 1637 522 cogitatis,

914 537 993 566 quas
1009 528 1089 557 adeo
1108 528 1141 557 in
1159 533 1293 567 promtu
1308 536 1440 567 semper
1463 525 1636 556 habemus.

913 572 970 601 Or.
987 571 1020 600 ii.
1038 571 1297 609 32.quaestiones
1306 580 1421 600 omnes
1435 570 1548 599 animo
1558 577 1637 608 per-

913 624 1027 644 cursas
1043 624 1079 643 ac
1097 623 1196 653 prope
1214 613 1406 644 decantatas
1423 613 1556 643 habere.

960 658 1143 687 Percursio.
1167 657 1268 686 Tusc.
1294 657 1336 686 iv.
1358 659 1407 687 13.
1430 656 1534 686 animi
1551 653 1638 685 mul-

913 705 1025 731 tarum
1043 710 1153 730 rerum
1167 701 1255 730 brevi
1270 706 1420 739 tempore
1426 700 1605 740 percursio.

959 744 1142 781 Percussio,
1160 744 1262 773 estin
1285 743 1432 779 musicis,
1457 746 1493 772 et
1517 741 1637 772 deinde

914 788 948 818 in
965 788 1116 828 poeticis,
1142 793 1175 816 et
1193 787 1340 816 numeris
1355 786 1518 822 oratoriis,
1533 785 1590 824 qui
1605 789 1641 815 et

915 832 1000 861 ictus
1027 831 1173 868 dicitur3
1198 830 1276 869 quia
1300 830 1427 859 tibicen
1451 828 1535 868 pede
1561 827 1641 859 ferit

913 879 1050 905 terram.
1095 875 1147 904 Sic
1179 874 1212 903 in
1243 873 1379 903 Senario
1412 872 1550 909 tibicen,
1581 871 1638 910 qui

915 918 1110 959 rhythmum
1135 922 1170 947 et
1194 923 1328 957 tempus
1355 916 1560 952 moderatur,
1585 922 1641 945 ter

908 962 997 1002 pede
1022 961 1102 991 ferit
1129 966 1252 990 terram
1268 972 1277 998 ς
1315 960 1404 990 unde
1434 963 1503 990 tres
1533 959 1568 988 in
1599 967 1640 989 eo

915 1006 1002 1036 ictus
1029 1014 1054 1035 s.
1077 1005 1294 1044 percussiones
1320 1004 1478 1033 dicuutur
1493 1011 1574 1032 esse.
1598 1001 1639 1031 ln

915 1049 954 1078 iis
971 1052 1084 1078 autem
1102 1047 1247 1088 syllabis,
1263 1048 1297 1077 in
1314 1047 1432 1086 quibus
1447 1046 1572 1076 tibicen
1588 1054 1640 1075 so-

915 1092 984 1122 lum
1009 1091 1087 1121 ferit
1113 1091 1210 1131 pede,
1226 1100 1286 1121 vox
1313 1091 1353 1120 ab
1379 1095 1490 1120 actore
1507 1089 1642 1118 acuitur

914 1140 948 1165 et
975 1135 1127 1165 tollitur:
1167 1134 1245 1163 hinc
1277 1134 1390 1164 Graece
1416 1132 1494 1175 ἄρας
1517 1132 1642 1164 dicitur

915 1179 1095 1219 percussio,
1127 1182 1162 1208 et
1194 1176 1318 1217 syllaba
1349 1177 1472 1206 dicitur
1502 1185 1572 1205 esse
1603 1175 1640 1205 in

916 1223 1005 1264 ἄρηι,
1024 1232 1100 1251 cum
1118 1225 1237 1250 ceterae
1255 1220 1372 1250 sintin
1384 1218 1477 1250 Sicu.
1491 1228 1522 1248 v.
1537 1219 1640 1249 Bent-

916 1266 970 1296 lei.
986 1266 1026 1295 de
1043 1265 1161 1295 Metris
1177 1264 1370 1294 Terentian.
1390 1263 1465 1293 init.
1481 1263 1576 1293 Orat.
1592 1261 1642 1292 iii.

914 1312 968 1343 47.
992 1309 1050 1339 sed
1072 1313 1151 1338 sunt
1175 1308 1322 1346 insignes
1347 1315 1461 1336 eorum
1485 1315 1642 1336 numero-

916 1362 988 1382 rum
1001 1352 1230 1392 percussiones.
1249 1351 1326 1380 ibid.
1343 1353 1396 1381 48.
1413 1350 1574 1389 percussio
1588 1349 1641 1378 in·

914 1395 1140 1426 tervallorum.
1165 1395 1221 1424 Or.
1241 1397 1294 1424 53.
1325 1403 1393 1423 non
1408 1397 1489 1423 sunt
1518 1393 1553 1422 in
1567 1401 1641 1422 ora-

915 1440 1006 1469 tione
1035 1444 1208 1477 tamquam
1238 1437 1369 1467 tibicini
1395 1437 1641 1476 percussionum

915 1483 1016 1513 modi.
1414 1506 1417 1507 ⁷

960 1526 1150 1557 Percussus.
1176 1524 1287 1554 Deiot.
1304 1523 1336 1553 6.
1358 1522 1545 1563 suspicione
1561 1531 1637 1551 sum

908 1578 1093 1609 percussus.
1125 1567 1167 1597 cf.
1182 1570 1369 1607 percutere.
1389 1566 1409 1585 *ἓ
1423 1565 1573 1596 territus.
1597 1564 1642 1595 ad

915 1613 993 1643 Div.
1009 1613 1052 1642 ix.
1069 1614 1123 1642 25.
1146 1616 1284 1650 repente
1300 1619 1472 1651 percussus
1487 1612 1538 1639 est
1552 1614 1641 1639 atro·

917 1656 1056 1686 cissimis
1073 1654 1186 1684 literis.

959 1698 1150 1734 Peri-utere,
1167 1697 1206 1726 de
1223 1700 1336 1726 mente
1362 1696 1498 1733 dicitur,
1512 1698 1554 1725 ut
1568 1704 1641 1725 mo-

915 1752 1003 1772 vere.
1031 1742 1178 1772 Tusc.v.
1206 1743 1256 1769 11.
1287 1739 1375 1779 quod
1397 1740 1547 1769 animum
1567 1748 1643 1779 pro·

916 1785 1089 1816 habilitate
1115 1785 1287 1824 percussit,
1318 1782 1353 1813 id
1382 1783 1536 1813 dicimus.
1563 1781 1639 1812 Mil.

917 1831 970 1864 29.
995 1838 1140 1868 quonam
1158 1826 1256 1858 modo
1279 1836 1335 1856 vos
1361 1827 1454 1856 vivus
1480 1826 1640 1863 afficeret,

915 1873 973 1912 qui
986 1877 1138 1902 mortuus
1150 1871 1240 1900 inani
1253 1870 1455 1909 cogitatione
1459 1870 1620 1909 percussit
1631 1880 1642 1898 .·

916 1917 938 1946 i.
957 1926 986 1946 e.
999 1915 1134 1946 terruit.
1156 1913 1175 1932 ³*
1192 1914 1354 1953 decipere.
1378 1912 1486 1943 Flacc.
1516 1914 1570 1944 20.
1585 1911 1641 1942 hic

917 1960 1041 1990 cornici
1058 1958 1208 1996 oculum,
1223 1962 1264 1986 ut
1287 1957 1430 1987 dicitur:
1455 1965 1533 1985 nam
1554 1955 1642 1985 Her-

917 2002 1283 2043 mippum—percussit.
1309 2010 1340 2030 v.
1357 2000 1491 2029 Gruter.
1507 1998 1548 2029 ad
1569 1999 1602 2029 h.
1618 1998 1641 2029 l.

917 2046 987 2076 Att.
1013 2056 1044 2076 v.
1061 2047 1091 2077 2.
1115 2047 1354 2083 strategemate
1381 2042 1553 2073 hominem
1563 2051 1643 2082 per-

913 2091 1021 2120 cussie.

960 2133 1118 2164 Perditor
1130 2137 1181 2162 est
1195 2131 1332 2160 verbum
1340 2129 1469 2160 factum
1479 2139 1500 2160 a
1511 2128 1643 2160 Cicero-

917 2187 971 2214 ne,
987 2180 1027 2206 ut
1042 2176 1195 2211 afflictor,
1211 2175 1351 2213 partitor
1365 2173 1425 2203 ἃς.

960 2219 1158 2250 Perducere.
1190 2217 1283 2247 Verr.
1314 2217 1346 2247 ii.
1377 2218 1431 2248 28.
1460 2215 1641 2256 perducere

917 2264 1061 2302 aliquem
1078 2262 1118 2292 ad
1135 2271 1210 2292 suas
1226 2260 1444 2290 conditiones.
1458 2259 1527 2290 Att.
1543 2268 1573 2289 v.
1589 2260 1642 2290 21.

915 2307 1068 2346 Scaptius
1085 2309 1195 2344 rogat,
1211 2308 1250 2334 ut
1271 2313 1325 2333 eos
1351 2303 1393 2333 ad
1417 2302 1548 2333 talenta
1572 2301 1639 2332 CC.

909 2351 1102 2392 perducam.
1133 2349 1152 2368 ¹*
1167 2347 1360 2377 meretrices
1385 2346 1545 2376 dicuntur
1563 2354 1643 2385 per-

916 2395 1004 2425 duci.
1032 2393 1126 2423 Verr.
1141 2402 1173 2421 v.
1192 2393 1241 2422 12.
1265 2390 1330 2420 huc
1355 2389 1471 2419 Tertia
1485 2388 1544 2418 illa
1562 2398 1642 2428 per-

916 2438 1015 2467 ducta
1031 2440 1092 2466 est.
1109 2435 1212 2472 unde,
1224 2434 1280 2474 qui
1291 2433 1432 2463 feminas
1445 2432 1551 2472 stupri
1563 2441 1642 2462 cau-

915 2490 952 2510 sa
961 2480 1161 2521 perducunt.

957 2523 1173 2554 perductores
1202 2521 1372 2550 dicuntur.
1405 2517 1499 2548 Verr.
1528 2518 1551 2548 i.
1584 2519 1635 2549 12.

916 2567 971 2597 ubi
986 2577 1015 2596 v.
1028 2566 1136 2596 Graev.
1276 2564 1279 2565 ⁷

961 2610 1161 2645 Perduellz'o,
1177 2612 1228 2637 est
1255 2605 1387 2646 proprie
1410 2603 1643 2644 parricidium,

916 2653 950 2683 h.
967 2663 997 2683 e.
1012 2657 1054 2683 ut
1069 2656 1120 2682 est
1136 2661 1189 2690 ap.
1207 2649 1426 2680 Plutarchum
1450 2648 1485 2677 in
1513 2647 1641 2685 Numa,

916 2696 1023 2727 caedes
1039 2695 1181 2725 hominis
1198 2693 1305 2729 liberi,
1322 2702 1424 2731 quam
1443 2692 1517 2730 quis
1533 2691 1642 2720 scien's

915 2740 1008 2770 fecit.
1044 2737 1213 2769 Parricidii
1232 2746 1307 2766 reus
1322 2735 1388 2765 fuit
1407 2733 1570 2765 Horatius
1587 2743 1641 2772 ap.

915 2783 988 2813 Liv.
1006 2783 1027 2813 i.
1042 2782 1094 2814 26.
1110 2780 1167 2810 sed
1170 2780 1401 2820 perduellionis
1415 2786 1491 2808 reus
1507 2776 1642 2808 dicitur.

914 2826 954 2857 In
970 2836 1036 2866 quo
1052 2824 1138 2856 male
1164 2822 1379 2864 reprehendit
1392 2821 1526 2854 Livium
1548 2819 1643 2860 Sigq*
