1800 3131
112 164 194 203 204

113 261 245 291 animus
261 259 395 300 quidem
411 263 495 290 erat.
519 259 664 301 Hal-usp.
676 261 776 300 Resp.
790 262 842 291 20.

111 304 298 344 Sulpicium
326 303 470 342 longius,
494 313 593 343 quam
619 303 738 341 voluit,
757 313 845 334 aura

113 347 282 388 popularis
305 349 465 387 provexit.
495 347 587 378 Vcrr.
612 347 633 377 i.
661 351 708 378 13.
733 352 845 387 sperat

112 392 172 421 sibi
190 401 313 421 auram
328 393 428 430 posse'
444 390 588 430 aliquam
610 392 712 421 afflari
731 391 766 420 in
783 390 843 420 hoc

113 435 266 472 crimine,
292 434 474 464 voluntatis
501 435 763 472 assensionisque
790 444 844 462 eo-

114 488 202 515 rum,
220 478 253 508 h.
269 488 297 507 e.
315 488 349 507 se
366 477 539 508 voluntate
555 488 667 508 eorum
685 485 719 507 et
735 487 845 506 assen-

113 524 218 558 sione,
236 522 292 560 qui
310 521 371 551 Cn.
389 521 574 551 Carbonem
597 521 741 556 oderint,
759 525 844 549 tam-

113 575 214 604 quam
243 575 331 595 aura
360 565 519 600 secunda,
545 575 583 594 ex
615 565 676 594 hoe
707 564 845 593 crimine

113 618 322 639 emersurum
346 612 380 638 et
401 612 574 646 tamquam
594 607 746 647 scopulos
763 616 845 645 prae-

115 657 357 682 tet-vecturum.
377 652 509 681 Muren.
532 655 579 684 17.
597 658 704 681 totam
717 650 846 689 opinio-

114 705 193 726 nem
214 697 273 735 (sc.
298 695 339 725 de
363 700 484 724 eventu
501 692 727 730 comitiorum)
747 702 847 732 parva

113 749 355 777 nonnunquam
381 748 470 767 aura
492 738 634 767 rumoris
659 741 848 766 commutat

116 785 304 823 (tamquam
335 791 469 811 cursum
506 780 625 818 navis).
664 781 754 810 Sext.
793 782 846 813 47.

114 833 199 856 extr.
224 825 264 864 Ω.
287 824 439 861 Catulus,
457 834 555 863 quem
579 834 685 863 neque
708 823 846 863 periculi

113 875 310 909 tempestaS,
335 878 442 906 neque
467 877 554 898 aura
580 868 712 897 nonoris
735 867 848 906 potuit

113 922 263 951 unquam
276 912 315 941 de
331 921 390 941 sito
400 921 498 941 cursu
510 911 688 941 dimovere.
706 910 766 950 Ap.
778 911 847 940 Liv.

115 957 193 986 xxii.
211 956 262 986 26.
293 965 379 985 aura
395 954 515 985 favoris
531 955 712 995 popularis,
726 953 862 989 dicitur>

115 1000 155 1030 de
173 999 281 1037 gratia
301 998 390 1038 apud
413 999 586 1038 populum,
603 998 661 1027 sed
683 1002 848 1036 quatenus

115 1044 154 1073 C.
168 1042 360 1079 Terentius,
378 1042 433 1080 qui
453 1043 525 1081 jam
548 1042 699 1071 animum
716 1040 849 1070 attolle-

115 1087 172 1116 bat
197 1085 238 1115 ad
263 1085 454 1115 consulatus
478 1095 584 1125 spem,
603 1085 664 1114 hac
684 1084 793 1123 gratia
808 1084 850 1113 ad

115 1129 328 1160 consulatum
360 1139 394 1159 se
430 1133 668 1169 perventurum
698 1128 850 1167 putabat.

116 1184 190 1204 xxx.
207 1176 260 1203 45.
278 1176 361 1202 extr.
384 1177 500 1203 tamen
516 1177 567 1203 est
587 1172 626 1202 de
651 1172 714 1201 levi
736 1171 850 1212 populi

119 1217 229 1248 favore
247 1216 454 1256 simpliciter.

159 1261 332 1291 Auricula.
347 1260 411 1299 Qu.
423 1260 472 1289 Fr.
486 1260 519 1289 ii.
534 1263 582 1289 15.
599 1259 651 1289 Ita
663 1269 716 1289 me
729 1266 764 1288 et
779 1267 850 1288 esse

117 1309 153 1334 et
167 1303 237 1333 fore
253 1305 337 1333 scito
352 1305 505 1333 auricula
520 1304 637 1333 infima
653 1302 851 1332 molliorem.

160 1348 272 1378 Auris.
301 1347 400 1377 Arch.
431 1350 478 1377 10.
505 1357 602 1377 (mres
628 1356 703 1376 suas
732 1346 851 1376 dedere

116 1392 236 1432 poetis.
253 1391 326 1421 Att.
344 1392 377 1421 ii.
398 1393 445 1421 14.
463 1391 615 1421 sitientes
627 1400 734 1420 aures.
750 1388 851 1420 Arch.

117 1436 148 1466 6.
171 1444 269 1466 aures
291 1434 437 1464 defessae.
466 1435 523 1464 Or.
548 1436 600 1468 ⁶29.
627 1444 724 1464 aures
747 1432 852 1463 avidae

117 1483 153 1509 et
167 1488 316 1519 capaces.
330 1488 375 1508 se.
388 1479 422 1508 in
438 1477 659 1516 dijudicandis
675 1477 852 1507 verborum

117 1522 414 1562 complexionibus.
442 1531 624 1561 earumque
654 1522 750 1561 justa
783 1530 853 1550 ma-

118 1566 306 1605 gnitudine.
337 1566 448 1596 Rabir.
481 1565 568 1595 Post.
595 1567 644 1595 14.
675 1573 774 1594 aures
802 1573 853 1594 re-

118 1611 213 1640 fersit
240 1610 312 1639 istis
337 1609 556 1639 sermonibus.
582 1608 656 1638 Mil.
682 1610 732 1639 12.
757 1617 854 1637 aures

117 1653 387 1694 peregrinantur,
405 1662 513 1691 neque
535 1656 709 1682 versantur
729 1652 764 1681 in
786 1661 854 1681 ser—

120 1707 218 1728 mone
235 1697 378 1726 civitatis
395 1697 454 1726 &c.
479 1695 591 1726 Plane.
609 1697 661 1730 27.
684 1705 781 1725 aures
797 1695 854 1724 he-

118 1740 212 1771 betes
237 1739 380 1780 populus
407 1740 504 1770 Rom.
531 1739 643 1769 habet.
675 1739 747 1769 Att.
772 1739 794 1768 i.
823 1741 853 1769 5.

121 1784 199 1814 dare
225 1794 322 1814 aures
348 1793 423 1814 suas
448 1783 559 1814 alicui.
594 1783 688 1813 Orat.
711 1787 741 1816 9.
765 1782 854 1812 Atti-

120 1836 236 1858 corum
267 1837 365 1857 aures
394 1832 516 1857 teretes
548 1831 583 1857 et
613 1826 786 1865 religiosae.
813 1825 856 1855 ad

120 1872 197 1903 Div.
222 1871 278 1901 xii.
303 1874 349 1901 16.
374 1871 443 1901 noli
465 1875 597 1911 putare,
614 1880 667 1900 me
691 1869 753 1900 hoc
777 1869 854 1900 dare

119 1916 256 1946 auribus
271 1915 350 1945 tuis.
368 1915 429 1945 &c-

163 1959 306 1989 Aurum.
337 1959 414 1997 Agr.
447 1958 469 1989 i.
499 1960 530 1989 4.
563 1967 687 1988 aurum
718 1966 855 1986 corona-

120 2003 220 2033 rium.
241 2013 271 2031 v.
288 2002 323 2032 in
340 2001 497 2032 Coronar.
527 2001 633 2032 Flace.
654 2003 705 2032 28.
729 2010 855 2030 aarum

120 2046 322 2076 Judaieum:
363 2045 451 2084 quod
486 2045 682 2075 Judaeorum
720 2045 855 2074 nomine

122 2100 161 2119 ex
183 2090 279 2120 ltalia
294 2094 329 2119 et
345 2099 384 2118 ex
401 2089 555 2119 omnibus
575 2088 751 2129 provinciis
775 2087 856 2117 Hie-

122 2134 321 2173 rosolymam
349 2133 516 2172 exportari
542 2133 680 2163 solebat.
719 2131 855 2161 Flaccus

122 2178 233 2208 sanxit
249 2177 371 2213 edicto,
387 2186 428 2206 ne
445 2186 485 2206 ex
501 2176 580 2206 Asia
595 2175 762 2216 exportari
779 2174 856 2204 lice-

122 2226 186 2251 ret.
202 2221 261 2250 διο.
304 2220 334 2249 Is
359 2224 411 2250 est
433 2219 524 2251 locus
549 2220 588 2250 de
613 2229 693 2249 auro
715 2218 856 2248 Judaico

123 2264 301 2294 classicus:
326 2264 383 2293 ubi
411 2274 442 2294 v.
468 2263 593 2303 lnterp.
617 2262 768 2303 inprimis
792 2261 858 2291 Go-

122 2308 267 2338 thofred.
291 2307 332 2337 ad
357 2307 438 2337 Cod.
456 2307 584 2337 Theod.
608 2307 630 2337 l.
650 2307 714 2336 xvi.
738 2306 792 2335 tit.
817 2305 856 2335 de

123 2352 261 2382 Judaeis.
287 2352 309 2382 i.
340 2353 388 2382 14.
417 2354 467 2389 17.
491 2351 551 2380 &c.
576 2350 758 2380 Addictum
781 2356 857 2379 tan-

125 2395 201 2426 dem
217 2396 296 2424 fisco
310 2395 460 2424 Caesaris.

167 2440 373 2469 Auscultare.
398 2438 474 2468 Div.
489 2438 510 2468 i.
528 2441 580 2472 57.
602 2437 708 2476 magis
722 2435 859 2466 audien-

125 2483 219 2519 dum,
243 2492 342 2520 quam
368 2482 626 2511 auscultandum
653 2490 782 2510 censeO.
818 2479 859 2510 In

123 2526 223 2556 verbo
250 2526 457 2555 auscultandi
482 2526 571 2555 inest
595 2526 642 2555 vis
669 2523 857 2562 obediendi,

123 2569 279 2604 credendi
296 2569 356 2600 διο.

167 2614 306 2652 Auspex.
337 2611 469 2642 cluent.
495 2615 525 2643 5.
558 2612 701 2651 auspices
724 2610 859 2651 nuptia-

125 2666 212 2688 rum.
237 2657 349 2686 Divin.
367 2657 387 2685 i.
410 2656 459 2686 16.
484 2655 681 2695 nuptiarum
703 2655 858 2694 auspices,

125 2701 239 2739 -qui‚
252 2700 374 2729 omissa
383 2709 431 2736 re,
445 2708 567 2729 nomen
579 2703 715 2728 tantum
727 2702 859 2728 tenent.

125 2744 168 2775 cf.
192 2743 300 2773 Plaut.
325 2742 436 2773 Casin.
460 2743 512 2772 Pr.
538 2743 589 2773 86.
618 2741 689 2771 Liv.
711 2742 782 2775 xlii.
809 2742 859 2773 12.

126 2789 219 2818 Suet.
236 2785 353 2816 Claud.
370 2787 422 2817 26.
446 2786 556 2816 valer.
580 2785 628 2817 M.
651 2785 687 2817 ii.
711 2788 740 2817 1.
764 2788 799 2815 et
814 2784 860 2815 ibi

128 2831 271 2870 Interpr.
299 2829 460 2869 petebant
485 2829 645 2868 auspicia,
667 2833 709 2861 ut
731 2828 861 2869 nuptiae

126 2874 364 2905 auctoritatem
402 2872 573 2902 haberent.
604 2882 634 2902 v.
672 2872 771 2912 plura
807 2882 860 2912 ap.

125 2919 283 2949 Juretum
301 2916 342 2946 ad
357 2916 546 2955 Symmach.
564 2917 605 2946 iv.
626 2918 675 2946 14.
707 2915 809 2946 *Ate
826 2916 860 2946 ii.

127 2966 158 2997 7.
181 2962 323 3002 auspices
339 2960 420 3000 legis
436 2959 582 2991 Curiatae
597 2971 607 2998 3
632 2958 672 2989 de
687 2959 862 3000 Pompeio,

632 171 779 201 INDEX
810 170 1106 200 LAT1N1TA'rls.

887 260 943 299 qui
960 260 994 290 in
1010 258 1149 299 auspicio
1166 257 1244 295 fuit,
1261 256 1341 287 dum
1364 255 1417 286 lex
1439 256 1577 288 Curiata
1597 265 1621 288 ι

889 303 1018 334 Caesare
1034 303 1188 332 ferretur.

929 348 1111 385 Auspicato.
1129 345 1284 385 auspiciis
1298 344 1403 384 captis
1416 347 1523 374 annea.
1539 344 1616 374 Div.

888 390 908 419 i.
930 394 956 420 1.
973 389 1134 420 Romulus
1146 390 1310 428 auspicato
1326 388 1442 417 urbem
1459 386 1620 417 condidit.

929 433 1136 472 Auspicatus.
1167 434 1400 470 inauguratus,
1423 439 1525 460 sacer.
1554 429 1620 460 Ra-

887 476 948 506 bir.
969 477 1055 506 Post.
1073 479 1101 506 3.
1127 476 1179 515 qui
1194 476 1228 505 in
1241 477 1366 515 Campo
1379 474 1620 512 Marum—au-

887 521 1005 559 spicato
1021 520 1055 548 in
1074 519 1156 549 loeo.

930 564 1129 602 Auspicium.
1145 562 1221 593 Div.
1239 562 1270 592 ii.
1286 565 1337 593 38.
1355 570 1429 592 aves
1440 560 1621 601 auspicium

889 611 997 636 ratum
1030 607 1147 635 fecere.
1180 605 1257 635 ibid.
1289 606 1310 636 i.
1341 606 1390 635 16.
1421 604 1622 635 ementitum

888 650 1081 688 ampicium.
1109 649 1143 678 ii.
1167 649 1219 679 36.
1244 658 1385 688 augures
1408 649 1622 688 praecipiunt,

890 703 931 723 ne
947 694 1030 730 juge
1045 693 1226 732 auspicium.
1238 693 1404 728 obveniat,
1416 692 1625 731 utjumenta

882 735 1026 775 jubeant
1036 736 1236 775 disjungere.
1255 735 1342 774 Juge
1354 736 1548 775 auspicium,
1558 738 1624 771 est,

890 790 965 809 cum
984 780 1144 817 junctum
1163 779 1358 817 jumentum
1383 784 1510 809 stercus
1529 778 1621 808 fecit.

891 823 1017 853 Festus.
1043 823 1118 853 Div.
1137 823 1171 851 ii.
1189 823 1241 852 36.
1266 822 1368 852 ProC.
1384 826 1420 852 et
1441 823 1623 861 Propraeto-

890 876 941 896 res
965 868 1110 906 auspicia
1128 876 1194 895 non
1211 865 1347 895 habent.
1363 866 1383 895 i.
1401 876 1429 895 e.
1439 866 1496 905 jus
1512 866 1623 905 auspi-

890 912 930 940 cii
958 910 1121 949 capiendi.
1146 915 1239 939 totus
1265 909 1356 939 locus
1384 908 1557 948 legendus,
1583 907 1626 938 ad

892 954 1119 993 cognitionem
1136 954 1365 993 auspiciorum.

934 998 1120 1037 Auspicarz',
1147 997 1327 1036 auspicium
1353 1005 1463 1035 agere,
1495 1005 1625 1035 capere.

892 1041 967 1070 Div.
983 1041 1017 1070 ii.
1036 1042 1086 1071 36.
1113 1041 1379 1070 Praetores—nee
1401 1038 1549 1079 tripudio
1564 1049 1625 1069 au-

891 1085 1071 1123 spicantur.
1087 1084 1150 1114 vid.
1168 1084 1298 1114 Duker.
1315 1084 1355 1113 ad
1370 1082 1454 1113 Flor.
1472 1083 1493 1112 i.
1513 1086 1540 1113 1.
1557 1082 1588 1113 6.

934 1128 1103 1157 Αιιεΐενιιε.
1128 1127 1184 1157 Or.
1201 1128 1247 1156 iii.
1260 1129 1312 1158 26.
1338 1127 1481 1157 suavitas
1493 1129 1627 1156 austera

892 1176 926 1200 et
949 1170 1065 1208 solida,
1084 1171 1278 1211 (opponitur
1300 1170 1390 1201 dulci
1410 1174 1446 1200 et
1465 1170 1624 1208 decoctae)

892 1215 998 1253 qualis
1016 1214 1081 1244 fuit
1099 1215 1166 1244 vini
1185 1214 1326 1250 falerni,
1341 1213 1466 1243 habens
1483 1213 1628 1243 delecta-

891 1260 1020 1288 tionem
1043 1258 1182 1288 virilem.
1207 1267 1285 1287 nam
1303 1257 1439 1287 femiuae
1458 1257 1570 1287 dulcia
1592 1267 1627 1287 a-

893 1307 999 1332 mant.

936 1346 1113 1385 Aathepsa.
1137 1345 1235 1375 Rosc.
1257 1343 1333 1374 Am.
1356 1344 1410 1375 46.
1434 1347 1485 1374 est
1510 1353 1567 1374 vas
1592 1344 1628 1374 in

893 1389 1054 1429 superiori
1078 1396 1172 1428 parte
1196 1388 1372 1418 continens
1391 1397 1462 1419 rem
1484 1397 1630 1426 coquen-

894 1433 984 1469 dam,
1009 1433 1043 1462 in
1067 1432 1214 1462 inferiori
1242 1431 1392 1462 foculum
1424 1441 1501 1462 cum
1525 1431 1628 1471 igne3

895 1477 1007 1515 qualia
1029 1476 1126 1506 hodie
1155 1476 1256 1505 etiam
1281 1475 1482 1506 adhibentur
1506 1474 1548 1505 ad
1572 1485 1630 1515 po-

894 1521 1002 1549 tiones
1020 1529 1113 1559 aquae
1131 1519 1247 1550 calidae
1265 1518 1499 1549 conficiendas.
1529 1518 1630 1548 Lam-

895 1563 979 1604 prid.
1003 1563 1036 1593 in
1062 1562 1198 1602 Elagab.
1222 1566 1271 1593 la.
1297 1568 1471 1602 argenteas
1493 1563 1628 1601 authep-

893 1617 946 1638 sas
962 1611 1213 1637 commemorat.
1229 1606 1286 1636 uhi
1302 1606 1368 1636 vid.
1382 1605 1521 1636 Salmas.
1531 1605 1628 1636 Voss.

895 1651 937 1681 ad
965 1650 1086 1681 Catull.
1112 1660 1145 1689 p.
1173 1653 1247 1681 318.
1272 1650 1415 1680 refertur
1437 1649 1470 1680 h.
1496 1649 1518 1680 l.
1542 1649 1632 1680 inter

895 1705 973 1724 vasa
989 1694 1163 1724 Corinthia
1178 1698 1212 1723 et
1227 1693 1377 1724 Deliaca.

937 1738 1160 1769 Αιαὲῖὲανὶαε.
1185 1737 1227 1767 ad
1252 1738 1328 1768 Div.
1351 1748 1383 1767 x.
1408 1739 1461 1768 32.
1484 1736 1629 1767 militem

897 1791 963 1811 non
980 1781 1078 1811 modo
1101 1781 1335 1820 legionarium,
1350 1780 1407 1810 sed
1424 1790 1465 1810 ne
1488 1781 1633 1811 arua-ilia-

895 1828 984 1856 rium
1016 1825 1162 1864 quidem.
1197 1825 1291 1855 Prov.
1324 1824 1422 1854 Cons.
1454 1827 1486 1858 7.
1513 1829 1630 1854 tamen

896 1869 1041 1899 occurrit
1057 1868 1171 1898 cohors
1194 1869 1388 1899 auxiliaria.
1432 1867 1494 1898 Est
1515 1873 1630 1898 autem

874 1913 877 1915 ’
897 1912 1012 1943 cohors
1028 1912 1166 1952 legionis
1182 1922 1268 1952 pars.

939 1957 1064 1986 Arilla.
1088 1956 1144 1986 Or.
1161 1959 1213 1986 45.
1237 1955 1403 1994 quomodo
1417 1955 1507 1985 enim
1523 1961 1633 1985 vester

896 2000 1010 2049 Axilla
1023 1999 1094 2048 *Ala
1115 2000 1224 2030 factus
1247 2005 1311 2037 est,
1335 1999 1399 2030 nisi
1421 1998 1504 2039 fuga
1524 1998 1632 2029 literas

897 2049 1059 2074 vastioris.
1242 2085 1271 2117 Β

942 2173 1066 2205 Bacca.
1089 2173 1130 2204 de
1147 2174 1238 2203 omni
1251 2173 1366 2204 fructu
1377 2172 1525 2203 arboreo.
1549 2172 1632 2212 Leg.

899 2218 921 2247 i.
939 2221 968 2248 8.
993 2217 1106 2257 fruges
1122 2222 1157 2247 et
1173 2218 1284 2248 baccoe.
1307 2216 1421 2246 Divin.
1439 2217 1460 2246 i.
1479 2220 1530 2247 51.
1560 2217 1634 2247 bac·

899 2271 943 2291 coe
966 2262 1133 2292 arborum.
1156 2261 1237 2291 Nat.
1260 2261 1303 2291 D.
1327 2260 1361 2290 ii.
1386 2263 1438 2290 51.
1462 2260 1560 2299 idque
1582 2270 1634 2290 se-

900 2314 977 2335 men
992 2305 1158 2335 inclusum
1169 2311 1219 2334 est
1231 2305 1265 2334 in
1278 2303 1398 2333 intima
1408 2308 1504 2344 parte
1516 2313 1633 2334 earum

901 2349 1087 2387 baccarum,
1110 2358 1184 2388 quae
1210 2358 1250 2378 ex
1273 2357 1405 2386 quaque
1430 2348 1534 2388 stirpe
1558 2347 1635 2378 fun-

900 2392 1038 2422 duntur.

943 2436 1123 2467 Bacchari.
1149 2434 1248 2465 Catil.
1265 2435 1286 2464 i.
1308 2438 1357 2466 10.
1382 2437 1510 2473 quanta
1528 2435 1563 2464 in
1577 2444 1634 2465 vo-

901 2479 1031 2519 luptate
1048 2480 1248 2509 bacchabere.

945 2524 1126 2554 Bacillum.
1153 2522 1283 2561 insigne
1311 2522 1570 2560 magistratuum
1599 2521 1635 2552 in

900 2566 1108 2607 municipiis,
1123 2565 1196 2596 loco
1211 2565 1364 2595 fascium.
1387 2565 1503 2604 Agrar.
1527 2565 1561 2594 ii.
1581 2567 1634 2596 34.

900 2609 1034 2640 lictores
1050 2619 1117 2641 non
1133 2619 1210 2640 cum
1228 2610 1362 2646 bacillis,
1375 2608 1432 2638 sed
1447 2618 1525 2638 cum
1537 2608 1636 2638 fasci-

900 2653 961 2683 bus
984 2654 1171 2684 anteibant.
1193 2652 1234 2682 ad
1258 2662 1358 2692 quem
1375 2651 1486 2682 locum
1503 2662 1534 2682 v.
1550 2651 1638 2682 Tur-

902 2697 1038 2727 nebum.

945 2741 1050 2771 Baioe.
1076 2740 1208 2780 proprie
1235 2749 1308 2778 quae
1337 2739 1418 2778 sint,
1446 2738 1574 2768 dictum
1601 2738 1636 2769 in

902 2783 974 2815 Ind.
990 2784 1109 2823 Geogr.
1133 2783 1198 2813 Sed
1218 2784 1258 2813 ab
1281 2782 1346 2812 illis
1371 2782 1550 2822 Campanis
1565 2791 1637 2811 om-

902 2828 959 2857 nia
983 2828 1105 2858 balnea
1127 2826 1273 2856 calentia
1296 2827 1375 2856 baiae
1398 2830 1537 2862 vocatae,
1552 2825 1636 2856 item

902 2871 993 2902 lacus
1009 2871 1180 2901 hortorum
1197 2870 1331 2900 delicati
1349 2875 1384 2900 et
1400 2870 1492 2900 suavi
1503 2868 1636 2908 frigore.

902 2915 955 2944 Sic
972 2914 1133 2945 dicuntur
1154 2913 1235 2944 Coel.
1256 2916 1305 2944 15.
1326 2914 1375 2945 16.
1391 2916 1445 2946 20.
1468 2923 1499 2945 v.
1515 2912 1636 2953 Scalig.

905 2958 947 2989 ad
961 2957 1086 2990 Tibull.
1101 2957 1148 2988 iii.
1165 2960 1195 2988 5.
1209 2960 1240 2989 3.
