1804 3178
577 98 722 127 rumix
753 99 886 128 LATIN
893 101 1048 131 rmus.

62 185 194 225 quidem
230 195 264 217 se
297 186 491 218 obtulerint.
526 186 568 216 ad
597 187 673 218 Div.
707 189 728 218 i.
765 192 791 219 1.

60 231 121 260 Or.
139 232 190 260 59.
207 237 292 261 extr.

108 273 268 312 stre-pere.
293 274 462 304 insinuare
485 282 520 303 sc
542 273 669 303 artibus
686 274 797 305 alicui.

60 316 119 346 Or.
142 318 194 348 ⁴23.
234 319 376 357 irrepere
403 318 436 346 in
464 326 581 346 sensus
610 316 795 348 hominum.

62 359 142 390 Har.
157 361 195 390 R.
211 363 263 391 ¹24.
288 361 322 390 in
338 360 528 400 opinionem
547 361 662 398 gratia·
675 363 796 402 irnpe-

58 413 106 433 rc.
124 404 190 434 ‘dc
205 403 415 443 heredipetis.
432 403 494 432 Oll'.
507 403 552 432 iii.
573 407 620 438 19.
642 411 679 434 ut
694 407 797 444 possit

64 455 188 477 nonmn
203 449 274 487 ejus
291 448 325 477 in
341 451 586 477 testamentum
604 449 757 487 irrepere.

109 491 256 522 Irretire.
284 490 385 521 Tusc.
411 500 442 518 v.
473 492 524 520 21.
559 490 595 520 iis
620 492 736 522 erratis
760 502 794 522 sc

61 535 242 570 inretierat,
264 538 303 564 ut
326 535 386 564 ἃς.
413 533 526 564 Vatin.
557 537 584 564 1.
614 534 795 574 loquacita-

63 582 134 607 tem
158 576 474 615 interrogationibus
503 579 668 608 irretitam
693 584 796 610 retar-

62 620 153 650 dare.
176 621 257 651 Har.
273 620 312 651 R.
329 623 359 652 4.
384 622 531 651 irretitus
543 629 593 651 est
606 622 680 652 odio
694 623 796 653 bono-

65 673 151 694 rum.

106 707 262 738 Irridere.
282 707 323 737 ad
339 707 415 738 Div.
433 708 475 738 ix.
491 709 542 739 26.
567 709 623 747 qui
639 710 742 740 etiam
758 710 793 741 in

61 749 297 790 philosophum
312 752 464 781 irriseris.

108 794 277 833 Iro-ngare,
304 800 355 824 cst
381 794 542 834 populum
568 795 640 834 lege
665 806 793 835 rogare,

62 843 102 867 ut
126 838 251 877 aliquid
268 838 400 877 jubeat,
417 838 504 876 quod
527 838 568 868 ad
589 838 726 871 alterius
744 841 793 871 in-

61 881 276 911 commodum
308 882 463 922 pertinet.
495 881 594 911 Dom.
626 885 678 914 2¹2.
709 883 794 914 mul-

62 930 133 954 tam
151 926 311 964 irrogare.
334 925 399 955 vid.
416 926 534 955 multa.
559 927 647 956 Sext.
671 930 723 957 30.
746 929 794 957 ir-

63 978 180 1007 rogare
191 968 412 1008 privilegium.
424 978 454 997 v.
467 968 691 1007 privileg-iuni.
704 971 794 1001 Hine

106 1012 282 1051 lrrogatio.
306 1011 416 1042 Rabir.
447 1012 541 1042 Perd.
571 1016 602 1043 3.
635 1016 793 1053 irrogatio

65 1054 192 1086 multae.

106 1099 308 1138 lrrumpere.
333 1097 406 1139 Lig.
435 1101 464 1130 5.
492 1101 655 1138 irrumpes
675 1101 709 1130 in
737 1101 795 1130 fle-

61 1146 137 1172 tum
154 1149 329 1182 nostrum3
350 1142 383 1173 h.
400 1152 429 1172 e.
446 1143 619 1183 impedies,
636 1144 794 1184 interpel-

65 1184 162 1217 labis.

106 1230 150 1261 Is.
167 1230 345 1270 reciproce.
372 1230 430 1259 Or.
447 1229 468 1259 i.
485 1232 536 1261 54.
562 1239 632 1260 sese
656 1231 797 1262 meruis-

61 1282 110 1311 ιε,
125 1273 433 1310 ut--decoraretur‚
446 1279 481 1304 et
495 1274 524 1303 ei
539 1274 646 1304 vietus
663 1274 794 1314 publice

62 1317 278 1356 praeberetur.
304 1319 323 1338 θ
339 1317 406 1347 dat.
430 1327 475 1354 eo,
492 1326 550 1357 pro
575 1319 614 1347 ei.
638 1318 732 1348 Verr.
749 1319 792 1348 iv.

61 1362 115 1391 42.
140 1360 228 1399 quod
244 1371 277 1390 eo
293 1360 364 1390 loco
381 1366 533 1400 praeerat.
562 1359 635 1391 Nisi
653 1367 795 1401 praeerat

63 1403 215 1434 absolute
237 1404 400 1444 accipere,
416 1409 451 1434 et
474 1404 508 1435 in
530 1414 564 1434 eo
580 1404 653 1435 loco
668 1405 794 1436 intelli·

63 1457 141 1486 gere
159 1447 265 1478 malis.

108 1492 195 1522 [scia
219 1491 290 1520 Fin.
306 1500 334 1520 v.
351 1491 498 1536 wfw
511 1499 606 1522 sum:
631 1492 653 1522 i.
677 1501 707 1522 e.
730 1491 794 1522 hoc

64 1542 139 1573 ago,
153 1535 264 1574 cogito
281 1533 401 1564 facere.
496 1547 511 1562 ο

107 1579 177 1615 Ita,
195 1578 228 1607 in
246 1577 488 1614 confirmando,
503 1578 705 1618 etjurando.
730 1577 792 1608 Ca-

63 1620 114 1651 til.
145 1620 195 1651 iv.
209 1621 241 1652 6.
271 1623 320 1651 ita
347 1621 427 1651 mihi
454 1620 546 1651 salva
571 1631 640 1662 rep.
669 1620 795 1662 perfrui

61 1663 175 1702 liceat,
187 1670 228 1694 ut
239 1673 300 1704 ego
317 1668 378 1695 ὄις.
402 1664 444 1694 ef.
459 1662 552 1696 Verr.
566 1675 597 1695 v·
614 1668 662 1696 14.
688 1665 707 1684 *
720 1664 795 1696 Ele—

63 1717 147 1747 gans
169 1714 204 1738 et
228 1709 336 1738 varius
353 1718 450 1748 porro
464 1713 516 1738 est
534 1708 633 1748 hujus
648 1709 795 1749 particu-

63 1752 103 1782 1ae
128 1761 219 1788 usus,
237 1755 288 1789 ut,
304 1751 365 1782 hac
389 1761 490 1781 causa
511 1751 623 1782 allata.
655 1752 746 1783 Verr.
771 1753 792 1782 i.

62 1795 116 1826 46.
146 1797 195 1826 ita
222 1795 422 1833 intercessit,
446 1795 534 1834 quod
560 1797 620 1826 διο.
650 1795 692 1826 ad
718 1796 794 1827 Div.

65 1839 132 1868 xiii.
150 1839 201 1869 56.
226 1839 252 1868 is
269 1839 315 1869 ita
329 1839 390 1869 sibi
407 1839 583 1878 persuadet
597 1851 607 1877 ;
630 1844 793 1879 sequente

64 1891 133 1912 acc.
149 1891 226 1912 cum
244 1881 302 1912 inf.
321 1882 377 1912 ubi
394 1888 453 1912 aut
469 1882 646 1921 redundat,
661 1888 721 1914 aut
735 1892 794 1924 pro

67 1925 127 1954 hoc
145 1926 290 1965 ponitur.
321 1926 375 1955 Sic
398 1931 433 1955 et
454 1929 504 1955 est
525 1935 578 1966 ep.
593 1927 646 1958 23.
663 1928 716 1958 25.
750 1927 793 1958 vi.

64 1971 94 1998 ι).
122 1968 196 2007 Lig.
221 1969 242 1998 i.
275 1968 356 2000 Sull.
380 1972 410 2003 7.
435 1969 461 1999 si
485 1970 534 1999 ita
556 1971 649 2008 sunt,
673 1969 794 2000 redun-

64 2012 131 2042 dat.
149 2012 241 2043 Verr.
258 2011 278 2041 i.
295 2015 350 2043 40.
365 2014 414 2042 ita
427 2022 479 2042 me
491 2013 660 2043 auditote:
678 2014 699 2043 i.
713 2023 742 2045 e.
755 2023 795 2044 eo

66 2056 193 2086 animo.
218 2055 291 2085 Mil.
312 2059 361 2087 10.
384 2057 430 2086 ita
447 2057 615 2095 profectus
631 2062 703 2087 est:
729 2057 750 2088 i.
766 2068 796 2089 e.

67 2109 106 2129 eo
122 2102 284 2139 tempore.

59 2155 64 2161 ·
108 2143 226 2183 Itaque
253 2145 326 2182 post
356 2141 541 2181 longiorem
567 2142 794 2182 parenthesin,

59 2190 100 2216 ut
125 2185 195 2216 Fin.
212 2187 233 2216 i.
250 2187 280 2216 (5.
316 2185 435 2215 deinde
453 2185 552 2216 hoino
579 2192 698 2217 acutus
715 2197 793 2217 cum

60 2229 291 2268 —attingcre3
327 2231 443 2270 itaque.
473 2230 527 2260 ubi
555 2229 652 2270 plura
677 2240 707 2260 v.
735 2240 790 2270 ap.

64 2272 252 2304 Davisiuni.

106 2316 187 2348 Ieer.
213 2316 292 2355 Leg.
308 2317 330 2348 i.
352 2318 400 2347 13.
424 2317 488 2346 iter
512 2315 610 2355 hujus
626 2317 790 2347 sermonis

62 2359 163 2390 vides.
184 2359 254 2390 Att.
280 2360 320 2390 iv.
346 2361 376 2390 2.
401 2362 463 2390 iter
486 2361 607 2390 amoris
631 2361 735 2390 nostri
758 2366 792 2391 et

62 2403 172 2433 officii.
210 2403 251 2433 ad
275 2403 351 2434 Div.
378 2404 421 2433 xi.
454 2406 500 2433 13.
541 2404 659 2433 itinera
685 2403 794 2434 inulto

63 2446 190 2485 majora
226 2446 372 2485 fugiens,
403 2456 503 2485 quain
541 2456 602 2486 ego
639 2455 792 2486 sequenS.

64 2489 239 2520 Graeviana
255 2490 345 2520 addit
359 2503 365 2521 2
390 2490 479 2520 fecit.

110 2533 245 2564 [term-e.
268 2534 339 2564 Att.
355 2544 407 2564 xv.
429 2536 475 2564 13.
498 2533 558 2563 tibi
576 2533 655 2562 itero
670 2532 791 2563 dicere.

61 2575 162 2607 Tusc.
179 2576 214 2606 ii.
234 2580 281 2610 19.
310 2577 382 2608 Att.
398 2577 461 2607 xiv.
483 2579 530 2607 14.
556 2575 722 2607 iteradum
739 2586 794 2606 ea-

64 2619 139 2650 dem
156 2620 221 2650 ista
235 2620 329 2650 mihi.
346 2621 401 2650 ubi
418 2620 481 2650 vid.
497 2620 640 2650 Gronov.

106 2662 260 2694 lteram.
283 2665 340 2694 Or.
366 2664 399 2694 ii.
424 2667 476 2695 30.
500 2673 579 2702 ager
604 2672 670 2693 non
689 2662 793 2692 semel

64 2710 191 2742 aratus,
207 2706 264 2736 sed
280 2713 420 2737 novatus
433 2713 465 2737 et
478 2709 624 2738 iteratus.
643 2706 705 2736 vid.
722 2705 793 2736 sal-

64 2759 147 2780 maS.
164 2749 206 2779 ad
220 2749 323 2780 Solin.
339 2760 371 2790 p.
390 2754 463 2785 509.
479 2760 522 2780 ss.

104 2792 222 2830 «Iubeo,
233 2792 274 2822 de
287 2793 408 2833 populo
421 2795 551 2834 proprie
567 2793 702 2830 dicitur,
714 2802 791 2822 cum

62 2835 172 2876 legem
188 2835 321 2875 accipit.
334 2837 375 2868 ad
391 2838 487 2868 Brut.
504 2840 536 2868 4.
560 2837 702 2867 Senatus
715 2845 794 2866 cen-

59 2881 143 2923 suit.
159 2879 301 2920 populus
316 2879 356 2913 R.
363 2878 475 2922 jum't.
501 2884 516 2899 *
530 2880 569 2913 de
587 2885 727 2920 proetore
737 2881 794 2919 jus

1488 100 1571 137 835

843 189 988 227 dicente,
1015 201 1092 221 cum
1119 192 1279 232 decernit,
1303 201 1336 225 ct
1364 197 1508 234 quidem,
1534 200 1572 226 ut

846 231 1059 263 Hotomanno
1089 235 1213 273 placet„
1235 249 1311 268 cuni
1339 239 1384 268 ita
1410 240 1570 277 decernit,

845 283 881 305 ut
906 286 1054 306 recusam·
1084 278 1193 316 lim-at,
1218 292 1292 311 vuui
1321 290 1436 312 νωιιιι-ει
1459 282 1571 312 ἀνι-υτ-

845 328 922 348 nere
951 319 1094 357 dicatur,
1122 322 1175 351 uhi
1208 333 1271 353 nnn
1302 325 1378 354 livet
1410 336 1570 356 rvcussire.

842 362 961 402 Quint.
987 368 1017 392 8.
1048 365 1128 402 quin
1149 365 1194 394 ita
1213 368 1369 398 satisdare
1385 367 1571 408 jube-ratur.

844 405 922 435 ibid.
936 405 1031 447 Jubel
1059 408 1091 437 l'.
1115 408 1278 446 Quintum
1297 414 1504 449 sponsionem
1523 412 1569 441 [Ἀ-

843 459 928 480 cere.
968 451 1179 487 recusabant,
1216 454 1270 490 qui
1318 454 1453 484 adt-runt
1495 460 1570 484 tum

842 493 994 532 Quintio.
1035 494 1240 524 llotonmnni
1279 499 1480 527 sonu-numu
1518 499 1572 528 illo

842 536 911 575 ipse
937 536 1027 567 locus
1051 537 1183 567 refellit.
1209 548 1284 568 nani
1309 541 1422 569 statim
1440 539 1572 579 subjicit

843 580 980 609 Cicero:
1021 581 1197 611 Dolabella
1234 586 1291 613 aut
1325 583 1481 612 satisdare
1514 590 1572 614 aut

840 625 1054 662 sponsionem
1075 622 1171 665 jubet
1200 625 1321 662 facere,
1353 632 1388 656 ct
1419 637 1572 657 recusan-

838 670 890 696 tes
929 674 1058 697 nostros
1095 668 1271 699 advocatos
1305 670 1463 699 acerrime
1494 672 1570 699 sul»-

841 711 978 740 movcri.
1017 711 1091 740 *an
1114 710 1233 752 jubere
1265 723 1378 742 casuin
1411 715 1573 743 accusati-

840 760 918 782 vum
951 753 1000 783 vel
1032 754 1180 784 dativum
1217 764 1309 794 regat
1342 756 1429 796 apud
1461 767 1571 787 aure-'o

839 797 948 826 aetatis
980 798 1169 837 scriptores,
1209 798 1411 839 disputatur.
1443 810 1472 829 ν.
1509 800 1572 830 Le·

841 840 905 869 xic.
946 840 1038 870 fabr.
1077 845 1112 871 ct
1156 841 1238 871 adde
1285 842 1488 882 lnterprctes
1532 844 1574 874 ad

841 882 924 912 Caes.
942 882 978 913 B.
996 884 1032 913 C.
1049 884 1095 914 iii.
1111 887 1164 919 98.
1188 884 1304 916 Burni.
1321 886 1361 916 ad
1377 886 1472 916 Ovid.
1487 887 1570 917 Met.

839 926 907 956 viii.
934 929 1007 960 752.
1031 927 1176 958 Gronov.
1205 929 1331 959 Duker.
1359 935 1391 959 et
1419 930 1574 961 Draken-

840 969 952 1000 borch.
969 970 1008 999 ad
1023 971 1093 1001 Liv.
1110 972 1207 1001 xxvii.
1224 974 1276 1002 ⁶24.
1295 972 1333 1002 ln
1350 972 1422 1002 loco
1438 974 1571 1004 Cicero-

840 1013 891 1043 nis
925 1014 995 1043 Att.
1024 1015 1067 1044 ix.
1100 1018 1147 1044 13.
1184 1015 1256 1045 init.
1287 1026 1488 1055 quamquam
1518 1017 1571 1048 ha

842 1056 923 1086 mihi
948 1056 1052 1086 litcrae
1076 1057 1257 1089 Dolabellae
1269 1057 1385 1100 jubent
1402 1059 1443 1089 ad
1460 1060 1570 1100 pristi-

840 1108 898 1129 nas
922 1101 1143 1139 cogitationes
1166 1103 1298 1132 reverti.
1337 1103 1501 1133 Corradus
1521 1104 1571 1134 in-

837 1142 1012 1181 telligebat
1034 1144 1167 1183 scriptae
1192 1149 1231 1175 ut
1252 1145 1293 1175 ad
1318 1145 1428 1176 literas
1451 1146 1572 1177 refera-

838 1189 906 1216 tur.
937 1186 1054 1216 Malim
1082 1187 1164 1218 mihi
1191 1187 1392 1228 pleonasticc
1417 1189 1569 1220 additum

839 1229 963 1267 dicere,
981 1236 1020 1260 ut
1036 1230 1069 1260 ln
1086 1229 1142 1260 illo
1158 1243 1165 1260 :
1190 1231 1262 1261 vide
1286 1233 1366 1263 mihi
1388 1232 1572 1271 hominem,

839 1276 874 1302 et
889 1273 1067 1311 similibus,
1084 1283 1158 1313 quae
1183 1276 1265 1305 ratio
1281 1277 1382 1306 etiam
1407 1277 1440 1306 in
1458 1281 1572 1308 nostra

840 1315 958 1356 lingua
981 1317 1125 1355 obtinet,
1153 1319 1187 1348 in
1212 1319 1367 1350 familiari
1395 1320 1428 1349 in
1454 1321 1571 1360 primis

840 1369 1004 1391 sermone.
1045 1360 1110 1390 Sed
1148 1372 1225 1392 curn
1262 1363 1429 1394 infinitivo
1465 1365 1571 1394 activo

840 1404 930 1444 poni,
958 1403 1130 1434 intellecto
1159 1410 1233 1444 post
1253 1404 1352 1447 jubeo
1382 1408 1571 1438 accusativo

839 1457 1000 1487 personae,
1028 1455 1121 1487 patet
1149 1458 1167 1477 e
1199 1448 1270 1479 loco
1301 1460 1401 1490 supra
1426 1450 1525 1481 allato
1551 1461 1571 1480 e

838 1490 1035 1530 Quintiana.
1060 1491 1135 1521 add.
1157 1492 1273 1522 Burm.
1297 1493 1338 1523 ad
1361 1493 1477 1533 virgil.
1492 1495 1569 1525 AEn.

841 1535 876 1564 ii.
891 1537 924 1565 3.

881 1577 1093 1608 ducunditas.
1119 1577 1237 1618 plural.
1267 1578 1338 1609 Att.
1360 1590 1391 1609 x.
1415 1582 1446 1611 8.
1485 1580 1572 1612 nihil

839 1620 922 1651 mihi
939 1630 1098 1660 umquam
1115 1632 1154 1652 ex
1172 1620 1324 1662 plurimis
1335 1622 1402 1654 tuis
1409 1621 1568 1665 jucundi-

839 1665 961 1696 tatibus
977 1665 1104 1703 gratius
1121 1665 1288 1696 accidisse.

880 1707 1002 1738 dudem.
1028 1707 1140 1738 Plane.
1169 1711 1217 1740 15.
1232 1707 1362 1750 judices
1384 1709 1514 1740 alterni.
1537 1721 1567 1741 v.

837 1750 997 1781 alternus.
1029 1751 1126 1782 Brut.
1151 1753 1204 1786 76.
1225 1751 1337 1794 judex
1363 1754 1567 1792 quaestionis.

839 1804 870 1825 v.
886 1794 1038 1833 quaestio.

880 1838 1055 1875 «Iudicare,
1075 1837 1226 1878 judicem
1254 1849 1335 1869 esse.
1371 1839 1465 1870 Verr.
1491 1841 1514 1872 i.
1537 1843 1569 1872 8.

838 1880 932 1912 velle.
968 1881 1038 1912 Att.
1070 1892 1101 1912 x.
1133 1886 1164 1913 8.
1202 1882 1246 1912 al)
1272 1892 1389 1913 eorum
1421 1883 1567 1915 consiliis

837 1925 950 1955 abesse
971 1922 1144 1965 judicasti.
1173 1925 1261 1956 facto
1286 1926 1459 1957 ostendere
1487 1926 1568 1966 quid

827 1965 1028 2009 judicemus.
1049 1967 1150 1999 Tusc.
1174 1978 1204 1999 v.
1228 1971 1280 2000 20.
1304 1970 1373 2010 ipse
1386 1968 1566 2010 judicavit,

839 2021 940 2050 quam
957 2016 1046 2042 esset
1061 2012 1190 2049 beatus,
1207 2013 1262 2042 ubi
1286 2012 1409 2043 frustra
1431 2014 1567 2054 corrigit¹

838 2054 950 2086 Bentl.
968 2055 1136 2086 indicavit.
1167 2065 1197 2085 v.
1215 2056 1248 2086 in
1265 2055 1437 2087 iudicium.

879 2099 1058 2130 ‹ludit-atio.
1083 2098 1157 2128 Inv.
1172 2099 1193 2128 i.
1215 2102 1263 2130 13.
1285 2099 1364 2138 quid
1379 2100 1449 2130 sit?

879 2142 1071 2179 ‘ludicatuz
1088 2143 1405 2181 munusjudicandi.
1428 2143 1498 2174 Att.
1511 2143 1567 2177 xii.

843 2189 889 2220 l9.
919 2185 1007 2224 quod
1031 2185 1070 2215 de
1089 2184 1244 2226 judicatu
1272 2196 1345 2215 meo
1370 2188 1430 2216 fiac.
1454 2188 1507 2217 Sic
1530 2192 1566 2217 et

839 2229 1003 2259 Corradus
1023 2230 1124 2269 cepit,
1141 2229 1299 2268 probante
1316 2229 1491 2260 Gronoxio.

881 2272 1072 2303 Judicaeus.
1099 2273 1164 2311 adj.
1195 2271 1267 2302 lnv.
1294 2273 1315 2302 i.
1343 2277 1394 2304 30.
1418 2273 1499 2318 quid
1521 2275 1566 2306 sit

827 2314 1051 2357 judicatum?
1089 2316 1167 2346 ibid.
1206 2316 1397 2354 religiosum
1437 2323 1472 2347 et
1509 2327 1568 2360 ap-

838 2359 1013 2399 probatum
1029 2356 1221 2398 judicatum
1245 2359 1348 2398 quid?
1374 2360 1568 2391 *constitu-

837 2409 905 2439 tus,
929 2403 1089 2432 sancitus.
1125 2403 1236 2432 Rabir.
1264 2403 1410 2433 Postum.
1434 2406 1466 2434 4.
1491 2413 1567 2435 san-

838 2447 923 2476 ctius
939 2443 1107 2486 judicata.
1142 2445 1289 2485 ΤΩιιίιιῑ.
1319 2450 1350 2480 7.
1372 2445 1566 2486 judicatum

837 2489 929 2520 solvi.
963 2489 1043 2519 Har.
1071 2488 1109 2519 R.
1140 2491 1188 2519 14.
1219 2488 1356 2520 domuin
1375 2487 1568 2531 judicatam

838 2532 1022 2563 secundum
1040 2532 1175 2562 fratrem
1194 2532 1275 2570 ejus.

877 2575 1064 2606 Judicz'atis.
1087 2575 1179 2606 Verr.
1197 2575 1238 2605 iv.
1250 2578 1303 2610 47.
1316 2573 1476 2616 judiciali
1489 2577 1564 2617 jur·

837 2628 1002 2659 persequi.

880 2662 1098 2694 dudiciarius.
1133 2661 1267 2692 Cluent.
1289 2663 1342 2693 26.
1366 2661 1568 2703 judiciarius

837 2708 994 2744 quoestus.
1017 2705 1109 2736 Verr.
1134 2706 1154 2735 i.
1179 2707 1209 2736 2.
1223 2703 1414 2746 judiciariae
1433 2713 1567 2738 contro-

838 2757 964 2779 versiae.

880 2791 1064 2822 audie-ium.
1087 2789 1247 2822 iudicium
1271 2795 1306 2822 et
1331 2793 1505 2824 arbitrium
1528 2798 1568 2825 ut

838 2835 1018 2866 differant?
1045 2834 1141 2868 Rosc.
1163 2836 1258 2866 Com.
1283 2838 1315 2866 4.
1341 2836 1412 2867 Mil.
1435 2840 1460 2866 l.
1475 2835 1568 2878 judi-

838 2880 926 2912 cium
950 2886 1093 2913 novum:
1119 2879 1151 2916 h.
1168 2889 1197 2911 e.
1213 2879 1511 2914 extraordinarium
1533 2885 1569 2911 et
