1800 3131
145 157 227 195 224

146 254 345 294 praeparatio
373 254 414 285 ad
445 255 583 288 bellum.
643 257 768 289 Eodem
800 259 868 290 sere

147 307 245 328 sensu
276 299 425 338 cogitatio
455 304 506 330 est
543 301 631 340 apud
666 302 869 334 Vitruvium.

146 341 229 372 Haec
245 352 285 372 ex
308 343 497 382 prolusione
517 343 557 374 de
574 344 664 376 libris
682 346 751 376 Cic.
768 347 807 376 de
824 348 868 377 0-

146 389 255 416 ratore
283 395 312 416 a.
346 386 439 421 1736.
470 387 572 426 edita,
603 389 637 419 in
667 399 733 428 qua
761 390 869 420 obiter

146 429 341 459 Pearcianas
366 430 524 468 quasdam
553 434 760 471 conjecturas
786 435 868 471 reje-

145 472 263 503 cimus.
307 473 420 504 Livius
444 485 538 504 xxxv.
560 477 612 506 28.
635 476 723 506 clare
745 478 868 514 cogita.-

145 517 243 546 tiones
257 522 352 547 vocat
375 518 629 548 exercitationes
650 519 868 559 I’bilopoeme-

146 560 198 590 nis
229 561 264 590 in
294 561 517 601 comparando
541 572 602 591 usn
626 563 779 593 militaris
807 563 866 600 rei,

145 603 252 642 quoad
269 604 380 634 animo
397 613 613 644 peraguntur.

194 647 353 685 (ng-natio.
379 648 455 679 Div.
472 649 505 677 ii.
527 651 574 678 14.
597 652 643 679 15.
669 651 796 678 naturae.
819 659 868 679 co-

143 692 268 728 gnatio,
281 696 331 720 est
343 691 516 730 copomfflnoe
532 691 818 731 Philosophorum.
835 703 865 722 V.

145 732 217 764 lnd.
229 734 283 764 Gr.
295 734 478 772 συμπάθεια.
496 735 512 752 ²*
526 735 603 765 ibid.
621 736 672 768 69.
690 745 755 774 qua
770 739 867 765 natu-

144 777 204 807 rali
228 782 413 815 cognatione
435 778 611 808 thesaurus
635 788 711 808 cnm
729 780 866 809 somniis

137 821 306 860 jungitur.
329 820 563 859 *conjunctim
581 832 657 851 cum
681 831 785 852 unum
805 824 866 852 im-

143 864 305 904 plicatum
333 870 384 894 est
410 864 520 901 alteri,
536 868 574 895 ut
599 866 670 895 sine
694 875 733 895 co
759 866 867 895 consi-

143 911 228 938 stere
251 907 329 937 satis
353 916 418 937 non
435 909 548 947 possit.
578 909 676 939 Arch.
698 912 724 938 l.
756 910 867 940 studia

143 950 360 980 humanitatis
391 951 531 989 quadam
564 953 751 991 cognatione
778 953 867 983 inter

142 1003 176 1023 se
199 994 428 1024 continentur.
458 994 564 1025 *Dim
589 997 610 1025 i.
636 999 688 1026 30.
715 996 864 1026 Deorum

141 1039 327 1076 cognatione
355 1038 473 1068 teneri.
511 1038 529 1057 ³*
546 1039 680 1078 elegans
706 1039 789 1069 illud
815 1039 888 1070 estv

143 1081 225 1111 Sull.
256 1083 308 1112 20.
348 1091 532 1120 numquam
558 1083 620 1112 sibi
647 1085 865 1121 cognationem

141 1134 218 1154 cum
243 1124 374 1165 praediis
398 1135 468 1155 esse
491 1127 695 1156 existimavit
717 1127 801 1156 suis:
832 1126 865 1156 h.

142 1178 171 1197 e.
195 1178 379 1207 numquam
397 1169 444 1198 ita
460 1170 584 1199 amavit
599 1170 724 1210 praedia
739 1180 811 1206 sua,
828 1176 866 1201 ut

141 1222 181 1241 ca
208 1212 316 1241 nollet
344 1212 500 1251 vendere,
529 1213 555 1243 si
587 1223 637 1243 res
669 1213 864 1253 postularet.

142 1254 263 1286 Melius
281 1255 353 1286 haec
369 1256 536 1296 intelliges
551 1267 589 1286 ex
607 1257 706 1287 Catil.
723 1257 756 1287 ii.
774 1261 803 1288 8.

190 1300 361 1338 (og-natus.
378 1299 434 1329 Or.
447 1300 493 1330 iii.
505 1303 556 1331 51.
579 1300 757 1339 (ognatum
772 1310 866 1330 men-

140 1342 229 1373 tibus
254 1343 386 1381 nostris,
402 1349 453 1374 est
477 1354 527 1374 res
546 1350 667 1374 natura
682 1345 789 1374 menti
804 1345 865 1374 hu-

142 1396 250 1417 manae
274 1387 322 1417 ita
344 1389 555 1424 conveniens,
571 1393 608 1417 ut
626 1398 665 1417 ca
679 1393 864 1425 moveatur,

141 1430 229 1460 inter
254 1428 353 1469 (suam
382 1430 464 1460 adeo
487 1435 520 1460 et
543 1435 691 1461 mentem
716 1436 864 1462 nostram

139 1478 191 1503 est
207 1473 359 1512 quaedam
378 1474 562 1513 συμπάθεια.

190 1517 339 1556 Cognitio.
370 1520 412 1548 ad
443 1518 641 1558 Capitonem
673 1518 694 1548 l.
725 1519 789 1549 xvi.
824 1518 866 1549 ad

142 1559 212 1590 Att.
243 1571 295 1600 ep.
328 1562 377 1592 16.
418 1562 617 1591 Consulibus
655 1564 864 1600 cognitionem

141 1604 243 1634 dedit.
255 1604 289 1635 h.
301 1614 330 1635 e.
342 1606 532 1644 cognitionis
544 1615 649 1644 genus
666 1606 761 1643 illud,
779 1607 865 1645 quod

133 1647 205 1685 juri
227 1648 407 1686 ordinario,
424 1648 457 1678 h.
475 1658 504 1679 e.
521 1650 710 1688 quaestioni,
726 1650 865 1689 opponi-

139 1696 209 1728 tur,
228 1701 300 1730 quae
324 1692 364 1722 fit
384 1702 421 1721 ex
448 1691 575 1731 legibus
598 1703 657 1732 per
672 1697 777 1723 certos
794 1703 864 1722 ma-

141 1735 308 1774 gistratus.
332 1736 419 1766 Nam
444 1738 578 1774 cognitio
601 1737 639 1766 fit
662 1741 754 1766 extra
777 1737 864 1766 ordi-

140 1787 218 1808 nem
241 1779 282 1809 ab
305 1788 357 1815 eo,
374 1780 430 1818 qui
454 1783 547 1809 extra
569 1780 719 1810 ordinem
743 1782 865 1810 consti-

139 1825 232 1852 tutus
257 1826 319 1860 est,
336 1827 374 1852 ut
397 1833 466 1853 rem
482 1828 671 1862 eognoscat,
688 1828 727 1854 ut
743 1824 865 1854 docent

142 1865 280 1897 Salmas.
303 1866 343 1896 de
367 1867 456 1897 mod.
486 1867 585 1897 Usur.
609 1878 637 1897 c.
664 1868 709 1897 iii.
734 1878 764 1907 p.
794 1870 863 1898 lll.

140 1919 210 1949 sqq.
225 1913 261 1939 et
274 1909 380 1940 Graev.
397 1911 432 1940 in
448 1910 624 1941 Animadv.
641 1911 682 1941 ad
697 1911 810 1951 Sigon.
824 1911 863 1942 de

139 1953 248 1983 Judjc.
274 1954 306 1983 ii.
323 1956 354 1984 4.
383 1954 564 1991 Caeterum,
581 1964 657 1984 cum
681 1964 865 1993 cognoscere

139 1997 240 2026 ctiam
265 1996 396 2027 dicatur
417 1998 457 2027 de
480 1998 647 2028 ordinario
662 1999 752 2037 jure,
776 1998 864 2037 quod

140 2050 238 2070 nemo
262 2041 296 2070 in
312 2041 449 2071 dubium
469 2051 582 2071 vocare
598 2045 719 2082 potest,
735 2046 794 2071 aut
809 2052 864 2072 vo-

138 2085 238 2120 cavit,
254 2094 322 2114 non
344 2084 451 2121 video,
467 2095 568 2124 quare
592 2095 657 2115 non
682 2090 716 2115 et
729 2087 864 2124 cognitio

139 2128 269 2168 proprie
293 2128 337 2158 sit
359 2129 546 2158 communis
568 2130 741 2160 ordinariis
758 2134 793 2159 et
808 2139 864 2159 ex-

137 2171 364 2202 traordinariis
392 2173 512 2209 causis,
536 2177 569 2202 et
594 2173 698 2202 abusu
727 2173 861 2202 demum

139 2216 195 2251 sit,
212 2219 245 2244 et
267 2225 326 2255 per
347 2215 478 2256 ellipsin
500 2216 680 2255 quandam,
698 2216 738 2246 ad
754 2221 863 2246 extra-

139 2259 320 2289 ordinarias
347 2259 510 2290 traducta.
546 2260 598 2289 Sic
629 2260 721 2290 Suet.
746 2259 862 2289 Claud.

144 2304 192 2332 1⁶2.
232 2304 461 2342 cognitionibus
489 2304 746 2342 magistratuum
776 2306 862 2333 tam-

141 2355 239 2384 quam
257 2347 460 2377 consiliarius
477 2347 640 2377 interfuit.
661 2346 703 2377 cf.
719 2346 793 2376 Tib.
808 2350 860 2377 33.

141 2389 222 2419 item
246 2390 336 2429 apud
358 2391 466 2430 ipsum
488 2391 557 2421 Cic.
588 2391 683 2421 Brut.
701 2392 752 2421 22.
785 2400 861 2420 cum

140 2432 209 2462 dies
232 2435 420 2471 cognitionis
443 2439 542 2470 esset,
558 2444 616 2474 pro
631 2434 683 2464 die
694 2433 811 2472 judicii
828 2441 864 2464 et

141 2477 210 2514 ejus
228 2477 361 2515 quidem
378 2478 545 2508 ordinarii.
577 2478 669 2507 Verr.
685 2478 718 2507 ii.
736 2479 788 2507 25.
822 2477 862 2507 de

134 2520 264 2559 judicio
281 2521 320 2550 de
335 2521 434 2551 falso:
462 2531 503 2551 ne
519 2531 583 2560 qua
597 2521 701 2561 ipsius
715 2522 862 2560 cognitio,

140 2564 277 2598 absente
293 2564 363 2602 illo,
381 2565 420 2595 dc
435 2565 680 2595 existimatione
697 2565 766 2603 ejus
786 2574 863 2594 con-

140 2607 349 2638 stitueretur.
366 2609 426 2644 Sic
444 2613 478 2638 et
494 2618 679 2647 cognoscere
692 2607 863 2638 interdum

141 2650 339 2690 simpliciter
362 2651 400 2682 de
424 2662 523 2682 causa
541 2652 802 2682 extraordinaria
816 2652 864 2681 di-

141 2694 242 2731 citur,
265 2698 305 2724 ut
334 2695 428 2725 Verr.
454 2697 488 2726 ii.
516 2699 564 2726 13.
599 2705 633 2725 se
656 2697 864 2734 cogniturum

141 2739 202 2774 ἃς.
222 2738 260 2768 de
277 2738 374 2769 rebus
390 2739 658 2769 extraordinariis
674 2739 787 2778 accipe
802 2740 864 2768 eti-

141 2791 195 2817 am
220 2781 297 2821 Agr.
321 2782 355 2812 ii.
374 2784 426 2814 22.
460 2784 668 2821 cognitionem
693 2792 863 2821 agrorum,

140 2825 174 2856 h.
191 2835 221 2855 e.
239 2826 279 2856 de
296 2826 402 2865 agris:
428 2830 462 2856 et
477 2826 555 2857 ibid.
579 2828 631 2857 21.
653 2827 864 2865 cognitionem

140 2869 377 2900 decemvirum.
402 2870 420 2889 *²
433 2871 536 2906 notio,
554 2870 633 2909 Leg.
652 2870 686 2900 ii.
705 2873 753 2905 19.
778 2869 866 2909 quod

140 2915 287 2954 positum
316 2917 367 2943 est
392 2913 426 2943 in
455 2923 524 2943 una
553 2915 742 2952 cognitione,
768 2913 803 2943 id
829 2914 865 2943 in

139 2958 276 2989 infinita
302 2956 556 2998 dispartiuntur.
587 2957 753 2995 *notitia‚
784 2956 865 2988 Nat.

662 171 808 200 INDEX
838 171 972 202 LA'rtN
978 173 1133 203 ITATIS.

913 261 956 291 D.
974 262 995 291 i.
1017 265 1064 296 17.
1089 261 1212 292 innatae
1228 262 1419 300 cognitiones
1432 262 1592 304 Deorum.

961 305 1121 343 (hgnitor,
1143 304 1171 343 1)
1192 312 1255 343 est,
1274 306 1329 344 qni
1355 306 1446 336 nobis
1463 307 1558 337 testis
1571 309 1637 344 est,

911 357 981 378 esse
999 358 1058 378 nos
1073 358 1142 384 eOS,
1155 359 1237 387 quos
1254 349 1394 378 dicimus
1411 359 1495 386 esse,
1507 355 1542 379 et
1557 360 1636 380 con-

912 392 1023 421 firmat
1048 401 1106 422 nos
1123 393 1182 422 sibi
1198 394 1335 431 cognitos
1351 402 1432 422 esse.
1457 392 1550 422 Verr.
1564 393 1586 423 i.
1603 396 1636 423 5.

911 435 1016 464 civem
1040 436 1241 472 Romanum,
1259 437 1313 474 qui
1337 437 1512 475 cognitores
1535 435 1637 466 hone·

910 481 978 507 stos
1008 477 1115 515 daret,
1139 478 1306 509 sublatum
1338 489 1407 509 esse
1432 480 1466 508 in
1491 488 1636 510 crucem.

909 521 1002 551 Verr.
1016 531 1046 550 v.
1061 522 1113 552 65.
1128 524 1319 560 cog-nitorem
1332 522 1533 562 locupletem
1548 521 1636 553 dare.

911 564 988 594 ibid.
1012 574 1077 593 non
1094 574 1225 605 semper
1241 576 1317 596 cum
1335 566 1548 605 cognitoribus
1564 575 1634 596 esse

910 611 1059 646 possunt.
1082 607 1158 637 ‹Jam
1177 608 1210 645 2)
1231 610 1309 648 quia
1324 609 1514 646 hujusmodi
1530 609 1636 640 bomi-

910 660 967 680 nes
991 654 1072 680 sunt
1094 652 1137 688 ei,
1154 653 1248 690 cujus
1270 657 1445 691 cogmtwes
1467 656 1560 690 sunt,
1577 662 1636 682 au-

909 698 1015 723 ctores
1044 698 1080 723 et
1111 694 1312 733 defensores,
1335 698 1508 735 cognitores
1533 696 1635 726 etiam

909 737 1068 767 dicuntur
1098 741 1248 768 auctores
1278 744 1313 769 et
1342 739 1542 770 defensores.
1581 739 1634 769 Sic

910 780 982 810 Cat.
996 781 1037 810 iv,
1051 784 1080 811 5.
1107 787 1224 811 auctor
1239 790 1271 811 et
1288 785 1429 821 cognitor
1444 783 1634 819 sententiae,

909 824 1044 861 dicitur,
1057 825 1112 863 qui
1130 835 1164 855 se
1180 826 1251 862 ejus
1267 827 1442 855 sententiae
1458 826 1636 866 profitetur

909 872 1089 897 auctorem.
1114 868 1147 898 in
1167 868 1278 898 Caecil.
1293 872 1325 899 4.
1349 870 1634 908 cognitoremjuris

908 912 970 940 sui.
997 911 1140 951 Hal-usp.
1173 912 1271 952 Resp.
1289 915 1341 942 ⁶21.
1373 922 1448 942 eum
1465 912 1500 942 in
1517 922 1570 942 me
1586 922 1635 942 co-

905 956 1065 992 gnitorem
1097 955 1228 985 illarum
1253 965 1363 985 rerum
1387 956 1552 992 omnium,
1576 955 1633 986 illa

909 998 1043 1028 flamina
1066 998 1196 1028 illorum
1222 1003 1412 1039 temporum
1434 999 1631 1037 conjicieba-

907 1046 974 1071 tur.
992 1051 1041 1071 res
1059 1041 1124 1072 illae
1141 1048 1232 1079 sunt,
1247 1046 1284 1073 ut
1296 1054 1335 1072 ex
1352 1047 1512 1073 contextu
1529 1046 1634 1082 patet,

908 1085 1087 1115 auctoritas
1104 1091 1252 1123 senatus,
1270 1087 1443 1116 consensio
1456 1087 1633 1122 bonorum,

907 1133 1015 1158 status
1040 1128 1157 1158 Italiae.
1182 1129 1300 1168 harum
1324 1139 1434 1159 rernm
1459 1135 1492 1159 et
1516 1136 1634 1159 auctor

907 1177 942 1201 et
965 1172 1118 1202 defensor
1138 1172 1252 1202 Cicero
1268 1173 1380 1203 fuerat
1394 1173 1427 1202 in
1445 1172 1633 1203 consulatu.

908 1216 941 1244 in
956 1215 1067 1245 Caecil.
1083 1218 1114 1245 4.
1138 1226 1191 1245 me
1203 1218 1392 1254 cognitorem
1404 1217 1490 1254 juris
1505 1216 1556 1246 sui
1572 1217 1632 1246 &c.

907 1259 996 1288 Hinc
1021 1259 1052 1296 3)
1081 1259 1233 1299 inprimis
1256 1261 1398 1299 cognitor
1421 1260 1556 1296 dicitur,
1577 1260 1633 1298 qui

907 1303 1080 1341 praesentis
1102 1313 1235 1332 causam
1253 1304 1287 1333 in
1304 1303 1527 1333 controversia
1543 1303 1632 1334 civili

907 1346 989 1383 agit,
1007 1346 1288 1384 quemadmodum
1312 1347 1456 1377 absentis
1477 1356 1633 1386 procura-

907 1394 970 1419 tor.
1001 1389 1094 1419 Verr.
1118 1390 1152 1419 ii.
1176 1393 1228 1421 43.
1258 1392 1453 1428 cognitorem
1477 1389 1634 1420 adscribit

907 1433 1056 1463 Sthenio.
1075 1434 1096 1462 i.
1114 1443 1142 1463 e.
1159 1433 1316 1464 adscribit
1338 1434 1373 1464 in
1397 1433 1516 1463 litteris
1540 1433 1632 1473 publ.

907 1477 979 1515 quis
1006 1478 1148 1515 cog-nitor
1175 1477 1305 1509 Sthenii
1327 1477 1442 1513 fuerit,
1466 1476 1538 1515 quis
1561 1476 1632 1515 ejus

908 1530 1041 1549 causam
1066 1521 1183 1557 egerit.
1209 1521 1332 1551 Caecin.
1364 1523 1393 1551 5.
1421 1521 1564 1559 cognitor
1586 1520 1634 1549 vi-

907 1563 1061 1593 duarum.
1095 1564 1190 1594 Rosa
1216 1565 1310 1594 Com.
1340 1567 1388 1594 11.
1417 1574 1471 1594 me
1495 1564 1634 1602 cognito-

906 1617 975 1636 rem
1002 1607 1133 1636 dedisti.
1160 1607 1234 1637 vide
1262 1607 1302 1637 de
1325 1607 1388 1637 hoc
1410 1607 1510 1637 verbo
1534 1617 1633 1636 accu-

908 1651 1072 1680 ratissime
1099 1651 1327 1690 disputantem
1353 1650 1384 1681 J.
1412 1651 1463 1680 Fr.
1490 1650 1634 1680 Gronov.

908 1694 946 1723 de
960 1695 1044 1723 Sest.
1062 1695 1104 1723 iv.
1118 1698 1148 1724 3.
1173 1697 1205 1724 4.
1227 1695 1320 1724 Verr.
1345 1695 1391 1724 iii.
1405 1696 1458 1725 34.
1480 1693 1632 1724 AEschrio

907 1743 939 1767 et
971 1738 1131 1767 Docimus
1161 1738 1273 1768 mariti
1303 1738 1415 1778 Pippae
1447 1741 1482 1767 et
1508 1736 1632 1768 Tertiae

907 1781 1106 1819 quibuscum
1132 1791 1199 1811 rem
1223 1781 1341 1811 Verres
1365 1781 1522 1818 habebat,
1545 1781 1634 1811 bona

907 1834 984 1854 cum
1009 1825 1205 1854 maritorum
1229 1834 1321 1864 pace,
1339 1825 1394 1863 qui
1415 1833 1558 1854 uxorum
1575 1833 1635 1854 no-

906 1869 997 1898 mine
1014 1868 1242 1899 conduxerant
1253 1868 1410 1898 decumas
1421 1866 1633 1906 quarundam

907 1912 1096 1947 civitatum,
1113 1914 1288 1950 cognitores
1305 1921 1446 1942 uxorum
1463 1910 1633 1940 dicuntur.

905 1955 1055 1985 Veniunt
1074 1955 1248 1985 Herbitam
1267 1956 1333 1985 duo
1350 1954 1501 1985 Praetoris
1517 1954 1632 1984 aemuli

907 2008 973 2028 non
992 1999 1134 2036 molesti,
1152 1999 1425 2029 muliercularum
1441 1997 1634 2028 teterrima-

906 2051 979 2072 rum
998 2043 1232 2082 improbissimi
1246 2043 1438 2081 cognitores:
1465 2041 1633 2080 incipiunt

907 2086 1086 2125 postulare,
1099 2096 1245 2125 poscere,
1258 2086 1390 2116 minari.
1407 2085 1569 2124 Apertum
1581 2088 1634 2114 est

906 2131 1079 2169 cognitores
1105 2129 1183 2168 dici,
1208 2130 1286 2168 quia
1313 2139 1455 2159 uxorum
1481 2138 1532 2158 res
1555 2137 1632 2170 age-

907 2173 999 2210 bant,
1029 2183 1210 2212 earumque
1239 2173 1374 2203 nomine
1399 2172 1554 2202 decumas
1578 2181 1634 2200 ex-

906 2217 1055 2255 igvbant,
1068 2217 1214 2256 adeoque
1225 2217 1419 2255 cognitorem
1437 2215 1501 2245 dici
1514 2215 1632 2252 etiam,

907 2261 1000 2298 cujus
1032 2270 1132 2300 opera
1162 2261 1196 2290 in
1227 2261 1324 2290 rebus
1351 2258 1472 2289 uostris
1498 2258 1632 2297 quibus-

906 2314 1036 2342 cunque
1060 2304 1200 2334 utimur.
1224 2303 1349 2333 Eodem
1367 2302 1466 2332 modo
1482 2301 1560 2331 ibid.
1578 2301 1631 2332 60.

905 2348 1070 2387 Apronius
1094 2349 1237 2386 cognitor
1258 2347 1368 2376 Verris
1389 2345 1526 2381 dicitur,
1541 2345 1631 2384 quia,

905 2401 985 2428 quas
999 2390 1155 2421 decumas
1170 2388 1472 2428 redemerat‚Verri
1485 2387 1634 2419 redeme-

905 2439 970 2470 rat,
987 2438 1021 2464 et
1037 2434 1107 2472 ejus
1125 2435 1259 2464 nomine
1276 2433 1440 2472 exigebat.

954 2478 1115 2516 cognitus.
1145 2478 1240 2508 Brut.
1255 2479 1308 2508 25.
1335 2476 1434 2506 homo
1455 2484 1513 2515 per
1527 2483 1562 2504 se
1585 2484 1634 2504 co·

902 2523 1027 2559 gnitns,
1055 2522 1236 2561 opponitur
1267 2520 1382 2556 nobili,
1410 2519 1467 2558 qui
1495 2522 1634 2558 propter

906 2566 1046 2604 majores
1071 2564 1196 2595 nobiles
1219 2569 1338 2594 notum
1363 2571 1485 2592 nomen
1510 2561 1630 2593 habet:

905 2608 1005 2638 homo
1021 2618 1135 2638 novus.

953 2652 1209 2691 cognominatus.
1227 2651 1316 2681 Part.
1333 2652 1382 2681 15.
1406 2649 1632 2688 cognominata

905 2696 1013 2726 verba.
1031 2696 1094 2725 Sed
1109 2696 1233 2726 Brutus
1249 2693 1384 2733 corrigit
1394 2695 1632 2732 coagmentata.

954 2740 1150 2778 Cognoscere.
1182 2738 1222 2768 ad
1245 2738 1321 2768 Div.
1345 2737 1367 2766 i.
1389 2741 1419 2770 9.
1451 2735 1560 2782 fidem.
1581 2745 1631 2765 co-

903 2793 1015 2822 gnosse
1029 2782 1207 2813 hominum
1226 2790 1293 2811 non
1308 2782 1355 2810 ita
1367 2788 1490 2818 magna
1505 2788 1632 2815 merce-

907 2826 969 2864 de3
1002 2826 1090 2856 idem
1117 2825 1206 2864 quod
1230 2828 1394 2865 spectare,
1421 2828 1461 2853 ut
1486 2823 1634 2860 cog-nitus

906 2870 993 2900 idem
1007 2874 1070 2906 est,
1083 2870 1138 2909 qui
1151 2871 1330 2909 spectatus.
1342 2877 1372 2897 ν.
1383 2870 1488 2907 spect.
1509 2865 1528 2884 ⁴*
1537 2864 1631 2896 Verr.

907 2914 929 2944 i.
945 2917 976 2945 5.
1006 2923 1082 2944 cum
1107 2923 1184 2943 eum
1209 2911 1377 2952 Syracusis
1394 2909 1536 2950 amplius
1553 2917 1631 2939 een-

906 2960 980 2988 tum
1004 2957 1091 2988 cives
1113 2957 1211 2988 Rom.
1234 2958 1467 2996 cognoscerent,
1482 2952 1518 2984 h.
1539 2963 1569 2984 e.
1584 2951 1633 2982 di-
