1800 3131
185 67 246 116 76

191 169 313 208 cipibus
326 171 355 201 si
368 172 509 202 viveret.-
531 170 618 212 quod
637 171 672 204 in
686 172 774 205 hunc
786 184 849 206 mm
865 185 919 207 ca-

190 214 250 244 dit.

235 257 280 298 Q.
296 256 409 297 Coepio,
419 257 490 288 Fin.
499 258 544 288 iii.
555 259 584 289 2.
598 260 725 291 amicus
738 261 918 293 Ciceronis.

191 299 259 333 ,Est
269 300 371 341 filius
394 302 618 342 11⁷·‹ecedentz's‚
629 303 749 344 frater
773 305 919 336 Servz‘lz'oe

192 345 348 377 Lucullz':
371 346 428 385 qui
443 345 490 376 M.
506 345 657 378 Brutum
671 349 846 388 adoptavit.

235 390 279 430 Q.
311 388 422 429 Caepio,
455 389 497 419 ad
525 390 601 421 Div.
627 392 682 422 vii.
710 394 762 423 21.
796 397 843 422 est
868 392 917 423 M.

190 431 338 470 Brutus,
366 433 540 473 adoptatus
568 444 591 464 a
618 435 662 476 Q.
697 435 850 476 Coepione,
879 436 918 466 de

189 486 253 516 quo
281 480 368 507 ante.
414 477 540 507 Praetor
568 478 715 508 urbanus
745 489 784 509 eo
815 489 916 516 anno,

190 529 258 558 quo
282 520 395 550 Caesar
417 521 613 551 interfectus
637 528 699 552 est.
723 521 794 552 Att.
811 523 846 552 ii.
863 524 915 553 24.

190 564 255 594 Cn.
274 564 384 604 Caepio
401 564 538 602 Brutus,
563 564 669 595 Groev.
689 575 772 595 corr.
787 566 828 606 Ω.
846 566 916 596 Cae-

189 607 246 648 pio
261 607 398 638 Brutus.
443 608 496 637 Sic
513 612 563 638 est
579 608 664 638 Phil.
680 619 711 640 x.
730 612 780 639 11.

241 651 401 688 Coerellia,
418 651 459 681 ad
479 652 555 682 Div.
571 652 639 682 xiii.
656 654 707 686 72.
731 652 918 683 necessaria

191 693 373 725 Ciceronis.
393 695 466 725 Att.
483 695 550 725 xiii.
566 696 619 726 21.
642 695 753 726 studio
769 696 917 727 Philoso-

189 738 279 780 phiae
294 739 424 777 flagrat.
447 738 503 768 xii.
519 741 571 769 51.

241 782 274 812 C.
287 782 404 813 Julius
432 782 551 820 czesar,
578 782 618 813 L.
634 781 671 813 F.
695 783 751 813 Or.
769 783 804 814 ii.
821 786 851 815 3.
876 784 917 823 Ω.

191 825 305 856 Catuli
330 825 444 856 frater.
467 825 531 856 Off.
555 826 577 856 i.
601 829 653 861 37.
681 827 812 857 facetiis
837 828 917 857 vicit

190 879 318 899 omnes.
341 869 405 899 Off.
422 869 443 899 i.
459 871 511 900 30.
535 871 606 909 ejus
621 880 791 901 sermones
809 871 917 901 multo

190 912 302 952 lepore
325 912 452 942 conditi
474 921 582 944 erant.
627 915 747 953 Itaque
764 915 863 945 etiam
880 916 918 945 de

195 956 253 986 Or.
270 957 319 987 II.
335 959 385 987 53.
401 957 571 987 inducitur
585 956 710 998 dejoce's
725 963 757 988 et
770 958 918 988 ridiculis

190 1000 360 1031 disserens.
383 1001 458 1031 add.
474 1000 554 1041 ὑφ’.
570 1002 602 1031 in
620 1001 657 1031 C.
673 1001 795 1032 Julius.

240 1044 273 1074 C.
289 1044 405 1074 ‚Julius
424 1044 544 1082 Coesar,
559 1044 652 1075 Ball).
674 1048 722 1079 19.
747 1045 779 1075 in
798 1045 919 1085 Hispa-

190 1088 249 1118 nia
277 1095 412 1127 praetor,
443 1098 517 1127 quae
547 1088 721 1118 Gaditanis
755 1089 919 1120 beneficia

188 1132 357 1162 tribuerit.
380 1132 453 1162 Att.
469 1132 502 1162 ii.
519 1133 572 1163 21.
599 1133 796 1163 concionem
812 1133 846 1163 in
864 1134 918 1164 Bi-

189 1175 308 1205 bulum
333 1176 502 1206 concitare
526 1186 593 1206 non
617 1180 739 1216 potest.
762 1177 862 1207 Dom.
887 1182 917 1211 9.

190 1219 383 1258 gratulatur
398 1220 433 1249 P.
451 1219 566 1250 Clodio
590 1224 758 1250 remotum
778 1230 818 1251 ex
836 1221 917 1251 urbe

191 1264 368 1293 Catonem.
400 1263 470 1293 Att.
495 1264 530 1293 ii.
552 1267 582 1294 3.
616 1264 655 1294 de
683 1264 918 1303 conjungendo

191 1307 350 1347 Pompeio
373 1312 406 1337 et
424 1307 542 1337 Crasso
556 1307 696 1338 laborat.
724 1308 767 1338 ad
781 1309 857 1339 Div.
874 1309 918 1339 ix.

193 1352 245 1381 16.
281 1351 455 1381 volumina
486 1351 734 1390 ἀποφθεγμάτων
771 1353 919 1383 conficit.

192 1394 267 1425 Cat.
284 1395 326 1425 iv.
341 1397 371 1425 4.
401 1395 571 1425 sententia
595 1396 665 1434 ejus
693 1396 732 1425 de
758 1395 919 1426 Catilina-

189 1439 258 1468 riis.
284 1439 325 1468 ad
339 1439 415 1469 Div.
431 1439 474 1469 vi.
496 1441 543 1469 18.
574 1438 696 1479 legem,
720 1450 786 1478 qua
808 1440 919 1480 prohi-

190 1482 287 1512 beret
311 1492 382 1512 esse
408 1483 443 1512 in
469 1483 728 1520 Decurionibus,
755 1484 811 1523 qui
832 1484 919 1514 face-

191 1532 269 1556 rent
284 1527 502 1567 przeconium,
520 1526 604 1556 ferre
621 1528 760 1566 cogitat.
786 1528 825 1558 de
842 1528 918 1558 Div.

193 1571 215 1600 i.
251 1573 299 1601 15.
347 1571 546 1600 Deiotarum
584 1570 776 1601 tetrarchia*
815 1581 918 1610 regno

192 1614 329 1644 multat.
353 1614 394 1644 ad
410 1615 485 1644 Div.
502 1614 570 1644 xiii.
586 1618 617 1644 4.
642 1615 676 1644 in
693 1614 766 1654 lege
781 1615 920 1655 Agraria

191 1657 428 1688 Volaterranos
451 1658 581 1688 liberat.
603 1658 659 1688 ΒΓ.
675 1661 728 1692 7⁶2.
755 1659 860 1698 qualis
884 1660 919 1689 in

193 1701 347 1732 dicendo.
370 1701 410 1731 de
427 1702 556 1732 ratione
572 1701 676 1732 latine
692 1702 848 1742 loquendi
866 1713 920 1733 ae-

193 1746 403 1776 curatissinie
429 1746 573 1786 scripsit.
597 1746 701 1776 Marc.
734 1749 759 1776 l.
793 1747 918 1776 benefi-

192 1790 285 1820 cium
308 1790 343 1819 in
367 1789 414 1819 M.
438 1789 636 1819 Marcellum
659 1789 826 1820 laudatur.
848 1792 918 1821 Att.

193 1834 264 1864 xiii.
292 1837 340 1863 10.
371 1834 405 1862 in
431 1834 618 1873 suspicione
645 1838 707 1870 est,
731 1835 801 1872 ejus
820 1836 919 1873 jussu

194 1877 243 1907 M.
269 1876 468 1907 Marcellum
492 1877 711 1907 interfectum
737 1887 832 1917 esse;
862 1879 920 1908 scd

194 1920 398 1951 defenditur.
421 1921 492 1952 Att.
508 1932 539 1951 Χ.
555 1924 586 1951 4.
624 1931 725 1961 prope
741 1921 843 1960 jubet
864 1933 919 1952 oc-

194 1965 260 1995 cidi
284 1964 462 1995 Metellum
486 1962 660 1994 tribunum
681 1965 725 2005 pl.
750 1966 790 1995 de
806 1966 919 1997 Divin.

193 2009 216 2039 i.
242 2011 293 2040 52.
327 2019 404 2038 cum
428 2008 632 2045 immolaret,
658 2011 691 2038 in
717 2009 802 2039 extis
831 2010 919 2040 bovis

195 2053 298 2093 opimi
324 2063 381 2082 cor
406 2062 473 2083 non
499 2052 574 2082 fuit.
597 2052 681 2092 Top.
702 2055 754 2084 24.
787 2054 919 2094 scripsit

196 2101 314 2126 contra
339 2096 503 2126 Catonem
529 2096 710 2127 Ciceronis.
743 2097 844 2138 (Gell.
862 2097 918 2128 lv.

198 2139 261 2179 16.)
293 2140 334 2170 ad
349 2140 421 2170 Att.
436 2141 492 2172 xii.
507 2143 561 2171 41.
585 2140 624 2171 de
648 2140 775 2170 Catone
791 2145 824 2170 et
842 2151 920 2171 con-

192 2189 249 2214 tra
272 2184 436 2214 Catonem
459 2185 587 2223 scribit,
610 2184 650 2214 de
673 2185 748 2215 Div.
768 2185 802 2214 ii.
818 2189 848 2219 9.
884 2186 919 2215 in

195 2228 298 2258 Curia
313 2228 472 2268 Pompeia
487 2233 566 2258 ante
582 2227 798 2258 simulacrum
823 2229 920 2259 Pom-

194 2272 262 2313 peii
277 2272 465 2302 trucidatus
476 2273 569 2311 jacet
587 2273 646 2303 &e.

245 2316 278 2347 C.
300 2316 408 2346 Coesar
437 2315 603 2353 Octavius,
627 2315 711 2346 Phil.
734 2316 781 2346 iii.
808 2318 855 2346 15.
880 2315 921 2346 ad

195 2359 338 2389 Senatus
362 2360 597 2390 auctoritatem
622 2369 656 2389 se
672 2360 812 2390 confert.
836 2359 921 2390 Phil.

193 2404 238 2434 xi.
256 2406 285 2434 8.
315 2402 564 2434 adolescentulo
580 2404 756 2443 imperium
774 2407 922 2433 extraor-

195 2447 362 2477 dinarium
389 2447 504 2477 Cicero
529 2447 698 2477 sententia
723 2457 783 2477 sua
804 2447 921 2477 tradit.

195 2490 239 2520 ad
254 2491 331 2520 Div.
350 2491 393 2520 xi.
418 2492 469 2521 20.
500 2491 629 2521 dictum
647 2491 816 2521 Ciceronis
833 2501 920 2531 aegre

195 2534 273 2565 fert.
290 2534 332 2564 ad
347 2535 421 2564 Div.
438 2534 492 2564 xii.
511 2537 563 2566 23.

241 2578 283 2608 L.
312 2577 430 2615 Cres-m,
458 2578 496 2609 L.
522 2579 545 2608 f.
569 2578 670 2609 Tusc.
693 2589 722 2609 v.
751 2582 798 2614 19.
825 2580 923 2618 jussu

197 2622 315 2653 Cinnae
333 2622 546 2652 interficitur.
584 2623 648 2653 Est
662 2623 701 2660 is,
717 2624 772 2663 qm·
787 2633 861 2653 cum
878 2623 922 2653 P.

198 2666 326 2697 Rutilio
348 2675 380 2695 a.
411 2666 450 2696 U.
474 2674 617 2696 nemun.
640 2666 853 2707 consalfuz't:
889 2667 922 2697 C.

184 2709 314 2750 frater.
333 2709 417 2739 adde
430 2711 464 2740 in
482 2710 518 2740 L.
533 2709 656 2740 Julius.

242 2753 283 2783 L.
313 2752 432 2791 cesar,
455 2753 566 2783 Plano.
590 2755 643 2785 21.
673 2753 846 2784 aedilitiam
874 2763 924 2784 re-

197 2796 328 2839 pulsam
351 2797 444 2827 tulit.
469 2797 543 2827 Cat.
558 2797 600 2826 iv.
619 2798 649 2827 6.
680 2798 799 2828 sororis
816 2799 923 2828 virum

197 2841 234 2872 P.
251 2840 436 2871 Lentulum
453 2851 605 2871 socerum
624 2841 779 2871 Catilina’
796 2842 925 2871 interfi-

176 2892 179 2893 ’
199 2885 356 2916 ciendum
378 2889 504 2916 censet.
527 2885 661 2916 Muren.
679 2888 730 2917 34.
750 2886 799 2928 (et
812 2885 885 2918 Att.
902 2886 923 2917 i.

719 83 867 113 lesx
896 84 926 113 Η
933 79 1176 116 Is'romc'm.

963 174 1009 214 2.)
1025 175 1151 208 Consul
1160 186 1235 207 cum
1251 172 1413 216 C.Figulo
1425 174 1478 217 (A.
1488 176 1684 218 neLxxxix.)

962 220 1087 250 sctum
1113 221 1194 250 facit
1220 220 1328 251 simile
1351 220 1416 260 legi
1438 219 1545 252 Fabiae
1567 221 1607 252 de
1624 231 1688 252 nu-

962 273 1053 293 mero
1069 269 1285 294 sectatorum.
1302 264 1343 294 ad
1359 264 1433 295 Div.
1451 263 1495 294 ix.
1516 267 1564 296 14.
1580 275 1686 306 aegro-

962 312 1012 337 tat
1040 307 1195 348 Neapoli.
1240 307 1349 346 Hujus
1374 308 1492 338 sororis
1519 307 1606 339 filius
1635 308 1685 339 M.

959 349 1128 382 Antonius
1151 351 1226 382 fuit.
1261 352 1302 382 ad
1324 351 1400 383 Div.
1427 362 1458 382 x.
1482 353 1535 383 28.
1558 351 1686 392 optime

960 394 1076 432 sentit,
1103 386 1161 425 s'ed
1191 396 1226 425 in
1257 395 1440 425 Antonium
1468 404 1535 425 non
1565 395 1689 426 acriter

961 437 1057 475 dicit,
1074 439 1151 477 quia
1165 440 1236 477 cius
1253 438 1435 469 avunculus
1451 443 1512 470 est.
1543 438 1627 469 Phil.
1641 439 1688 470 vi.

960 483 991 511 5.
1038 490 1193 519 agrorum
1230 482 1490 522 assignationem
1523 482 1688 513 Antonia·

960 533 1037 554 nam
1057 526 1228 555 sententia
1242 536 1303 556 sua
1317 525 1478 564 dissolvit,
1494 531 1527 556 et
1542 527 1686 565 juvante

960 568 1120 598 Cicerone
1137 568 1333 600 Vll-Virum
1346 573 1422 600 acta
1437 570 1586 601 sustulit.
1603 568 1688 601 Suu.

1006 655 1045 685 L.
1066 655 1185 694 Coemr,
1195 655 1233 686 L.
1246 655 1269 686 f.
1290 656 1384 695 (Coes.
1397 655 1442 688 B.
1459 657 1492 688 C.
1509 661 1535 688 l.
1552 654 1596 696 3.)
1615 656 1688 687 Att.

958 699 1013 728 vii.
1031 702 1078 730 13.
1103 699 1262 729 mandata
1274 699 1509 730 absurdissima
1522 711 1542 731 a
1557 700 1688 731 caesare

959 742 1073 780 habet,
1095 753 1163 773 non
1193 743 1306 780 homo,
1328 743 1386 773 sed
1414 753 1521 783 seopae
1552 744 1687 782 solutae,

958 786 998 816 de
1011 787 1125 827 quibus
1135 788 1288 826 pluribus
1302 796 1370 827 epp.
1383 796 1465 827 seqq.
1489 787 1532 817 ad
1547 787 1623 818 Div.
1640 789 1686 818 ix.

959 833 990 864 7.
1036 830 1102 861 Est
1123 831 1208 860 idem
1232 830 1441 871 Proquoestor
1461 829 1598 870 Afrzboe,
1622 830 1690 869 cui,

965 873 1081 904 Catone
1102 873 1280 914 inteffecto,
1311 874 1419 905 &esar
1440 875 1543 904 vitam
1566 883 1689 905 eonces-

958 919 1011 947 sit.
1025 927 1056 947 v.
1076 917 1193 948 Coesar.
1213 920 1234 948 l.
1251 928 1276 948 c.
1293 922 1325 948 et
1337 918 1431 948 Hirt.
1446 918 1491 949 B.
1503 916 1579 958 Afr.
1591 928 1618 948 c.
1635 920 1688 952 89.

1004 960 1082 991 Seoe.
1103 961 1222 1000 Coesar,
1239 961 1384 1002 Harusp.
1405 963 1435 993 6.
1459 962 1581 992 flamen
1603 959 1688 1003 Qui·

960 1004 1085 1034 riualis.

1008 1047 1185 1085 Caesennia,
1202 1047 1325 1078 Caecin.
1342 1051 1373 1079 4.
1395 1047 1662 1088 Tarquiniensis.

1003 1090 1048 1121 P.
1071 1091 1262 1129 Caesennius,
1276 1091 1354 1121 ibid.
1371 1095 1402 1123 4.
1418 1092 1686 1132 Tarquiniensis.

1009 1134 1500 1174 C.Coesetz·us‚Lig.11.eques
1516 1137 1614 1168 Rom.
1629 1136 1688 1168 Li-

961 1178 1249 1218 gariiadvocatus.
1274 1179 1358 1209 Phil.
1376 1179 1444 1209 xiii.
1466 1182 1513 1210 15.
1546 1180 1624 1210 trib.
1642 1179 1688 1219 pl.

960 1232 980 1252 a
997 1222 1125 1252 Caesare
1143 1223 1183 1252 ab
1199 1233 1267 1262 rep.
1284 1229 1443 1253 remotus.
1470 1223 1553 1253 Phil.
1570 1223 1616 1254 iii.
1636 1227 1687 1254 10.

960 1261 1163 1306 provinciam
1187 1267 1249 1296 sibi
1273 1267 1313 1296 ab
1329 1266 1476 1296 Antonio
1499 1266 1611 1298 datam
1636 1277 1688 1297 re-

961 1320 1059 1339 cusu
1063 1311 1099 1340 it
1124 1310 1200 1339 add.
1219 1310 1300 1341 Vell.
1317 1310 1350 1340 ii.
1375 1311 1427 1341 68.
1455 1310 1511 1340 ubi
1532 1320 1564 1341 v.
1585 1311 1690 1340 inter-

953 1359 1085 1394 pretas,-
1120 1363 1259 1394 quoram
1285 1355 1398 1385 nullus
1427 1355 1502 1384 locis
1532 1353 1692 1386 ciceronis

959 1407 1039 1428 usus
1053 1402 1110 1428 est.

1005 1440 1049 1471 P.

959 1484 1082 1515 Verris.

1007 1529 1048 1559 L.
1071 1529 1199 1566 Coesz'us,
1221 1528 1262 1568 Ω.
1281 1528 1331 1558 Fr.
1355 1528 1376 1558 i.
1395 1531 1422 1559 1.
1438 1530 1470 1559 4.
1495 1527 1536 1558 de
1551 1527 1688 1558 cohorte

961 1573 1118 1613 praetoria
1138 1572 1179 1612 Ω.
1203 1572 1372 1602 Ciceronis
1395 1573 1430 1602 in
1452 1571 1542 1602 Asia.
1566 1572 1641 1602 add.
1665 1571 1688 1602 i.

961 1617 1036 1647 2.2.
1059 1615 1146 1646 sorte
1162 1616 1250 1645 idem
1269 1620 1319 1645 est
1335 1616 1381 1646 iii.
1400 1619 1428 1646 1.

1004 1659 1055 1690 Μ.
1075 1660 1204 1697 Casius,
1226 1660 1319 1689 Vcrr.
1343 1659 1363 1689 i.
1381 1662 1433 1690 50.
1460 1658 1588 1690 Praetor
1609 1669 1689 1690 cum

963 1703 999 1734 C.
1018 1704 1128 1734 Annio
1143 1703 1332 1733 Sacerdote.

1003 1746 1053 1778 ΑΙ.
1087 1748 1216 1785 Cresius,
1232 1747 1275 1777 ad
1296 1748 1372 1778 Div.
1398 1747 1467 1777 xiii.
1496 1750 1546 1778 11.
1572 1745 1691 1778 AEdjlis

961 1790 1007 1821 Ar
1032 1791 1091 1821 ini.

1005 1801 1051 1865 Ξ.
1081 1835 1210 1873 Coesius,
1236 1834 1329 1866 Balb.
1354 1836 1406 1866 22.
1440 1843 1541 1873 eques
1567 1833 1690 1864 Rorna-

962 1888 1024 1908 nus
1051 1888 1071 1908 a
1095 1879 1155 1909 Cn.
1175 1879 1333 1918 Pompeio
1355 1884 1450 1918 patre
1475 1878 1611 1909 civitate
1633 1877 1692 1908 do-

962 1928 1074 1960 natm,
1090 1922 1131 1952 ad
1146 1922 1223 1953 Div.
1239 1923 1307 1952 xiii.
1325 1926 1376 1953 51.

1006 1966 1084 1997 Sex.
1105 1966 1235 2004 (θείας,
1251 1966 1357 1996 Flacc.
1374 1965 1426 1997 26.
1451 1974 1552 2004 eques
1567 1966 1692 1996 Roma-

962 2019 1035 2040 nuS.

1010 2054 1193 2084 Coesrminus
1223 2054 1423 2090 Caluentius,
1449 2056 1525 2092 post
1548 2051 1630 2082 Red.
1654 2052 1690 2083 in

962 2098 1039 2127 Sen.
1056 2099 1086 2127 6.
1103 2102 1150 2127 es:
1164 2097 1205 2127 L.
1220 2098 1310 2134 Piso,
1324 2098 1361 2134 is,
1375 2099 1431 2137 qui
1446 2106 1522 2126 cum
1533 2095 1574 2126 A.
1591 2096 1691 2126 Gabi-

963 2143 1015 2171 m'o
1035 2140 1243 2181 Covsulfuz't.
1256 2151 1286 2171 v.
1299 2143 1334 2171 in
1352 2141 1393 2171 L.
1404 2140 1495 2170 Piso.
1509 2139 1692 2170 Coesom'nus

962 2195 1138 2223 cognomen
1170 2184 1329 2215 Pisonum
1354 2183 1444 2223 ficit,
1475 2187 1554 2213 ante
1589 2193 1692 2223 quam

963 2229 1072 2268 Frugi
1094 2229 1291 2259 dicerentur.
1314 2228 1389 2258 add.
1413 2227 1509 2258 Prov.
1533 2225 1635 2257 cons.
1658 2229 1690 2257 4.

966 2272 1030 2302 Pis.
1055 2274 1086 2303 6.
1118 2273 1173 2302 ubi
1195 2272 1301 2303 MSS.
1318 2276 1348 2302 et
1365 2271 1434 2301 edd.
1446 2273 1562 2310 plures
1575 2271 1695 2301 habene

965 2315 1147 2347 Caesonius.
1178 2316 1336 2355 analogia
1357 2315 1485 2355 quidem
1501 2315 1547 2344 sic
1560 2314 1693 2345 videtur

957 2362 1139 2400 postulare.

1007 2404 1056 2434 M.
1091 2403 1262 2440 Caesom‘us,
1291 2402 1366 2433 Act.
1395 2402 1417 2432 i.
1449 2402 1485 2432 in
1511 2401 1606 2432 Verr.
1640 2404 1692 2433 10.

963 2447 1081 2478 AEdilis
1105 2457 1182 2477 cum
1208 2446 1380 2477 Cicerone.
1411 2445 1488 2476 add.
1517 2445 1588 2476 Att.
1612 2445 1635 2477 i.
1663 2448 1693 2476 1.

964 2492 1020 2522 xii.
1042 2495 1089 2522 ll.

1013 2536 1046 2566 C.
1075 2535 1220 2571 Coestius,
1246 2532 1352 2564 Flacc.
1379 2536 1429 2564 13.
1468 2542 1571 2572 eques
1592 2532 1693 2563 Rom.

964 2578 1035 2609 Att.
1052 2589 1083 2609 v.
1103 2581 1150 2609 13.

1014 2623 1208 2658 Cimmerius,
1224 2621 1280 2651 Br.
1297 2623 1350 2651 34.
1383 2623 1570 2650 accusator.

1008 2666 1051 2697 L.
1087 2666 1231 2701 Cestius,
1262 2664 1317 2694 Bi.
1349 2666 1402 2694 34.
1447 2666 1624 2694 accusator
1653 2661 1694 2694 de

963 2709 1082 2751 plebe3
1105 2715 1257 2749 tempore
1271 2707 1470 2747 Jugurthini
1486 2704 1577 2736 belli.

1015 2753 1172 2790 Calamis,
1202 2752 1342 2783 Br.18.
1387 2751 1584 2788 statuarius,
1610 2749 1696 2782 dura.

966 2797 1101 2837 quidem
1117 2797 1213 2836 signa
1228 2795 1323 2832 fecit,
1335 2794 1394 2825 sed
1408 2798 1525 2824 tamen
1542 2793 1697 2825 molliora.

966 2841 1070 2877 signis
1102 2839 1261 2871 Canachi.
1291 2838 1348 2869 vid
1385 2837 1538 2869 lezum-
1567 2838 1695 2869 Hister.

968 2885 1132 2918 Natural.
1150 2883 1259 2915 xxxiV.
1277 2886 1329 2919 19.
1350 2881 1553 2924 Quintilian.
1567 2881 1626 2914 xii.
1643 2884 1695 2913 10.

1085 1441 1244 1479 Coesetz'us,
1276 1441 1370 1472 Verr.
1399 1451 1430 1471 v.
1459 1442 1513 1472 25.
1552 1440 1686 1481 legatus
