1804 3178
619 87 769 116 {unm
802 89 933 118 LATiN
940 90 1094 121 xrAris.

100 172 169 216 ga,
190 178 232 206 ut
252 174 288 206 in
310 174 420 206 medio
442 182 542 206 eursu
563 183 605 205 ex
633 184 704 206 uno
727 175 762 206 in
792 175 839 206 al-

106 221 221 249 oerum
237 228 272 249 se
295 219 447 258 trajicere
468 218 608 259 possint.
637 218 770 249 Mur-cn.
786 221 840 253 97.

108 261 167 300 qui
183 261 264 292 mihi
280 262 414 293 videtur
433 262 608 302 praetorius
632 262 839 292 Candidatus

107 303 145 335 in
161 304 382 342 consularem,
394 305 488 344 quasi
503 305 694 335 desultorius
710 306 742 336 in
760 316 840 344 qua·

108 345 280 387 drigamm
295 348 514 385 curriculum,
531 348 711 379 incurrere.
749 350 840 379 Grae-

108 391 182 422 vius
197 390 313 423 iaudat
326 392 465 422 Sueten.
479 391 562 422 Coes.
579 395 632 425 39.
649 398 683 422 et
699 393 742 423 ibi
757 391 839 422 Tor·

108 439 197 465 rent.
228 435 271 466 cf.
293 434 433 466 Salmas.
454 434 497 465 ad
518 435 650 476 Vopisc.
675 436 786 467 Carin.
809 446 838 466 c.

112 479 164 512 19.
185 488 220 518 p.
235 480 311 510 845.
326 487 375 517 sq.

151 520 290 552 Datum
327 520 412 552 Phil.
443 522 478 552 ii.
507 524 561 556 ⁴29.
599 531 659 552 eur
691 522 721 552 ei
753 521 839 552 bello

105 569 244 604 propter
263 564 479 596 timiditatem
503 564 646 605 deluisti.
676 566 716 605 Ω.
737 566 786 596 Fr.
804 567 838 596 ii.

105 607 140 638 6.
169 606 250 638 huic
269 609 421 638 convivio
442 609 484 648 Ω.
498 608 601 639 frater
622 609 737 648 «letitie.
767 609 836 640 Att.

105 650 150 680 iv.
167 652 219 681 n.
249 659 317 681 non
340 661 467 689 vereor,
483 662 524 682 ne
548 652 630 682 mibi
655 662 763 682 sermo
784 653 838 682 de-

104 693 147 724 sie
161 693 219 724 abs
231 699 279 732 te,
294 704 360 734 quo
375 705 576 736 magnopere
591 694 748 726 delector.
779 697 836 726 Or.

103 736 153 767 iii.
168 739 202 768 4.
227 740 290 768 nec
312 739 347 768 in
363 738 510 769 Antonio
532 739 649 769 deesset
671 738 726 769 hic
740 748 837 769 orna-

102 783 161 811 tus
176 780 238 811 διο.
264 782 306 822 Ω.
323 781 374 812 Fr.
390 782 424 812 ii.
440 785 472 813 4.
502 791 537 812 se
553 781 601 812 illi
626 791 691 811 non
707 781 838 822 degsutu-

101 833 182 855 rum
196 825 392 856 affirmavit:
417 825 450 855 h.
467 835 496 855 e.
519 834 553 855 se
569 835 647 855 eum
663 831 836 856 accusatu-

105 876 195 905 rum,
211 877 273 909 ρει·
287 869 431 899 ironiam
447 874 635 899 venustam.

145 909 341 950 Daci-gere.
369 912 440 942 Att.
464 912 529 942 xiv.
559 915 608 942 10.
640 911 698 942 sed
728 913 836 953 primo

41 985 52 995 ,
103 963 195 985 anno
217 962 323 986 [xxx.
347 955 555 986 detersimus.-
588 956 609 985 i.
632 965 661 985 e.
687 956 835 996 cepimus

102 1006 146 1029 ex
158 1000 232 1028 tota
243 1007 378 1029 summa
391 999 564 1038 octogiuta
579 999 742 1029 sestertia.

147 1039 350 1073 fflermino.
378 1042 472 1072 Orat.
488 1043 534 1073 iii.
549 1045 603 1073 44.
634 1042 722 1081 quod
741 1042 834 1080 dicit,

101 1084 223 1126 spiritu
245 1094 313 1116 nou
335 1090 406 1116 arte
429 1086 643 1116 determinat:
668 1086 689 1116 i.
711 1095 740 1116 e.
763 1095 836 1116 ora·

101 1127 231 1167 tionem
257 1129 293 1159 in
318 1129 570 1170 pronunciando
596 1138 663 1159 nou
695 1138 734 1158 eo
762 1128 835 1159 loco

102 1171 236 1210 incidit,
253 1173 310 1203 ubi
336 1173 407 1212 ipsa
428 1174 598 1203 sententia
620 1172 755 1209 desinit,
777 1172 836 1202 sed

101 1215 161 1246 ubi
174 1215 326 1256 spiritus,
341 1216 489 1255 adeoque
510 1226 597 1256 saepe
620 1215 729 1246 alieno
752 1215 835 1246 loco.

102 1258 182 1290 Div.
197 1259 220 1290 i.
243 1262 293 1290 12.
321 1260 436 1290 omnia
458 1260 524 1290 fixa
543 1265 624 1290 tuus
647 1258 834 1298 glomerans

101 1302 299 1334 determinat
313 1312 440 1333 annus:
465 1302 499 1333 h.
515 1312 545 1332 e.
561 1302 633 1332 haec
648 1303 763 1333 omnia
783 1312 834 1334 ra-

101 1349 142 1378 ta
152 1345 236 1376 facit
251 1350 420 1377 extremus
436 1355 544 1376 annus
557 1351 649 1376 tuus.

145 1389 340 1427 Deterret-e,
355 1389 556 1427 dissuadere,
569 1389 747 1420 dehortari.
762 1389 833 1421 Att.

101 1432 149 1463 xi.
164 1436 196 1465 8.
226 1442 335 1473 neque
357 1439 392 1463 te
407 1434 562 1470 deterreo,
579 1442 644 1472 quo
667 1433 778 1463 minus
801 1432 836 1463 id

77 1491 79 1493 ·
101 1475 266 1516 disputes,
288 1476 478 1516 scribasque
508 1476 551 1506 ad
573 1485 627 1506 me
650 1485 750 1516 quam
774 1485 834 1506 soe-

127 1519 251 1551 issima.
298 1520 342 1551 Et
367 1520 414 1550 sic
443 1520 517 1550 aliis
546 1519 638 1550 locis.
676 1529 707 1550 v.
730 1520 834 1551 etiam

169 1563 295 1595 ukhus.
311 1563 352 1594 ad
364 1563 439 1594 Tib.
456 1564 478 1594 i.
494 1566 526 1594 3.
545 1566 594 1594 13.

101 1606 401 1682 „Determinatim
416 1607 506 1638 finis.
538 1605 610 1638 Inv.
630 1607 653 1636 i.
671 1608 723 1638 52.
753 1605 834 1637 Nat.

138 1672 147 1681 .
163 1651 198 1682 ii.
210 1654 265 1683 40.

146 1693 330 1731 Detestari,
345 1693 527 1733 deprecari,
544 1703 564 1724 a
587 1703 621 1724 se
637 1699 697 1724 aut
713 1693 754 1724 ab
768 1693 834 1724 alio

101 1745 273 1769 remotum
287 1737 654 1778 cupere,deprecando‚
667 1737 833 1776 negando,

101 1787 165 1812 aut
179 1781 246 1812 alia
267 1782 408 1812 ratione.
439 1782 540 1812 Catil.
555 1782 576 1811 i.
597 1783 646 1811 ll.
677 1787 717 1810 ut
733 1790 833 1820 prope

96 1825 227 1864 justam
242 1825 360 1866 patriae
379 1825 623 1864 querimoniam
646 1833 666 1854 a
681 1833 734 1854 me
750 1824 834 1854 ‹Iete-

100 1872 170 1899 seer
189 1878 229 1899 ac
251 1869 420 1908 deprecer.
448 1867 519 1898 Att.
543 1869 586 1898 ix.
613 1871 662 1898 10.
692 1877 771 1898 cum
794 1872 834 1897 tu

101 1911 145 1942 ad
160 1921 214 1942 me
228 1911 380 1951 quaedam
397 1910 579 1954 ysuza'mgov
589 1912 786 1950 scripsisses
798 1918 834 1941 et

101 1964 166 1994 ego
190 1955 272 1986 mihi
295 1964 314 1984 a
336 1962 372 1985 te
395 1954 546 1993 quaedam
569 1955 748 1994 significari
772 1963 833 1994 pu-

101 2003 242 2037 tassem,
269 2001 308 2029 ut
334 1997 433 2028 ltalia
457 1998 631 2035 cederem3
664 1998 834 2028 detestaris

102 2041 168 2073 lioc
183 2042 380 2081 diligenter:
406 2041 429 2071 i.
441 2050 470 2071 e.
486 2048 649 2071 remotam
667 2045 730 2071 ate
746 2040 832 2071 hanc

102 2086 297 2126 opinionem
312 2086 374 2121 vis,
391 2093 492 2123 negas
514 2088 549 2114 te
569 2084 603 2114 id
617 2084 833 2123 significasse.

101 2129 210 2160 ‘hinc
226 2129 261 2160 in
276 2127 371 2159 malis
387 2127 543 2167 auspiciis
555 2131 589 2157 et
603 2128 769 2158 ominibus
783 2127 833 2157 di-

102 2173 204 2210 citur,
220 2182 298 2203 cum
313 2182 353 2202 ea
367 2171 521 2208 dicimus,
533 2171 652 2210 quibus
667 2171 757 2201 mala
772 2171 834 2200 im-

100 2216 287 2258 pendentia
307 2215 412 2246 averti
434 2224 529 2254 posse
550 2214 696 2265 sredunt
718 2224 834 2254 super-

101 2260 224 2291 stitiosi
249 2259 419 2290 homines:
450 2259 490 2288 de
512 2268 577 2297 quo
602 2257 666 2287 vid.
691 2257 832 2288 Casaub.

104 2303 148 2334 ad
160 2302 330 2343 Theophr.
348 2313 377 2332 c.
398 2303 444 2332 16.
478 2301 588 2331 vatin.
609 2302 656 2330 lli.
685 2301 711 2330 si
727 2301 834 2331 vitant

102 2350 153 2385 te,
166 2346 317 2386 fugiunt,
333 2346 446 2377 audire
463 2350 496 2374 te
517 2344 653 2374 nolunt:
685 2354 764 2374 cum
786 2344 834 2373 vi-

104 2390 241 2428 derunt,
269 2394 444 2428 tamquam
482 2388 666 2427 auspicium
705 2387 832 2418 malum

102 2434 320 2465 detestantur.
355 2432 443 2463 unde
470 2431 552 2461 illud
576 2431 701 2461 dicitur
722 2431 756 2460 in
779 2430 834 2460 Pi-

103 2486 177 2508 son.
198 2480 252 2509 40.
282 2485 399 2507 omnes
416 2474 616 2512 memoriam
639 2473 833 2504 consulatus

104 2521 170 2559 tui,
196 2520 299 2557 facta,
325 2528 448 2557 mores,
473 2518 591 2548 faciem
623 2517 765 2556 denique
795 2526 834 2547 ac

103 2573 220 2596 vocem
235 2574 257 2594 a
270 2563 441 2604 republica
455 2563 655 2592 detextuntnr
664 2573 673 2590 .·
690 2570 736 2590 sc.
748 2567 835 2590 tam-

103 2616 207 2648 quam
224 2606 351 2638 malum
366 2607 551 2646 auspicium
568 2611 602 2634 et
619 2613 729 2634 omen.
752 2604 835 2633 *ce-

103 2657 218 2682 terum
239 2651 396 2689 quoniam
422 2649 478 2679 illa
500 2649 677 2678 detestatio
696 2647 834 2686 auspicii

104 2697 142 2724 et
154 2694 276 2724 ominis
293 2694 333 2724 fit
346 2692 516 2723 avertendi
539 2691 616 2722 mali
633 2700 744 2727 causa,
761 2699 835 2729 pro-

106 2742 223 2779 pterea
251 2737 375 2767 dicitur
403 2747 462 2776 pro
498 2739 658 2772 avertere,
689 2734 836 2771 adeoque

103 2781 208 2812 etiam
226 2779 266 2810 de
282 2780 345 2811 diis
375 2780 465 2821 ipsis,
481 2789 559 2809 cum
575 2780 618 2808 sit
634 2779 762 2817 proprie
779 2775 838 2806 ho-

106 2824 249 2855 minum.
282 2823 365 2855 Phil.
390 2824 432 2853 iv.
455 2825 487 2853 4.
517 2822 564 2852 O!
597 2821 641 2851 dii
666 2822 838 2850 immorta-

97 2867 167 2905 ies,
191 2867 329 2898 avertite
355 2870 391 2898 et
412 2867 616 2897 delectamini
638 2873 749 2904 quaeso
776 2862 838 2893 hoe

91 2677 99 2698 i

1521 85 1603 132 ²67

882 186 994 208 omen.

926 220 1116 257 Delectatio,
1125 222 1281 261 expiatio,
1289 223 1486 265 deprecatio.
1502 227 1605 262 nom.

883 265 936 293 55.
961 273 1038 294 cum
1063 274 1119 304 pro
1135 265 1333 296 ‹leteshuiame
1355 271 1405 297 tot
1426 268 1602 310 scelerum,

882 316 984 337 unam
1000 317 1091 337 aram
1109 308 1232 337 ncl‘arie
1245 317 1461 341 consvcrarat.

926 350 1084 381 Detrahe.
1117 349 1216 381 Tuae.
1242 352 1283 382 iv.
1310 356 1361 382 231.
1399 353 1470 384 iia-c
1494 355 1603 386 deera-

881 394 988 424 lnenda
1001 393 1114 433 opinio
1128 397 1194 423 est:
1223 395 1394 425 eximenda
1418 407 1457 427 cx
1481 400 1602 430 animo.

883 437 976 467 Prov.
992 437 1091 466 (bns.
1114 439 1139 466 l.
1170 438 1225 476 qui
1244 448 1283 467 ex
1308 440 1479 477 provinciis
1494 441 1603 472 detm-

880 481 976 510 laendi
991 481 1069 511 sint.
1094 483 1125 510 9.
1139 481 1350 511 detrahebant
1364 482 1458 512 illum
1474 493 1512 513 c:
1528 484 1604 515 Gal-

882 523 942 553 lia:
969 524 1002 554 h.
1018 534 1048 553 c.
1064 524 1256 560 censebant,
1271 525 1300 554 ci
1316 534 1536 556 successorem
1554 528 1604 558 vei

881 566 985 598 invito
1006 567 1172 597 dandum:
1199 567 1322 598 dicitur
1344 568 1377 598 in
1393 568 1513 599 malam
1531 580 1604 609 par-

879 616 960 640 tem.
993 610 1103 640 Planc.
1119 615 1151 640 4.
1174 616 1224 641 est
1247 611 1318 642 hirc
1340 612 1486 641 conditio
1508 612 1607 652 hujus

879 654 1039 694 principis
1075 654 1327 695 populi—posse
1361 656 1525 694 suffragiis
1555 657 1606 687 vel

879 697 970 734 darc,
1001 697 1051 727 vel
1088 698 1271 736 detrahere,
1307 698 1394 737 quod
1430 698 1509 728 velit
1537 701 1606 731 cui-

879 751 953 779 que.

922 778 1125 823 Detoi‘quere
1140 780 1348 823 particulam.
1370 783 1471 815 Tusc.
1486 795 1516 816 v.
1533 787 1587 817 20.

923 827 1082 863 Darada,
1098 827 1223 857 differo.
1247 827 1316 858 Ait.
1333 828 1374 858 iv,
1396 831 1444 862 Π.
1466 829 1607 863 comitia

878 869 913 899 in
935 870 1115 900 adventum
1139 870 1278 910 alicujus
1293 871 1474 902 detrudere.
1504 872 1547 903 cs.
1562 873 1606 913 Ω.

878 912 929 943 Pr.
945 914 977 943 ii.
999 917 1047 945 13.
1078 913 1235 953 *able-go,
1258 914 1411 945 amando.
1438 915 1496 946 Or.
1513 915 1534 946 i.
1549 918 1604 948 28.

877 957 933 995 qui
958 966 1024 986 non
1048 957 1290 997 potest—hunc
1314 957 1355 988 ad
1379 958 1423 994 id,
1446 957 1534 998 quod
1555 958 1604 989 fa-

877 1009 951 1029 cere
975 1001 1089 1040 possit,
1113 1001 1351 1031 detrudendum
1382 1007 1475 1041 puto.
1503 1002 1606 1033 ‘ver-

877 1043 955 1073 bum
973 1044 1165 1082 praetorium
1183 1045 1216 1074 in
1235 1044 1428 1081 interdicto,
1441 1044 1495 1075 cui
1511 1052 1603 1085 post-

876 1095 917 1116 ea
944 1086 1166 1117 substitutum
1198 1087 1350 1125 dejicere.
1396 1088 1521 1118 Coecin.
1552 1091 1601 1123 17.

877 1130 1043 1169 poterisne
1072 1130 1193 1167 dicere,
1221 1130 1387 1169 dejectum
1414 1141 1484 1161 esse
1510 1141 1603 1169 eum,

875 1173 932 1211 qui
956 1178 1067 1203 tactus
1090 1183 1157 1203 non
1180 1174 1263 1204 erit?
1296 1174 1407 1213 Quid?
1435 1174 1602 1206 Aetnaeum

876 1216 986 1246 dices?
1021 1225 1099 1246 nam
1122 1216 1184 1246 hoc
1207 1217 1304 1247 verbo
1326 1221 1424 1247 antea
1446 1225 1604 1257 praetores

875 1259 911 1289 in
942 1259 1005 1290 hoc
1032 1260 1209 1290 interdicto
1232 1261 1281 1290 uti
1304 1259 1604 1292 solebant—nemi-

876 1312 953 1333 nem
975 1307 1066 1333 statu
1088 1303 1269 1341 detrusum,
1286 1304 1342 1343 qui
1366 1313 1433 1334 non
1456 1303 1603 1336 :alhibita

875 1347 906 1376 vi
922 1355 1025 1377 manu
1039 1346 1191 1377 demotus
1211 1351 1247 1377 et
1267 1353 1362 1378 actus
1384 1356 1530 1388 preceps
1551 1350 1603 1379 in-

874 1389 1057 1429 telligatur.

918 1433 1093 1471 Devenire,
1118 1442 1178 1474 pro
1206 1434 1316 1465 venire
1339 1443 1416 1474 quo.
1451 1433 1545 1465 Verr.
1567 1444 1602 1466 v.

874 1478 929 1508 48.
952 1486 980 1506 v.
997 1481 1067 1507 not.

917 1519 1108 1551 Deversan'.
1138 1519 1230 1551 Verr.
1262 1520 1283 1550 i.
1312 1521 1366 1552 25.
1394 1519 1601 1551 Rubrium-

874 1573 993 1604 parum
1017 1563 1107 1594 laute
1129 1564 1292 1595 deversari
1312 1563 1409 1593 dicit:
1440 1573 1477 1594 er
1498 1564 1601 1604 logii-e

874 1617 918 1638 zu
932 1606 1092 1638 schlecht.

917 1649 1093 1688 Deversor,
1120 1649 1178 1690 qui
1203 1651 1238 1681 in
1267 1659 1418 1691 caupona
1447 1655 1506 1682 aut
1535 1651 1600 1683 alio

875 1704 939 1734 quo
956 1694 1027 1725 loco
1042 1695 1242 1725 deversatur.
1273 1694 1344 1724 lnv.
1367 1695 1401 1724 ii.
1418 1697 1450 1725 4.
1479 1704 1598 1735 caupo,

875 1748 953 1768 cum
969 1738 1165 1777 quibusdam
1181 1738 1396 1768 deverson'bus
1417 1737 1525 1776 illum,
1542 1739 1598 1778 qui

874 1785 952 1812 aute
967 1782 1104 1819 exierat,
1121 1781 1344 1820 consequitur.

917 1824 1104 1856 Devertere.
1143 1824 1236 1855 Verr.
1267 1825 1289 1854 i.
1320 1824 1350 1854 6.
1379 1823 1420 1854 ad
1454 1824 1599 1865 hospites

875 1878 965 1898 meos
981 1878 1019 1898 ac
1035 1868 1234 1898 necessarios
1250 1868 1371 1898 deverti
1387 1868 1506 1907 potius.
1544 1869 1599 1898 Sic

874 1917 1055 1951 utrumque
1093 1911 1229 1941 verbum
1259 1921 1277 1940 e
1309 1910 1401 1940 MSS.
1431 1911 1599 1942 scribitur.

874 1955 964 1986 Male
980 1954 1080 1993 vulgo
1103 1954 1270 1991 diversari,
1287 1954 1416 1990 diverti,
1433 1959 1469 1984 ut
1492 1954 1598 1984 diver-

875 1999 999 2028 sorium
1016 2008 1074 2038 pro
1087 1997 1320 2027 dem-soriam.
1337 2007 1365 2026 v.
1383 1996 1539 2028 Heinsius
1555 1996 1597 2027 ad

874 2041 970 2072 Ovid.
987 2041 1099 2071 Amor.
1122 2041 1154 2071 ii.
1171 2042 1201 2071 6.
1215 2045 1247 2073 9.
1277 2046 1310 2070 et
1335 2045 1494 2080 praeterea
1515 2049 1598 2079 quos

875 2085 988 2115 laudat
1010 2085 1124 2115 Burin.
1149 2083 1189 2114 ad
1212 2084 1345 2113 Petron.
1374 2086 1421 2114 io.
1451 2083 1528 2114 scil.
1544 2084 1598 2114 de-

874 2130 958 2159 verti
981 2132 1033 2158 est
1055 2127 1165 2166 aliquo
1187 2136 1220 2156 se
1243 2131 1449 2163 convertere,
1471 2126 1506 2157 in
1533 2136 1599 2166 quo

873 2177 988 2202 tamen
1005 2171 1106 2201 etiam
1123 2170 1299 2209 respicitur
1319 2169 1360 2199 ad
1378 2169 1486 2200 locum
1510 2169 1598 2200 unde

875 2215 1020 2244 veneris:
1052 2214 1109 2244 scd
1131 2213 1247 2243 diverti
1266 2212 1388 2242 dicitur
1402 2212 1442 2242 de
1458 2212 1598 2250 duobus,

875 2258 931 2298 qui
946 2259 1105 2288 diversam
1126 2257 1212 2286 viam
1234 2255 1430 2293 instituunt,
1445 2255 1534 2286 unde
1550 2256 1598 2296 ip-

874 2311 948 2331 sum
966 2301 1129 2331 diversum
1146 2303 1209 2335 est,
1224 2303 1259 2329 et
1281 2298 1363 2329 illud
1377 2298 1496 2329 diversi
1510 2299 1599 2330 abie-

875 2354 923 2382 re,
939 2344 1114 2374 divortium
1130 2343 1190 2372 ἅς.

921 2388 1086 2423 Devineio,
1100 2386 1140 2416 de
1166 2384 1318 2425 periodis.
1340 2384 1436 2416 Brut.
1450 2388 1505 2419 37.
1527 2394 1599 2416 ver-

874 2431 918 2460 ba
942 2429 1235 2470 comprehensione
1260 2429 1433 2458 devincire.
1461 2428 1520 2458 Or.
1543 2430 1596 2459 25.

877 2483 938 2504 nec
960 2473 1138 2503 acervatim
1164 2470 1272 2502 inulta
1294 2471 1508 2510 frequentans
1531 2481 1599 2502 una

875 2516 1101 2557 complexione
1114 2516 1278 2546 decim-iet.
1291 2525 1319 2544 v.
1332 2514 1477 2545 Vincire.
1493 2517 1512 2535 0
1523 2514 1599 2544 Ele-

876 2566 996 2598 ganter
1017 2559 1078 2589 hoc
1102 2558 1237 2588 verbum
1253 2557 1383 2589 dictum
1398 2564 1449 2588 est
1465 2558 1499 2588 in
1516 2557 1596 2588 hoc:

877 2603 946 2633 Fat.
969 2607 1000 2637 9.
1031 2603 1085 2641 qui
1110 2601 1328 2632 introducunt
1350 2609 1525 2631 causarum
1548 2610 1599 2630 se-

877 2646 960 2676 riem
977 2647 1230 2685 sempiternam,
1244 2644 1265 2674 ii
1279 2648 1426 2674 mentem
1443 2643 1599 2679 hominis,

877 2688 1046 2719 voluntate
1069 2688 1172 2719 libera
1193 2687 1383 2727 spoliatam,
1404 2687 1598 2717 necessitate

876 2732 935 2762 fati
959 2732 1153 2762 dez-irwiunt.
1175 2730 1348 2761 *retinere
1372 2731 1407 2761 ἰιι
1420 2729 1597 2767 audiendo,

877 2782 1045 2806 attentum
1070 2774 1218 2806 reddere.
1248 2773 1344 2804 Brut.
1361 2776 1413 2804 80.
1428 2772 1494 2802 duo
1506 2782 1596 2803 sum-

878 2828 932 2848 me
954 2819 1079 2855 tenuit,
1094 2824 1133 2848 ut
1155 2825 1190 2847 et
1206 2826 1277 2847 rem
1300 2817 1480 2846 illustraret
1496 2815 1596 2846 disse·

879 2861 995 2900 tendo,
1011 2869 1048 2894 et
1068 2861 1196 2893 animos
1218 2869 1349 2899 eorum,
1362 2859 1418 2898 qui
1432 2858 1597 2896 audirent,
