1800 3131
158 109 244 147 290

162 205 330 237 trinsecus
342 206 502 237 inseritur
516 210 550 237 et
565 207 774 245 immittitur,
785 209 901 239 tradu-

163 256 260 280 ctum
277 255 329 280 est
345 250 408 280 hoc
423 251 562 282 verbum
577 251 619 282 ad
642 251 799 292 pudenda
814 262 901 282 mas-

166 292 293 331 culina,
310 298 350 324 ut
365 304 405 324 ex
422 293 590 335 Hesychio
613 295 728 326 docuit
752 296 901 326 Graevius

166 336 209 367 ad
226 335 258 367 h.
277 337 298 367 1.
346 337 462 377 Itaque
487 339 602 369 omnia
623 341 760 370 embolia
782 340 902 370 sororis

165 381 272 418 novit,
290 385 341 411 est
357 385 454 411 acute
472 381 615 420 dictum,
629 393 689 423 pro
705 392 834 413 amores
851 393 903 412 so-

168 424 264 461 roris,
295 424 329 454 in
360 425 479 464 quibus
510 430 545 456 ct
576 427 645 466 ipsc
675 430 758 456 crat.
813 426 900 456 Nam

167 467 256 506 quod
270 467 419 499 Graevius
438 474 592 500 naturam
615 470 740 500 Clodiae
758 468 902 508 intelligi

164 515 287 550 putat3
311 512 419 552 primo
441 512 570 551 ἔμξόλων
585 517 648 550 est,
664 512 752 552 quod
775 513 903 542 immit-

167 556 268 592 titur,
286 565 352 585 non
372 556 460 595 quod
478 557 614 596 recipit3
640 556 759 586 deinde
776 556 903 596 plures-

170 607 212 628 ne
242 608 311 628 una
342 606 479 629 naturas
510 599 639 636 habuit,
667 609 748 638 quas
786 609 902 629 omncs

168 643 299 672 noverit
316 642 450 673 Clodius
468 642 592 672 frater?
621 643 660 672 de
676 643 815 673 emboliz‘s
828 643 903 682 jam

164 684 314 716 laudavit
330 687 379 716 vir
394 686 513 716 doctus
538 685 580 715 ad
602 686 632 716 h.
650 685 672 715 l.
705 686 845 716 Salmas.
861 686 904 716 ad

166 727 292 759 Histor.
311 729 452 768 August.
500 729 609 760 Locus
627 734 678 759 est
702 730 745 760 ad
768 729 902 769 Vopisc.

166 772 336 802 Aurelian.
364 775 417 802 42¹.
444 776 468 801 t.
497 772 532 803 ii.
559 783 592 813 p.
617 776 691 804 530.
724 773 798 804 add.
826 773 902 804 Ind.

167 816 273 847 GraeC.
292 816 326 844 in
341 815 481 853 Ξμζόλιον.

208 858 387 889 Ementiri.
417 859 518 890 Tusc.
534 859 580 889 iii.
598 861 650 891 24.
677 864 844 900 quantum
860 861 904 891 sit

165 903 458 942 ementitaopinio,
473 907 630 942 apparet:
656 903 689 934 h.
705 914 734 934 e.
749 904 829 943 quid
843 904 905 934 fal-

164 946 192 976 si
210 946 244 975 in
262 956 302 975 ea
317 946 371 977 sit.
397 947 574 977 *mentiri
599 947 717 978 Partit.
733 948 791 978 Or.
810 951 860 978 14.

210 989 336 1020 Emere
374 999 452 1020 cum
487 1000 627 1030 praepos.
662 991 714 1021 de.
752 991 794 1022 ad
827 992 905 1022 Div.

166 1042 197 1063 v.
231 1033 261 1064 6.
301 1033 391 1072 quod
417 1033 458 1063 de
492 1034 610 1064 Crasso
641 1034 780 1065 domum
811 1037 906 1066 emis-

164 1086 242 1109 sem.

207 1120 378 1157 Emererz',
395 1120 524 1160 passive
541 1121 583 1151 ad
602 1122 706 1153 Attic.
724 1123 767 1153 vi.
783 1125 815 1154 53.
846 1132 906 1152 an-

165 1173 241 1194 nuae
265 1173 374 1204 operae
399 1164 440 1194 ad
469 1165 514 1194 iii.
542 1164 618 1195 Kal.
649 1166 739 1197 Sext.
762 1177 905 1197 emeren-

166 1211 243 1240 tur,-
269 1207 302 1237 h.
319 1217 348 1238 e.
365 1208 555 1248 explentur.

210 1251 407 1289 Emergere.
436 1252 518 1282 Har.
546 1262 631 1292 resp.
657 1255 710 1284 525.
743 1264 777 1283 se
800 1264 905 1284 emer-

164 1296 216 1334 git
247 1305 394 1334 serpens.
434 1295 613 1326 *exserere
643 1307 691 1334 se,
716 1307 905 1338 erumpere.

165 1339 234 1369 Att.
253 1339 295 1369 ix.
313 1340 342 1369 6.
377 1340 515 1378 emergit
538 1349 670 1370 rursum
689 1341 792 1372 dolor.
825 1342 904 1372 ibid.

168 1385 218 1413 10.
246 1384 386 1421 emergit
402 1393 504 1413 amor.
529 1383 689 1414 *liberari
706 1385 820 1424 aliqua
835 1395 906 1415 mo-

165 1426 275 1456 lestia.
320 1426 414 1456 Verr.
446 1427 466 1456 i.
500 1430 530 1457 5.
573 1437 740 1466 emergere
764 1429 905 1469 judicio.

164 1470 237 1501 Att.
253 1480 282 1499 v.
300 1473 330 1500 8.
363 1480 530 1508 emergere
551 1471 758 1502 valetudiue.
789 1472 833 1502 ib.
857 1475 906 1503 10.

164 1523 332 1552 emergere
347 1524 386 1543 ex
408 1515 555 1553 negotio.
588 1517 608 1535 ἥ
623 1514 703 1545 Coel.
723 1518 771 1547 12.
803 1526 906 1546 emer-

164 1567 255 1596 gere,
272 1558 397 1587 dicitur
413 1558 452 1588 de
469 1558 522 1595 iis,
539 1558 595 1597 qui
620 1559 662 1588 ad
684 1559 816 1599 frugem
834 1560 906 1590 red-

170 1606 265 1631 eunt.

211 1644 372 1681 Emetiri,
403 1643 494 1681 dare,
531 1650 703 1685 pra-stare.
748 1645 845 1676 Brut.
873 1649 905 1677 4.

168 1698 230 1727 ego
256 1688 320 1718 tibi
343 1687 555 1718 voluntatem
582 1689 732 1729 profecto
756 1692 907 1728 emetiar,

166 1732 224 1762 sed
248 1741 319 1761 rem
348 1731 499 1761 nondum
527 1742 622 1772 posse
645 1733 770 1771 videor,
793 1733 906 1773 idque,

169 1779 208 1806 ut
224 1775 391 1814 ignoscas,
409 1785 428 1804 a
442 1780 476 1805 te
494 1780 582 1815 peto.

212 1818 387 1849 Eminens.
418 1818 517 1849 Tusc.
544 1820 590 1850 iii.
615 1821 646 1851 2.
677 1821 822 1851 eminens
838 1821 909 1851 effi-

170 1862 239 1902 gies
252 1863 406 1892 virtutis:
435 1863 466 1892 h.
482 1874 510 1892 c.
529 1873 697 1903 expressa,
712 1873 778 1893 non
792 1864 910 1894 adum-

168 1907 276 1943 brata,
300 1910 339 1936 ut
363 1905 435 1935 aliis
460 1906 540 1937 locis
564 1907 657 1937 dicit.
687 1907 730 1936 N.
755 1908 799 1938 D.
818 1909 838 1938 i.
856 1910 908 1942 27.

169 1951 296 1990 species
328 1950 493 1988 Deorum,
524 1960 598 1989 quae
636 1950 722 1980 nihil
761 1953 909 1982 concreti

170 1992 386 2024 habeat—nil
401 1995 560 2033 expressi,
578 1994 626 2024 nil
641 1996 822 2025 eminentis.

216 2036 425 2067 Eminentia.
465 2037 569 2067 Acad.
594 2039 635 2068 iv.
661 2042 692 2072 7.
731 2038 841 2069 multa
862 2039 911 2069 vi-

171 2080 254 2112 dent
269 2081 413 2121 pictores
430 2080 465 2110 in
484 2082 608 2112 umbris
623 2087 658 2112 et
673 2082 707 2112 in
720 2083 910 2119 eminentia,

172 2134 246 2164 quae
275 2133 334 2154 nos
363 2134 429 2154 non
458 2124 621 2156 videmus.
661 2135 706 2155 sc.
733 2127 911 2156 eminentia

173 2168 358 2208 opponitur
377 2168 517 2205 umbrae,
534 2169 612 2208 quia
628 2168 807 2200 eminentia
829 2169 912 2199 luci-

173 2211 217 2241 da
236 2215 326 2242 sunt.
357 2221 385 2242 v.
401 2211 542 2242 sunium
569 2213 609 2243 de
635 2213 772 2243 Pictura
785 2213 860 2244 Vet.
879 2224 911 2253 p.

178 2258 249 2286 110.
266 2265 314 2294 sq.
347 2255 428 2285 Nat.
445 2256 488 2285 D.
507 2256 527 2286 i.
545 2259 598 2287 38.
630 2266 681 2286 res
701 2256 831 2287 nullam
855 2257 913 2287 ha-

174 2298 258 2330 bens
276 2298 482 2329 soliditatem
500 2309 560 2329 nec
577 2301 800 2331 eminentiam.

220 2342 389 2373 Emi-nere.
427 2342 484 2372 Or.
512 2345 565 2374 ⁶24.
604 2349 805 2375 ornamenta
834 2345 912 2374 emi-

175 2390 264 2422 nent,
281 2396 326 2416 sc.
344 2396 422 2416 cum
443 2387 477 2416 in
501 2386 616 2417 oculos
641 2387 767 2418 cadunt
789 2390 824 2417 et
846 2392 913 2418 sta-

175 2430 238 2460 tim
257 2430 581 2461 animadvertuntur.
606 2431 634 2461 V
637 2441 700 2462 err.
716 2441 746 2462 v.
763 2432 815 2462 6⁶2.
840 2436 913 2462 toto

177 2484 217 2503 ex
232 2483 288 2503 ore
312 2473 492 2503 crudelitas
516 2476 686 2505 eminebat.
715 2474 853 2505 Tuscul.
879 2476 913 2505 ii.

177 2517 229 2547 ⁶26.
266 2517 455 2556 amplitudo
485 2519 589 2548 animi
621 2519 766 2548 maxime
796 2520 913 2550 eminet

178 2561 433 2591 contemnendis
464 2566 499 2591 et
533 2562 754 2602 despiciendis
793 2562 914 2593 dolori-

181 2603 252 2633 bus.

224 2647 430 2678 Emissarius
445 2653 509 2686 est,
527 2650 622 2687 cujus
639 2649 713 2687 quis
729 2659 831 2689 opera
846 2650 913 2679 mi-

178 2694 235 2720 tur
252 2691 285 2719 in
302 2691 374 2721 aliis
391 2693 599 2729 accusandis,
613 2692 782 2729 vexandis,
800 2693 913 2733 explo-

178 2734 288 2764 randis
320 2735 429 2771 rubus,
460 2736 541 2765 item
573 2737 801 2773 conficiendis,
832 2747 913 2775 quas

179 2770 248 2816 iias-e
265 2788 331 2807 nou
347 2780 492 2808 sustinet
508 2789 617 2817 agere.
663 2780 716 2809 Sic
737 2779 864 2821 Turpio
880 2784 914 2810 et

175 2821 343 2860 Apronius
367 2822 526 2852 dicuutur
556 2823 666 2853 Verris
697 2825 857 2856 emissarii
880 2825 914 2854 in

179 2865 342 2901 decumis,
372 2866 461 2904 quod
499 2875 558 2895 suo
591 2868 726 2897 nomine
757 2868 914 2898 decumas

178 2907 274 2946 Verri
296 2908 523 2945 redemerant,
539 2909 632 2941 Verr.
655 2911 702 2941 iii.
726 2913 780 2942 40.
808 2921 841 2942 v.
859 2914 913 2943 41.

687 118 835 148 INDEX
856 119 988 147 LATIN
995 118 1154 148 ITATIS.

944 209 1122 249 superioris
1139 206 1395 246 significationis
1418 208 1573 249 exempla
1594 212 1676 240 sunt

944 252 986 283 ad
1002 252 1080 283 Div.
1094 252 1151 281 vii.
1169 253 1198 282 2.
1222 251 1289 281 viii.
1307 254 1338 281 8.

986 296 1229 331 Emissarium,
1250 295 1285 324 in
1309 304 1343 324 re
1367 295 1495 324 rustica
1516 299 1568 326 est
1589 295 1677 326 fora·

943 349 1022 369 men
1046 339 1079 369 iu
1100 339 1188 375 lacu,
1205 348 1265 378 per
1287 337 1377 377 quod
1398 348 1485 376 aqua
1505 340 1677 370 emittitur

944 388 979 413 et
994 383 1160 420 educitur,
1177 381 1307 412 sublato
1326 380 1398 412 scil.
1414 381 1518 421 ligno,
1536 382 1626 422 quod
1646 383 1679 413 ei

943 426 1134 466 oppositum
1151 429 1212 456 est.
1244 425 1286 455 ad
1300 425 1377 455 Div.
1396 425 1459 455 xvi.
1479 428 1529 457 18.
1558 431 1680 456 sester-

945 469 994 498 tia
1019 469 1166 499 ducenta
1191 470 1305 506 dabat,
1328 468 1421 498 nullo
1447 468 1559 507 horto,
1583 469 1678 500 nullo

944 513 1120 550 emissario,
1137 513 1231 543 nulla
1245 513 1403 550 maceria,
1421 512 1516 543 nulla
1530 522 1616 543 casa.
1647 521 1681 544 v.

945 555 1052 586 Graev.
1069 555 1110 586 ad
1127 556 1158 585 h.
1178 556 1199 586 l.
1216 556 1419 596 Adjiciamus
1436 556 1547 586 locum
1563 566 1580 585 e
1593 555 1680 586 Plin.

946 598 990 628 H.
1018 599 1061 629 N.
1087 600 1200 629 xxxiii.
1225 602 1256 630 4.
1287 601 1457 630 emissaria
1482 601 1518 630 in
1549 600 1682 640 piscina

946 643 1048 681 quina
1061 642 1185 682 pedum
1202 643 1440 681 quadratorum
1458 648 1594 674 ternum
1609 643 1680 674 fero

945 685 1161 725 linquuntur,
1185 691 1219 716 et
1241 686 1368 726 repleto
1390 691 1511 727 stagno
1534 688 1685 718 excussis

946 730 1192 760 obturamentis
1207 731 1357 770 erumpit
1371 734 1502 761 torrens
1519 731 1579 760 διο.

990 773 1146 804 Emissio.
1176 773 1277 804 Tusc.
1301 773 1335 803 ii.
1359 775 1412 804 24.
1445 778 1619 804 tormenta
1640 783 1680 804 eo

947 817 1112 857 graviores
1135 817 1313 847 emissiones
1338 816 1466 847 habent
1493 818 1570 858 (int.
1598 817 1683 847 telo-

946 859 1051 900 rum),
1069 870 1134 900 quo
1150 866 1232 890 sunt
1250 860 1398 891 adducta
1418 865 1520 900 atque
1543 865 1685 892 eonten-

946 910 984 935 ta
997 904 1241 935 vehementius.

990 948 1166 978 Emittere.
1199 948 1274 978 Div.
1293 948 1327 978 ii.
1355 951 1405 982 19.
1435 948 1577 978 nubium
1602 956 1683 978 con·

937 992 1042 1021 “flictu
1063 992 1160 1021 ardor
1182 1001 1355 1031 expressus
1378 1001 1413 1022 se
1436 993 1553 1022 emisit.
1583 990 1684 1022 *tela

947 1037 1052 1066 emitti
1079 1035 1240 1065 dicuntur
1264 1036 1454 1065 tormentis.
1478 1045 1509 1065 v.
1536 1034 1684 1066 emissio.

947 1079 1026 1109 hinc
1038 1080 1096 1110 Or.
1108 1079 1142 1109 ii.
1156 1082 1208 1110 53.
1232 1084 1433 1118 argumenta
1443 1080 1548 1109 emitti
1563 1079 1682 1109 dicun·

947 1127 1016 1160 tur,
1027 1133 1103 1153 cum
1115 1127 1359 1162 proponuntur.
1376 1123 1455 1153 ibid.
1466 1125 1518 1153 54.
1533 1122 1683 1152 facetum

947 1167 1075 1196 dictum
1094 1168 1245 1196 emissum
1261 1165 1377 1196 haeret.
1410 1165 1491 1196 Coel.
1512 1168 1561 1196 12.
1588 1167 1685 1197 emit-

948 1215 1015 1241 tere
1039 1210 1172 1240 aculeos
1195 1211 1228 1240 in
1252 1209 1436 1240 hominem.
1465 1209 1684 1248 *dimitterQ

947 1254 1116 1284 absolvere
1133 1263 1229 1283 reum
1252 1257 1445 1291 nocentem,
1461 1253 1563 1284 ducta
1579 1257 1686 1284 metae

948 1298 1053 1338 phora
1075 1308 1095 1327 a
1117 1297 1245 1335 bestiis,
1262 1306 1337 1336 quae
1360 1307 1378 1326 c
1399 1297 1506 1327 caveis
1529 1297 1685 1328 emittun-

948 1346 1015 1372 tur.
1046 1342 1137 1372 Sext.
1154 1341 1206 1371 64.
1237 1341 1344 1371 emitti
1362 1351 1403 1371 ex
1420 1340 1550 1379 judicio
1566 1341 1687 1380 gratia.

948 1386 1094 1425 Hal-usp.
1111 1394 1197 1424 resp.
1218 1387 1268 1415 18.
1296 1388 1330 1414 te
1347 1384 1481 1424 judiees
1496 1385 1687 1416 emiserunt.

948 1429 1006 1459 ubi
1030 1429 1179 1459 Graevius
1203 1434 1327 1467 praeter
1346 1437 1418 1458 rem
1441 1427 1526 1467 leg-it
1551 1427 1686 1458 dimise-

948 1477 1041 1503 runt.
1076 1472 1130 1502 Sic
1154 1482 1183 1501 c.
1201 1473 1253 1502 21.
1280 1471 1416 1502 Clodius
1447 1471 1571 1502 dicitur
1591 1473 1687 1502 emis-

947 1526 1002 1547 sus
1029 1515 1227 1546 ancillarum
1259 1515 1436 1553 beneficio,
1464 1525 1510 1545 sc.
1536 1525 1555 1546 e
1585 1515 1687 1546 domo

950 1560 1102 1597 Caesaris,
1119 1569 1160 1589 ne
1177 1564 1364 1598 caperetur.

984 1603 1152 1639 Enatare,
1161 1602 1394 1633 difficultatem
1407 1612 1576 1643 superare.
1585 1601 1689 1633 Tuse.

948 1657 979 1677 v.
997 1651 1050 1678 31.
1081 1646 1201 1685 reliqui
1218 1656 1252 1676 se
1270 1645 1428 1676 videntur
1442 1646 1564 1677 habere
1580 1656 1688 1686 angu-

948 1691 1052 1721 stius:
1078 1694 1215 1720 enatant
1231 1693 1359 1720 tamen.

994 1734 1105 1771 Endo,
1119 1734 1255 1772 antique
1267 1743 1327 1773 pro
1343 1733 1390 1763 in.
1409 1731 1492 1772 Leg.
1505 1733 1540 1764 ii.
1553 1736 1584 1765 8.
1607 1733 1688 1764 endo

951 1778 1034 1808 coelo
1066 1778 1126 1808 διο.
1164 1787 1196 1807 v.
1229 1776 1368 1808 Salmas.
1400 1776 1491 1808 mod.
1522 1777 1624 1808 Usur.
1652 1787 1689 1819 p.

951 1825 1026 1856 819.

994 1865 1199 1902 Enervatus,
1223 1864 1264 1894 de
1289 1863 1509 1904 philosophis,
1531 1865 1589 1903 qui
1620 1873 1688 1895 non

951 1911 1066 1939 omnia
1092 1909 1210 1939 virtuti
1240 1908 1412 1945 tribuunt,
1436 1907 1495 1938 sed
1524 1907 1689 1949 voluptati

951 1953 1056 1982 etiam
1080 1952 1208 1991 aliquid
1232 1951 1292 1982 διο.
1320 1951 1378 1982 Or.
1398 1951 1419 1981 i.
1445 1953 1497 1982 52.
1528 1952 1602 1990 quis
1625 1951 1692 1982 hoc

951 1995 1285 2036 philosophus—tam
1311 1998 1496 2032 enervatus,
1519 1998 1589 2025 tam
1616 2005 1689 2026 om-

952 2040 1009 2070 nia
1026 2039 1068 2069 ad
1083 2039 1292 2080 voluptatem
1309 2039 1455 2079 corporis
1474 2038 1690 2079 doloremque

952 2083 1098 2113 referens
1130 2084 1267 2123 probare
1302 2083 1415 2122 possit.
1459 2081 1560 2112 Tusc.
1591 2083 1628 2113 ii.
1657 2084 1688 2114 6.

952 2131 1108 2158 enervata
1124 2127 1364 2166 muliebr-isque
1379 2126 1560 2156 sententia.

997 2171 1115 2208 Enim,
1144 2172 1178 2200 in
1209 2170 1463 2209 objectionibus.
1492 2169 1587 2200 Verr.
1612 2170 1634 2200 i.
1658 2174 1693 2205 9.

953 2224 1089 2253 causam
1110 2216 1208 2252 enim,
1225 2214 1349 2253 inquit,
1366 2214 1520 2252 cognosci
1545 2217 1689 2255 oportet.

954 2258 1130 2288 Interdum
1155 2258 1312 2296 adjicitur
1334 2262 1380 2288 at.
1410 2257 1504 2287 Verr.
1522 2257 1543 2287 i.
1561 2257 1613 2288 56.
1645 2257 1692 2288 At

954 2304 1037 2333 enim
1055 2303 1081 2331 si
1099 2301 1225 2342 pupillo
1241 2301 1358 2331 redimi
1377 2310 1444 2331 non
1461 2301 1593 2331 licebat.

997 2345 1148 2376 Enitere.
1186 2345 1286 2376 Tusc.
1314 2345 1348 2374 ii.
1375 2347 1406 2375 5.
1441 2344 1553 2383 fruges
1584 2343 1690 2376 etiam

954 2390 1016 2419 etsi
1041 2389 1076 2419 in
1099 2393 1248 2428 segetem
1274 2388 1475 2418 deteriorem
1493 2394 1575 2418 sunt
1589 2388 1693 2426 datae,

955 2434 1036 2473 ipsae
1061 2440 1178 2462 tamen
1204 2442 1266 2462 sua
1294 2437 1416 2462 natura
1438 2432 1582 2462 enitent:
1612 2431 1645 2462 h.
1661 2441 1692 2462 e.

955 2482 1112 2516 surgunt,
1138 2476 1403 2516 progerminant.
1432 2474 1544 2505 111V.i.
1561 2477 1593 2506 3.
1623 2476 1694 2506 eni-

956 2521 1054 2551 tuisse
1069 2520 1198 2551 studia:
1225 2519 1257 2549 h.
1274 2529 1303 2550 e.
1320 2519 1464 2549 nitorem
1481 2519 1659 2558 accepisse.

1000 2563 1098 2594 Eniti
1129 2574 1188 2603 pro
1216 2572 1346 2603 parere,
1373 2562 1525 2602 gignere,
1548 2563 1691 2602 tropice.

956 2607 998 2637 ad
1012 2608 1084 2638 Att.
1100 2607 1169 2637 xiii.
1185 2609 1237 2638 25.
1268 2607 1326 2637 ubi
1341 2615 1450 2636 sermo
1467 2610 1519 2635 est
1534 2605 1575 2636 de
1589 2605 1693 2637 libror
1728 2618 1746 2631 *—

955 2651 983 2681 si
1000 2660 1149 2690 unquam
1166 2650 1348 2690 quidquam
1363 2650 1472 2680 enitar
1486 2649 1580 2691 ἔργον.

1000 2695 1169 2732 Enoclare,
1187 2694 1363 2734 explicare.
1394 2693 1475 2723 Nat.
1494 2694 1540 2723 D.
1563 2693 1611 2724 iii.
1637 2695 1692 2725 24.

956 2739 1094 2769 enodare
1114 2738 1264 2775 nomina,
1279 2747 1326 2767 sc.
1342 2735 1553 2777 etymologiis
1575 2737 1694 2776 exqui-

957 2782 1080 2813 rendis-

1002 2825 1172 2856 Enodatio.
1211 2823 1291 2855 Nat.
1316 2824 1359 2855 D.
1385 2824 1432 2854 iii.
1457 2825 1511 2855 24.
1548 2822 1693 2853 enodatio

958 2870 1147 2899 nominum.
1184 2868 1248 2898 vid.
1275 2868 1422 2899 enodare.
1452 2867 1538 2907 Top.
1563 2870 1595 2901 7.
1633 2876 1694 2897 no-

957 2914 1006 2944 tio
1021 2918 1073 2943 cst
1087 2912 1235 2953 cognitio
1250 2912 1446 2944 enodatiores
1460 2911 1626 2951 indigem.
