1800 3131
145 128 228 167 316

149 226 211 257 bus
238 229 366 256 mentes
394 228 453 256 aut
475 225 673 265 incitantur,
700 231 760 257 aut
786 227 879 258 refle-

150 274 303 300 ctuntur.
344 269 453 299 *hinc
478 270 668 301 humanitas
693 270 816 300 dicitur
839 271 878 302 de

151 314 306 344 omnibus
336 313 447 350 rebus,
477 323 550 352 quae
582 314 769 344 hominibus
800 320 881 344 sunt

152 357 325 387 attributae
349 361 482 394 natura,
505 356 544 387 de
570 357 719 396 ingenio,
743 358 782 387 de
806 368 881 398 pro-

153 401 381 441 pensionibus,
397 401 560 439 sensibus,
577 406 611 431 ct
627 402 793 437 omnibus,
807 411 881 440 quae

152 446 189 475 in
205 443 369 480 homines,
385 454 457 482 qna·
471 444 622 474 homines
637 450 729 481 sunt,
747 444 882 473 cadunt.

155 487 273 526 Itaque
293 490 318 517 l.
335 487 457 517 dicitur
480 487 519 518 de
545 488 705 518 desiderio
722 494 755 517 et
771 497 882 517 amore

153 535 357 561 nostrorum.
390 531 458 561 Au.
484 532 525 561 iv.
560 534 609 561 15.
645 532 883 561 humanitatem

151 579 249 605 tuam
272 584 484 613 amoremque
509 575 543 603 111
573 578 647 604 tuos
678 574 803 604 reditus
832 584 885 602 ce-

154 619 267 649 leritas
290 617 482 648 declarabit.
514 620 543 647 12.
562 617 601 646 (10
625 617 734 647 studio
758 617 886 646 valetu-

156 662 254 692 dinis.
284 661 326 690 ad
349 661 423 691 Div.
449 661 512 690 xvi.
543 663 590 689 11.
625 660 690 698 fac,
716 660 802 698 quod
828 662 887 690 hu-

155 706 326 736 manicatis
341 709 409 734 tuae
426 709 488 740 est,
503 708 540 733 ut
555 702 681 733 nullam
700 703 797 733 aliam
817 714 888 733 rem

156 758 264 786 cures,
283 748 346 777 nisi
370 752 408 777 ut
429 747 547 776 valeas.
578 750 609 777 3.
627 747 666 776 de
682 756 781 777 sensu
798 746 887 777 dolo-

155 793 215 830 ris,
233 792 357 821 laetitiae
375 791 433 820 &c.
465 790 497 819 in
523 790 618 820 rebus
635 790 718 820 laetis
736 796 769 820 et
783 791 888 820 tristi-

158 837 230 866 bus.
260 836 356 865 Rosc.
373 833 411 863 A.
432 836 482 864 53.
514 843 649 864 sensum
672 835 888 864 humanitatis

158 879 356 909 amittimus.
384 877 464 907 Lael.
483 880 532 908 13.
557 879 746 909 humanitas
762 889 800 907 ex
819 878 890 907 ani-

159 933 214 953 mo
238 921 414 960 extirpata.
444 920 544 951 Tusc.
564 921 605 951 iv.
627 924 674 951 14.
707 922 806 952 habet
830 923 889 950 Ιιιι-

160 965 329 996 manitatis
351 964 494 1004 speciem
513 965 749 1001 misericordia,
767 971 890 994 metus.

160 1010 217 1040 Or.
235 1009 280 1038 iii.
297 1011 349 1039 40.
376 1009 591 1038 humanitatis
607 1008 790 1038 mollitudo.
819 1008 891 1038 Att.

159 1053 230 1083 xiii.
259 1054 290 1083 2.
329 1053 569 1082 lmmant'atem
600 1061 735 1082 omnem
760 1061 891 1081 exuere.

159 1097 259 1127 Rosc.
275 1095 314 1125 A.
343 1096 390 1126 16.
423 1103 544 1125 natura
566 1096 627 1125 tibi
651 1095 753 1133 dedit,
772 1099 810 1125 ut
832 1097 893 1125 hu-

161 1140 331 1171 manitatis
362 1148 429 1168 non
461 1149 579 1178 parum
609 1139 757 1169 haberes.
789 1142 821 1169 4.
853 1139 892 1168 de

160 1183 274 1214 studio
301 1182 506 1212 exhilarandi
533 1192 580 1220 se,
603 1183 660 1212 ubi
684 1183 718 1212 in
743 1183 811 1213 0110
836 1183 892 1219 515,

164 1231 224 1258 aut
239 1226 329 1257 locus
347 1227 485 1266 patitur.
509 1227 565 1256 Or.
583 1227 603 1256 i.
622 1230 651 1257 8.
677 1226 756 1266 quid
774 1226 806 1256 in
825 1226 894 1256 otio

163 1275 236 1301 tam
252 1270 467 1301 humanitatis
483 1271 668 1310 proprium,
684 1280 784 1309 quam
808 1269 894 1299 face-

161 1319 219 1345 tus
243 1324 363 1344 sermo.
393 1313 537 1350 *Porr0,
562 1314 640 1353 quia
668 1312 694 1352 1)
722 1313 895 1343 literarum

165 1358 255 1389 solus
272 1358 371 1388 homo
387 1367 490 1396 capax
507 1362 569 1393 est,
586 1360 618 1396 2)
639 1357 820 1387 humanam
837 1367 896 1386 na-

164 1408 291 1438 turam,
315 1401 348 1431 h.
373 1411 402 1431 e.
427 1401 614 1440 ingenium,
639 1405 800 1438 mentem,
825 1401 897 1430 ani-

167 1455 274 1481 mum,
305 1454 478 1483 moresque
509 1444 613 1474 literae
643 1444 828 1484 expoliunt,
859 1447 898 1474 ut

166 1493 340 1527 tamquam
366 1488 470 1527 magis
494 1487 645 1518 homines
666 1489 782 1526 simus,
800 1493 835 1518 et
857 1498 897 1517 eo

166 1532 267 1563 latius
291 1543 311 1562 a
333 1532 437 1562 brutis
460 1531 689 1571 sejungamur,
713 1532 801 1562 unde
825 1532 897 1561 Fin.

166 1586 198 1606 ν.
227 1579 275 1610 19.
305 1576 409 1605 animi
433 1574 544 1605 cultus
567 1577 782 1606 humanitatis
806 1576 897 1605 cibus

167 1619 366 1660 appellatur.
411 1618 444 1656 3)
478 1618 578 1648 homo
615 1623 737 1650 natura
764 1619 899 1649 ducitur

168 1663 295 1694 sciendi
318 1662 515 1702 cupiditate,
532 1672 674 1701 eumque
699 1663 779 1693 adeo
795 1662 827 1701 4)
848 1662 900 1692 vel

169 1708 316 1737 maxime
339 1706 471 1743 decent,
495 1711 671 1746 propterea
693 1707 804 1737 studia
826 1706 900 1736 lite-

169 1761 284 1782 rarum
300 1749 510 1790 appellantur
525 1750 660 1780 nomine
674 1751 897 1781 humanitatis.

170 1795 229 1825 Or.
251 1794 273 1824 i.
307 1794 356 1824 16.
393 1803 508 1823 01111105
538 1795 752 1824 humanitatis
777 1798 899 1834 partes.

171 1837 251 1868 ibid.
267 1842 298 1872 9.
324 1847 422 1867 omne
439 1847 543 1876 genus
567 1839 790 1868 humanitatis.
822 1837 901 1867 ibid.

171 1882 207 1912 ii.
237 1883 290 1915 27.
327 1881 462 1921 politior
499 1883 697 1912 humanitas.
738 1881 815 1911 ibid.
849 1884 899 1912 10.

173 1926 269 1965 inops
286 1926 509 1955 humanitatis.
527 1925 569 1954 cf.
586 1926 718 1955 Muren.
733 1927 786 1960 29.
801 1924 901 1956 Arch-

127 1986 132 1988 >
173 1972 203 1999 l.
231 1969 290 1998 ubi
313 1978 342 1998 v.
367 1968 528 1998 Passerat.
557 1969 636 1999 ibid.
653 1972 683 1999 2.
717 1970 775 1999 &c.
806 1969 862 1998 Or.
880 1968 901 1998 i.

172 2013 225 2044 60.
256 2012 297 2052 Ω.
322 2012 372 2042 Fr.
392 2012 413 2042 i.
435 2015 461 2042 1.
478 2016 509 2046 9.
536 2012 661 2042 Studiis
684 2013 902 2043 hmnanitatz's

172 2062 287 2086 autem
305 2056 468 2086 contineri
491 2066 607 2086 omnes
632 2062 718 2086 artes
736 2056 901 2093 liberales,

173 2099 225 2129 vel
240 2099 390 2139 inprimis
407 2099 664 2140 philosophiam,
677 2101 757 2130 item
770 2099 902 2130 Mathe-

173 2144 248 2182 sin3
273 2153 348 2173 011111
370 2143 446 2180 1001,
463 2153 544 2182 quos
568 2143 621 2173 1110
645 2144 830 2183 posuimuS,
847 2144 902 2173 de-

172 2190 375 2224 monstrant,
392 2191 466 2216 tum
493 2197 511 2216 a
527 2187 620 2217 nobis
636 2187 901 2217 demonstratum

174 2235 226 2261 est
247 2231 282 2261 in
298 2230 505 2270 prolusione:
532 2230 571 2260 de
589 2231 710 2261 finibus
727 2231 904 2261 humanio-

173 2284 250 2306 rum
272 2274 458 2304 studiorum
483 2274 652 2313 regundis,
668 2285 697 2304 a.
718 2277 811 2308 1738.
836 2274 905 2303 edi-

173 2321 220 2348 ta.
257 2317 353 2347 *Sed
376 2317 657 2357 quemadmodum
680 2318 808 2348 homini
831 2328 906 2357 pro-

175 2362 286 2402 prium
310 2365 361 2391 est
382 2362 479 2398 50110,
503 2362 553 2391 ita
573 2362 676 2392 etiam
699 2362 729 2391 ei
752 2362 904 2401 quaedam

175 2406 283 2435 officia
297 2405 431 2444 propria
446 2411 538 2442 sunt,
555 2415 629 2444 quae
653 2405 735 2435 adeo
750 2410 906 2445 praestare

177 2448 249 2478 aliis
273 2448 384 2486 debet,
408 2453 442 2478 et
470 2449 547 2487 quia
569 2449 638 2488 ipse
662 2449 762 2478 homo
786 2453 848 2486 est,
873 2455 908 2479 et

178 2492 257 2530 quia
283 2492 330 2528 hi,
362 2492 481 2530 quibus
512 2502 551 2521 ea
581 2496 729 2532 praestat,
754 2491 907 2522 homines

176 2540 269 2572 sunt,
286 2535 432 2574 adeoque
456 2540 585 2566 naturae
609 2536 753 2574 quodam
777 2536 908 2565 vinculo

177 2588 255 2608 cum
269 2580 437 2618 eojuncti.
463 2579 500 2608 111
515 2589 579 2618 (1110
591 2579 831 2609 observandum
844 2584 908 2619 est,

177 2621 315 2652 Latinos
335 2626 401 2652 tres
417 2623 537 2652 habere
554 2623 674 2662 gradus
691 2623 725 2652 in
742 2623 780 2652 iis
796 2624 907 2662 rebus,

178 2674 258 2704 quas
276 2666 347 2695 aliis
365 2666 535 2703 debemus,
551 2671 589 2696 ut
608 2671 687 2696 sunt
702 2673 770 2697 tres
787 2666 907 2706 gradus¹

178 2709 423 2748 conjunctionis
455 2710 543 2739 inter
568 2710 731 2750 homines.
778 2710 907 2740 Primus

178 2752 299 2791 gradus
315 2757 365 2781 est
389 2753 491 2792 ipsius
516 2753 677 2784 naturalis
702 2754 909 2792 conjunctio-

179 2795 244 2833 nis,
261 2805 334 2835 quae
359 2806 473 2825 omnes
496 2797 648 2827 homines
673 2797 907 2838 amplectitur:

177 2839 257 2869 huic
280 2843 332 2868 est
354 2840 524 2879 proprium
541 2841 739 2871 vocabulum
757 2840 909 2871 humaui-

179 2884 274 2913 tatis:
313 2881 408 2912 Alter
437 2883 557 2921 gradus
588 2889 638 2914 est
669 2885 739 2923 ejus
771 2885 910 2924 conjun-

179 2926 298 2958 ctionis
322 2926 516 2965 arbitrariae,
534 2937 606 2966 quae
631 2932 681 2958 est
704 2929 792 2959 inter
809 2929 908 2967 cives,

665 139 810 168 INDEX
841 140 1136 170 LATINITATIS.

923 230 1040 266 socios,
1057 228 1167 265 verbo,
1185 228 1345 267 aequales:
1372 227 1451 259 huic
1473 230 1651 271 respondet

923 274 1068 303 officium
1082 284 1088 301 :
1112 272 1246 302 Tertius
1263 272 1396 311 gradus,
1413 277 1463 303 est
1479 274 1566 304 inter
1582 284 1652 304 ma·-

924 317 1081 356 gistratus
1105 319 1138 345 et
1161 316 1260 353 cives,
1285 320 1438 355 parentes
1463 320 1497 346 et
1518 316 1650 355 liberos,

925 361 1096 399 conjuges,
1119 359 1248 396 11111105,
1280 358 1505 390 benefactores
1536 364 1571 390 et
1597 371 1652 391 eos

922 404 978 442 qui
1002 403 1163 433 beneficia
1187 413 1341 442 accepere
1370 404 1448 433 &c.:
1481 403 1559 433 huic
1579 413 1656 443 pro-

924 447 1036 486 prium
1073 450 1123 476 est
1160 447 1294 486 pietatis
1323 446 1532 477 vocabulum.
1588 446 1655 477 lta-

926 500 989 528 que
1013 499 1100 529 saepe
1123 489 1193 520 liaec
1226 490 1324 519 verba
1353 494 1392 520 ut
1422 490 1550 520 diversa
1573 490 1656 527 jun-

926 539 1066 571 guntur,
1083 532 1141 562 sed
1163 538 1398 572 permutantur
1420 538 1536 564 tamen
1551 534 1654 563 etiam

927 576 1108 606 interdum.
1142 577 1275 616 pietatis
1301 582 1336 607 ct
1359 577 1456 607 oflicii
1487 577 1586 607 verba
1607 576 1658 606 in-

925 619 1057 650 terdum
1077 628 1142 649 uno
1159 621 1411 650 necessitudinis
1435 621 1660 651 continentur.

927 673 958 693 v.
976 673 1003 693 0.
1019 662 1060 692 ad
1075 663 1151 692 Div.
1168 673 1198 692 x.
1222 665 1275 694 34.
1305 665 1520 694 humanitatis
1542 668 1577 694 et
1599 673 1658 693 ne-

929 705 1140 736 cessitudinis
1165 715 1264 735 causa
1286 717 1402 737 eorum
1424 707 1541 738 salutis
1559 707 1660 737 ratio·

930 760 1006 780 nem
1031 750 1219 779 habuimus.
1251 749 1327 779 ibid.
1345 751 1388 780 xi.
1405 753 1457 781 28.
1488 752 1527 781 ab
1550 751 1660 781 officio

931 801 988 824 aut
1013 794 1052 823 ab
1068 794 1273 822 humanitate
1289 793 1480 824 desciscere.
1507 794 1549 825 cf.
1565 794 1660 825 Verr.

932 838 965 867 ii.
982 840 1034 871 47.
1067 837 1130 867 Off.
1155 837 1201 866 iii.
1230 840 1279 866 10.
1307 837 1419 867 omisit
1442 842 1477 867 et
1499 838 1660 877 pietatem

931 886 965 911 et
989 882 1240 917 humanitatem,
1268 880 1321 920 (de
1352 878 1549 919 fratricida).
1593 881 1661 911 lta-

933 935 995 964 que
1021 926 1207 954 hamanitas
1230 924 1398 962 significat
1416 924 1535 961 multa,
1551 928 1592 954 ut
1613 923 1663 954 fa-

932 968 1109 1004 cilitatem,
1127 967 1323 1006 aequitatem
1346 967 1449 998 animi
1469 968 1503 998 in
1518 967 1663 997 serendis

924 1010 1043 1048 ‘malis,
1066 1011 1339 1048 inisericordiam,
1363 1012 1556 1050 aequitatem
1584 1020 1666 1050 erga.

934 1055 1027 1092 alios,
1060 1054 1366 1092 mansuetudinem,
1400 1054 1664 1095 placabilitatem

935 1100 994 1129 &tn
1026 1097 1067 1128 ad
1091 1098 1166 1128 Div.
1190 1097 1233 1127 xi.
1257 1100 1309 1129 22.
1340 1102 1377 1128 ut
1401 1099 1452 1128 vel
1476 1099 1665 1129 hamanita-

935 1144 976 1173 tis
998 1147 1066 1172 tuse.
1090 1142 1142 1171 vel
1166 1151 1241 1171 mea
1263 1152 1363 1172 causa
1387 1152 1464 1171 eum
1493 1152 1665 1172 conserva-

934 1191 1009 1216 tum
1023 1185 1114 1216 velis.
1127 1184 1168 1224 Q.
1182 1185 1232 1214 Fr.
1246 1185 1267 1216 i.
1283 1189 1311 1215 1.
1325 1190 1355 1220 9.
1371 1186 1590 1216 humanitatis
1601 1191 1666 1222 est,

936 1230 1078 1260 aliorum
1103 1228 1276 1259 consulere
1302 1229 1495 1259 commodis.
1524 1230 1594 1259 Att.
1615 1239 1667 1259 xv,

941 1277 967 1304 1.
985 1274 1172 1304 humanitas
1184 1271 1382 1302 edictorum.
1398 1273 1460 1302 xvi.
1481 1273 1530 1303 16.
1549 1274 1667 1303 huma-

936 1319 1049 1348 nitatis
1064 1320 1131 1346 tuae
1149 1321 1199 1346 est
1215 1317 1396 1356 ignoscere.
1428 1316 1491 1346 Off.
1509 1316 1553 1346 iii.
1571 1316 1601 1346 6.
1631 1316 1667 1346 in

938 1362 1045 1401 figura
1057 1360 1200 1390 hominis
1212 1360 1324 1399 feritas
1341 1364 1376 1390 et
1392 1359 1582 1399 immanitas
1600 1359 1668 1389 bel-

936 1405 1002 1435 luae
1026 1415 1045 1434 a
1072 1401 1252 1434 counnunis
1266 1410 1440 1442 tamquam
1463 1403 1670 1433 humanitate

939 1448 1084 1489 corporis
1101 1447 1305 1486 segreganda
1322 1452 1383 1476 est.
1415 1446 1514 1476 Arch.
1532 1449 1582 1478 12.
1609 1447 1669 1477 Ιιιι-

940 1493 1081 1523 manitas
1097 1492 1276 1531 opponitur
1297 1491 1483 1522 acerbitati.
1510 1489 1609 1526 Catil.
1626 1490 1669 1519 iv.

940 1537 970 1567 6.
1002 1536 1191 1566 humanitas
1219 1539 1253 1564 et
1280 1533 1513 1564 misericordia.
1552 1533 1672 1573 Quint.

943 1580 992 1610 16.
1030 1580 1217 1608 humanitas
1243 1578 1441 1608 communis.
1478 1578 1535 1608 Or.
1559 1577 1592 1606 ii.
1617 1576 1669 1607 56.

940 1623 1157 1654 humanitatis
1183 1626 1233 1651 est
1259 1621 1439 1661 responsio.
1478 1621 1610 1650 verrin.
1635 1620 1672 1650 ii.

941 1670 993 1698 40.
1025 1667 1239 1696 humanitatis
1265 1666 1430 1695 rationem
1459 1664 1590 1694 habere.
1629 1663 1671 1693 ad

940 1711 1016 1742 Div.
1034 1721 1064 1739 v,
1081 1711 1133 1739 21.
1163 1710 1225 1739 tibi
1242 1719 1317 1739 cum
1335 1717 1501 1738 summam
1519 1708 1670 1737 humani-

942 1758 1056 1790 tatem,
1071 1756 1147 1783 tum
1170 1753 1273 1782 etiam
1297 1752 1410 1782 literas
1434 1750 1608 1791 profuisse,
1624 1760 1671 1781 sc.

943 1802 982 1828 ut
1004 1797 1105 1827 ferres
1129 1796 1278 1836 injurias.
1311 1795 1352 1825 ad
1375 1795 1450 1825 Div.
1468 1795 1510 1827 xi.
1528 1797 1580 1828 27.
1611 1795 1673 1824 hu-

942 1843 1085 1871 manitas
1110 1846 1183 1877 tua,
1206 1840 1262 1878 qui
1289 1839 1435 1869 amicum
1457 1838 1560 1868 etiam
1586 1847 1674 1867 mor-

942 1890 1040 1915 tuum
1059 1883 1179 1923 diligis.
1208 1882 1289 1914 Lael.
1308 1884 1338 1913 2.
1367 1892 1428 1912 nec
1445 1882 1545 1912 fuisse
1562 1881 1596 1912 id
1615 1882 1675 1922 (sc.

943 1928 1114 1960 moderate
1130 1927 1214 1957 ferre
1231 1931 1373 1957 mortem
1390 1924 1502 1964 amici)
1522 1925 1674 1955 humani-

943 1973 1021 2007 tatis
1046 1976 1128 2003 tuae.
1159 1970 1233 2001 Mil.
1260 1973 1309 2001 13.
1346 1969 1512 1999 crudelius
1535 1969 1674 2009 punitus

943 2019 1006 2053 est,
1023 2025 1123 2055 quam
1139 2020 1211 2044 erat
1227 2014 1444 2044 humanitatis
1459 2022 1543 2043 meae
1557 2016 1675 2052 postu-

942 2059 1021 2089 lare.
1046 2059 1139 2089 Cato.
1160 2061 1187 2088 1.
1211 2058 1448 2087 humanitatem
1467 2056 1676 2098 (aequitatem

943 2104 979 2133 in
996 2103 1092 2133 rebus
1116 2101 1272 2131 humanis
1295 2098 1452 2138 ferendis)
1472 2103 1507 2129 et
1529 2099 1676 2139 pruden-

944 2147 1028 2177 tiam
1058 2145 1198 2176 Athenis
1229 2145 1430 2184 deportasse.
1465 2143 1530 2173 Off.
1553 2143 1599 2172 iii.
1622 2144 1677 2173 23.

946 2190 1092 2220 utilitate
1124 2190 1234 2229 potius
1266 2188 1363 2227 dirigi
1393 2187 1552 2224 officium,
1576 2195 1677 2225 quam

947 2234 1165 2264 humanitate.
1189 2231 1364 2262 Phi1.ii.4.
1389 2231 1604 2262 humanitatis
1620 2239 1678 2259 ex·

948 2287 1035 2318 pers,
1052 2277 1108 2316 qui
1133 2277 1243 2306 literas
1266 2275 1328 2305 sibi
1343 2275 1383 2305 ab
1401 2274 1508 2304 amico
1524 2274 1678 2313 scriptas,

949 2328 1050 2361 rupta
1075 2320 1236 2356 amicitia,
1263 2318 1401 2359 profert.
1443 2316 1587 2347 *cultus
1617 2316 1680 2346 hu-

950 2374 1081 2401 manuS,
1096 2364 1174 2394 vitae
1194 2363 1278 2393 ratio
1294 2362 1429 2392 homine
1445 2361 1556 2400 digna.
1587 2361 1680 2390 Sext.

949 2410 1002 2439 42.
1033 2408 1103 2437 vita
1122 2407 1327 2438 humanitate
1349 2404 1524 2445 perpolita.
1558 2403 1616 2434 Or.
1632 2403 1680 2433 iii.

955 2454 1003 2482 15.
1032 2455 1071 2481 ut
1090 2460 1269 2491 puerorum
1286 2453 1416 2479 mentes
1432 2448 1474 2478 ad
1489 2447 1680 2478 humanita-

950 2499 1013 2525 tem
1040 2498 1074 2524 et
1101 2495 1258 2524 virtutem
1286 2494 1502 2532 fingerentur.
1543 2491 1619 2522 Div.
1646 2490 1683 2520 ii.

951 2541 1003 2569 38.
1019 2538 1148 2569 barbari
1162 2538 1378 2569 humanitatis
1388 2541 1551 2575 expertes.
1568 2533 1683 2574 *Quia

951 2582 1094 2621 denique
1120 2581 1248 2612 homini
1279 2579 1450 2621 proprium
1481 2584 1532 2608 est
1561 2577 1684 2614 ridere,

951 2625 1059 2659 laetari
1072 2625 1169 2655 rebus
1186 2625 1284 2662 laetis,
1294 2623 1411 2663 jocari.
1438 2622 1495 2653 Or.
1512 2622 1534 2651 i.
1551 2624 1581 2652 8.
1606 2630 1683 2661 pro-

951 2673 1067 2711 pterea
1090 2669 1281 2705 humanitas
1303 2671 1354 2697 est
1375 2667 1478 2696 etiam
1501 2674 1561 2705 pro
1583 2664 1684 2694 urba-

952 2713 1071 2749 nitate,
1094 2712 1216 2752 lepore.
1245 2711 1317 2742 Att.
1334 2710 1355 2740 i.
1376 2712 1425 2740 13.
1455 2708 1504 2739 sal
1527 2707 1683 2738 humani-

950 2758 1027 2786 tatis
1042 2765 1174 2796 sparsae.
1205 2754 1246 2784 ad
1264 2754 1341 2786 Div.
1358 2753 1402 2783 xi.
1420 2755 1472 2787 27.
1502 2751 1606 2792 lepos,
1622 2752 1684 2780 hu-

952 2801 1108 2837 manitas,
1138 2798 1255 2828 literae.
1293 2797 1388 2828 Rosc.
1418 2797 1458 2826 A.
1488 2798 1542 2825 41.
1576 2793 1684 2824 literis

951 2853 1068 2873 eorum
1098 2845 1133 2871 et
1159 2841 1351 2871 urbanitate
1384 2837 1684 2870 ducitur—horum

953 2886 1066 2917 literas
1079 2885 1242 2915 adamarit
1254 2888 1313 2914 aut
1321 2885 1571 2914 humanitatem.
1588 2881 1685 2919 verr.

953 2930 999 2961 iii.
1015 2932 1046 2961 4.
1076 2933 1111 2960 at
1133 2938 1298 2967 sermone,
1316 2932 1351 2959 at
1373 2927 1493 2966 literis,
1508 2930 1544 2957 at
1566 2926 1684 2958 huma«
