1800 3131
206 78 285 117 130

258 176 411 210 Octavius
436 179 620 222 Mamilius,
646 181 717 214 Att.
754 183 798 215 ix.
836 187 885 215 10.
912 194 933 215 a

207 218 390 260 Tarquinio
436 225 572 265 expulso
623 232 741 258 contra
790 228 932 259 Romam

211 265 388 297 excitatur.
417 268 456 298 de
488 278 548 310 quo
576 270 641 302 vid.
671 269 788 304 latoius
818 272 852 302 ii.
885 275 934 303 18.

207 317 272 348 sqq.

253 353 406 394 OEdspus,
423 354 495 386 Fat.
514 359 563 387 13.
582 356 641 387 διο.
662 357 742 390 Laii
754 358 864 398 filius.

255 396 393 436 OEheus,
407 398 506 430 Tusc.
522 400 586 440 Qu.
598 401 632 431 ii.
649 404 680 432 8.
693 401 863 433 Βεῖαηὶνιε
871 411 936 442 pa-

209 443 270 470 ter.

253 483 448 523 OEnomaus,
474 486 515 516 ad
530 487 607 518 Div.
624 487 667 519 ix.
689 488 736 519 16.
762 487 862 519 Tusc.
889 488 935 518 iii.

212 528 262 557 12.
277 526 404 566 fabula
419 530 520 560 Accii.

249 571 291 601 A.
327 570 469 613 Offilius,
501 573 542 604 ad
582 574 660 604 Div.
690 574 746 604 vii.
776 576 828 605 21.
863 572 936 604 Att.

211 613 280 644 xiii.
299 617 351 649 37.
376 615 496 653 JCtuS,
523 615 618 657 eujus
642 618 743 647 etiam
774 617 938 657 Ulpianus

207 659 397 689 mentionem
401 658 495 699 facit
509 659 638 699 Digest.
655 660 697 690 lv.
714 664 744 691 1.
759 661 798 691 de
822 671 856 691 eo
870 661 935 692 vid.

205 699 395 732 Dodwelws
417 704 451 733 in
480 703 626 742 Append.
651 703 755 735 Proel.
783 704 935 736 Camden.

203 753 241 783 p.
258 748 330 778 780.

255 787 395 828 Ofillius,
410 789 452 819 ad
467 789 544 820 Div.
556 789 680 822 xvi.24.
696 778 834 821 creditzir
850 790 935 822 Cice-

206 833 302 862 ronis.
347 832 442 863 Forte
453 833 537 863 idem
552 843 628 864 cum
637 835 847 875 proecedente.

254 874 376 913 Oileus,
391 875 420 906 T
423 886 490 907 usc.
507 877 555 907 iii.
571 879 624 912 29.
640 876 751 920 Ajacis
759 882 868 918 pater.

251 917 430 959 Olympias,
456 921 534 950 Div.
560 921 582 951 i.
609 923 661 952 23.
693 922 823 961 peperit
857 921 935 951 Ale·-

205 961 370 992 xandrum
387 973 427 993 ea
443 967 555 1002 nocte,
568 974 635 1002 qua
651 964 770 995 Dianae
780 964 933 1005 Ephesiae

204 1005 372 1045 templum
388 1007 617 1047 conflagravit.
640 1007 820 1048 Magorum
836 1008 876 1038 de
892 1018 933 1039 ea

204 1056 238 1079 re
256 1059 464 1089 responsum.

250 1091 392 1130 Onasus,
410 1094 621 1133 Segestanus.
640 1094 736 1125 Verr.
751 1104 782 1124 v.
798 1097 852 1126 45.

249 1135 349 1176 OpaS,
380 1137 424 1167 N.
446 1138 488 1168 D.
521 1138 568 1168 iii.
600 1140 652 1169 2⁶3.
674 1149 736 1178 pro
762 1148 822 1178 quo
847 1141 933 1169 recte

203 1179 350 1210 Davies:
387 1180 525 1219 Pham,
559 1181 728 1212 Vulcanus
758 1183 932 1222 AEgyptio-

205 1232 280 1253 rum
294 1224 443 1262 nomine,
457 1223 535 1254 Nilo
553 1230 664 1263 natus,
681 1230 793 1255 custos
809 1226 933 1266 AEgyp-

203 1267 241 1297 ti.
255 1277 286 1297 v.
311 1267 490 1307 Jablonshy
514 1268 689 1299 Pantheon
703 1269 847 1309 AEgypt.
865 1271 887 1299 l.
910 1270 931 1299 i.

204 1321 230 1340 ι’.
248 1312 279 1342 2.
291 1320 325 1350 p.
341 1313 394 1342 45.

249 1353 446 1394 Ophiuchus,
463 1353 543 1384 Nat.
560 1354 604 1385 D.
620 1355 654 1386 ii.
669 1357 723 1387 42.
738 1355 842 1386 sidus.

245 1397 288 1429 L.
320 1397 480 1437 Opimius,
506 1398 550 1439 ‚Q-
577 1398 614 1430 F.
641 1398 713 1429 InV.
741 1400 776 1429 ii.
804 1402 858 1430 34.
890 1410 930 1431 eo

202 1446 344 1481 praetore
361 1441 401 1471 de
427 1442 657 1481 conjuratione
673 1443 837 1483 suspectis
854 1442 930 1474 Fre-

200 1484 340 1524 gellanis
356 1495 491 1515 causam
514 1486 605 1525 apud
630 1496 707 1517 eum
732 1486 817 1517 dixit
839 1487 931 1528 prin-

201 1538 278 1568 ceps
309 1538 426 1559 eorum
454 1529 667 1559 Numitorius
705 1529 834 1568 Pullus,
872 1532 930 1571 qui

200 1581 279 1602 cum
305 1572 506 1602 seditionem
536 1573 749 1613 prodidisset,
779 1574 820 1604 ab
850 1574 933 1615 Opi-

199 1616 267 1645 mio
276 1615 434 1655 Fregellae
446 1620 662 1656 oppugnatae,
677 1617 711 1646 in
724 1616 929 1648 deditionem

201 1663 349 1699 acceptas
376 1664 411 1689 et
426 1658 546 1689 dirutae
578 1664 669 1690 sunt.
686 1660 729 1691 cf.
752 1661 869 1700 Agrar.
893 1663 927 1693 ii.

201 1706 286 1733 extr.
303 1708 333 1733 et
351 1703 462 1733 Vellei.
480 1704 513 1733 ii.
530 1704 562 1734 6.
596 1703 696 1734 Catil.
712 1704 734 1734 i.
749 1707 778 1737 2.
795 1705 825 1734 ei
841 1715 927 1746 resp.

201 1747 414 1785 permittitur
444 1746 479 1776 in
509 1746 674 1777 seditione
707 1747 746 1779 C.
772 1747 928 1787 Gracchi,

202 1789 258 1820 ΒΓ.
281 1793 334 1821 34.
365 1800 386 1820 a
414 1789 538 1830 populo
568 1790 741 1821 absolutus
768 1791 808 1821 de
839 1793 929 1823 eaede

201 1832 355 1864 Gracchi.
372 1843 391 1863 a
414 1833 616 1864 Gracchanis
633 1834 805 1874 judicibus
821 1836 930 1866 subla-

202 1880 257 1906 tus
280 1881 344 1915 est,
376 1887 454 1907 cum
486 1882 604 1908 contra
633 1878 785 1909 studium
814 1880 929 1920 populi

200 1921 359 1951 stetisset.
376 1921 463 1951 conf.
479 1921 592 1952 Plane.
609 1923 662 1953 28.
685 1922 742 1953 Or.
755 1923 789 1952 ii.
806 1924 859 1953 ⁶25.
891 1923 928 1954 C.

201 1963 352 1996 Graccho
379 1964 571 2003 interfecto,
598 1975 675 1995 cum
702 1965 929 2005 consulatum,

199 2017 295 2047 quem-
319 2019 351 2038 a.
378 2016 542 2038 Dcxxxnl.
567 2011 679 2048 gessit,
708 2009 928 2050 deposuisset,

203 2060 277 2081 rcus
292 2051 402 2082 factus
419 2057 471 2082 est
487 2052 528 2082 ad
543 2052 707 2092 populum
724 2064 744 2083 a
770 2053 806 2083 P.
822 2054 928 2084 Decio

200 2095 337 2124 tribuno
353 2095 440 2135 pleb.
456 2095 605 2126 defendit
624 2096 661 2126 C.
678 2096 785 2127 Carbo
801 2097 928 2128 consul.

202 2136 298 2169 Brut.
316 2141 367 2169 83.
384 2139 424 2169 ab
441 2149 480 2169 eo
496 2140 613 2169 vinum
641 2139 858 2180 Opimianum
883 2141 931 2171 di-

201 2181 300 2212 citur.
345 2183 435 2212 Sext.
453 2183 505 2217 67.
520 2183 713 2224 sepulcrum
730 2185 801 2224 ejus
830 2185 867 2214 in
889 2184 928 2215 li-

202 2229 275 2255 tore
287 2225 498 2264 Dyrrhachii.

243 2268 288 2309 Q.
320 2267 479 2308 Opimius,
507 2271 602 2301 Orat.
627 2271 663 2301 ii.
679 2271 732 2302 68.
757 2270 874 2302 consul
896 2281 931 2302 a.

204 2317 320 2342 Dxclx.

246 2356 290 2396 Q.
312 2354 471 2396 Opimius,
489 2357 531 2387 L.
550 2357 588 2388 F.
603 2357 647 2398 Q.
665 2358 714 2389 N.
729 2358 823 2389 verr.
840 2358 861 2388 i.
877 2358 930 2389 60.

200 2403 349 2437 senator,
375 2407 550 2430 accusatus
586 2406 638 2431 est
671 2401 760 2441 apud
785 2402 822 2432 C.
849 2401 931 2432 Ver-

201 2450 272 2472 rem
284 2449 476 2482 praetorem‚
486 2444 576 2483 quod
588 2444 622 2474 in
632 2445 810 2475 tribunatu
826 2445 931 2475 inter-

201 2486 355 2516 cessisset
378 2492 495 2517 contra
511 2487 620 2527 legem
637 2487 838 2518 Corneliam.
863 2489 931 2519 Hic

204 2528 353 2568 Opimius
368 2531 396 2560 is
409 2535 467 2567 est,
482 2533 539 2571 qui
565 2532 638 2562 trib.
644 2531 723 2571 suit
736 2532 778 2564 L.
799 2532 930 2563 Octavio

197 2577 230 2607 et
251 2572 284 2602 C.
306 2573 396 2603 Cotta
416 2574 493 2604 Cbss.
508 2583 714 2606 a.DCLxxlx.

249 2615 412 2656 Opimius,
428 2617 609 2656 Veientind,
624 2619 849 2658 Tromentina,
860 2620 929 2651 An-

200 2660 275 2691 tias.
298 2659 368 2689 Att.
386 2661 427 2690 iv.
446 2661 621 2699 16.judex.
637 2672 667 2692 v.
691 2663 798 2694 Graev.

245 2702 304 2742 Sp.
340 2703 451 2742 Opiccs,
482 2706 559 2742 sive,
583 2710 621 2735 ut
642 2707 702 2736 celii
731 2709 856 2744 volunt,
883 2706 927 2738 P.

202 2744 314 2785 Opius.
340 2746 424 2777 Phil.
442 2748 488 2778 iii.
509 2752 557 2778 10.
575 2750 780 2788 provinciam
797 2751 859 2781 sibi
886 2751 927 2781 ab

197 2788 345 2820 Antonio
359 2790 472 2821 datam
489 2793 664 2823 recusavit.
680 2803 711 2825 v.
723 2798 787 2824 not.

245 2831 362 2874 Oppia,
386 2833 427 2865 ad
450 2835 526 2868 Div.
543 2836 612 2867 xiii.
639 2837 692 2868 28.
738 2837 787 2875 M.
804 2837 927 2872 Mindii

197 2883 293 2907 ΕΧΟΓ.

729 92 876 122 INDEX
905 92 935 121 H
942 92 1185 124 ts'romcus.

1026 184 1231 225 Oppianicus.
1250 184 1384 216 Cluent.
1411 187 1442 216 4.
1463 182 1520 224 dfe.
1534 189 1581 218 est
1597 185 1697 218 Statii

977 227 1065 259 Albii
1082 239 1265 268 cognomen.

1025 270 1131 313 Oppii,
1147 272 1218 304 Att.
1230 273 1284 303 vii.
1304 275 1351 304 13.
1364 272 1431 302 viii.
1449 275 1479 306 7.
1504 283 1536 303 x.
1551 275 1583 305 4.
1598 273 1704 304 foene-

978 320 1116 346 ratores.

1028 359 1085 389 Cn.
1106 359 1238 400 Oppius,
1253 359 1347 399 Quir.
1364 370 1395 399 p.
1420 358 1516 389 redit.
1543 361 1573 390 5.
1602 368 1703 399 gene-

980 411 1055 432 rum
1067 403 1139 432 Sex.
1156 403 1297 432 Atilium
1313 406 1490 433 Serranum
1516 402 1643 432 tribun.
1658 401 1704 442 pl.

980 445 1016 475 P.
1033 446 1168 475 Lentuli
1187 446 1338 476 relationi
1361 446 1400 476 de
1426 447 1585 476 Cicerone
1610 455 1704 476 revo-

983 488 1088 518 cando
1113 489 1376 519 intercedentem
1400 490 1440 520 ab
1464 489 1705 520 intercessione

981 538 1124 561 revocat.
1141 532 1182 562 cf.
1199 533 1269 562 Att.
1284 534 1325 563 iv.
1343 535 1374 564 Q.

1024 575 1066 605 L.
1088 574 1218 616 Oppius,
1229 576 1275 606 M.
1292 576 1443 607 F.F1ace.
1460 579 1508 607 13.
1524 585 1624 615 eques
1638 573 1706 605 Ro-

981 628 1111 648 manus.
1136 618 1177 648 ad
1189 620 1264 649 Div.
1282 619 1349 649 xiii.
1362 621 1611 660 43.negotiator
1626 618 1705 649 Phi·

980 661 1117 692 lomelii.

1022 706 1071 736 M.
1091 705 1223 746 Oppius,
1237 704 1284 735 M.
1302 705 1337 736 F.
1356 705 1541 738 Twentind.
1566 706 1608 737 ad
1624 707 1707 738 Div.

977 750 1045 779 viii.
1058 753 1088 780 8.

1023 793 1068 823 P.
1097 792 1229 833 Oppius,
1260 792 1311 822 Fr.
1340 792 1398 823 Or.
1428 803 1488 833 pro
1518 793 1553 824 P.
1582 793 1703 834 Oppio-

978 836 1058 868 Fuz't
1087 840 1224 875 quoestor
1247 836 1296 866 JlI.
1333 837 1439 873 Cottoe,
1469 838 1526 876 qui
1554 846 1630 866 cum
1659 836 1702 867 L.

982 880 1121 910 Lucullo
1155 880 1270 910 Consul
1288 880 1379 920 filit,
1409 880 1604 919 Bithyniam
1625 879 1706 910 obti-

978 925 1064 960 nuit,
1088 927 1118 953 et
1148 924 1264 954 bellum
1294 924 1450 954 adversus
1475 922 1705 954 lmthridatem

978 968 1064 996 neate
1074 968 1184 1006 gessit.
1199 977 1229 997 v.
1246 968 1417 998 Patricius
1437 967 1483 997 ad
1497 965 1554 997 Fr.
1575 966 1631 997 Or.
1641 976 1706 1008 pro

984 1009 1033 1041 Ο)
1056 1011 1094 1040 io.

1007 1020 1156 1094 lgppzus,
1180 1053 1221 1083 ad
1246 1053 1322 1084 Div.
1345 1054 1380 1084 ii.
1410 1053 1460 1084 16.
1487 1054 1706 1093 magistratus

959 1080 1071 1137 ‘spem
1097 1097 1208 1127 habet.
1241 1097 1313 1128 Att.
1335 1107 1366 1127 v.
1393 1100 1421 1126 l.
1455 1096 1593 1128 Caesaris
1620 1098 1705 1128 ami·

978 1150 1047 1170 cus.

1026 1185 1058 1215 C.
1095 1183 1232 1222 Sergius
1258 1182 1375 1213 Orata.
1402 1183 1474 1214 Fin.
1500 1184 1534 1214 ii.
1562 1186 1614 1216 22.
1638 1184 1703 1215 Off.

978 1228 1024 1257 iii.
1065 1228 1114 1258 16.
1139 1228 1222 1257 emit
1250 1237 1269 1256 a
1294 1227 1344 1257 M.
1371 1227 1480 1257 Mario
1505 1227 1703 1258 Gratidiano

978 1271 1077 1302 aedes.
1093 1271 1150 1301 Or.
1165 1272 1186 1301 i.
1203 1274 1255 1305 39.
1270 1271 1424 1301 scribitur
1437 1271 1573 1302 Aurata.

1022 1315 1066 1345 P.
1086 1314 1213 1352 Orbius,
1240 1314 1338 1344 Brut.
1360 1317 1414 1345 48.
1440 1315 1572 1345 auditor
1585 1314 1625 1346 T.
1640 1314 1702 1345 Ju-

977 1359 1082 1388 ventii
1098 1359 1133 1388 in
1150 1358 1227 1396 jure
1243 1357 1345 1394 civili,
1361 1367 1429 1387 non
1445 1358 1581 1389 inferior
1595 1359 1702 1398 magi-

975 1406 1056 1432 stro.
1070 1402 1179 1432 Flacc.
1190 1404 1243 1432 31.
1259 1406 1384 1440 praetor
1398 1402 1432 1431 in
1444 1401 1532 1432 Asia.

1023 1444 1164 1482 Orbana,
1200 1444 1244 1474 N.
1272 1445 1315 1474 D.
1349 1445 1396 1475 iii.
1421 1448 1473 1477 25.
1496 1446 1582 1483 Dea,
1609 1445 1706 1485 cujus

975 1488 1142 1529 templum
1157 1489 1274 1519 Romae
1299 1488 1385 1518 fuit:
1420 1490 1593 1520 orbitatem
1607 1498 1703 1520 uver-

977 1536 1044 1562 tere
1059 1533 1195 1562 eredita.

1024 1575 1057 1606 C.
1087 1575 1275 1613 Orchinius,
1301 1585 1334 1615 p.
1361 1574 1497 1606 Cluent.
1513 1578 1565 1607 34.
1591 1580 1627 1606 et
1649 1578 1703 1607 53.

977 1619 1105 1658 collega
1120 1619 1289 1649 Ciceronis
1306 1620 1340 1649 in
1352 1622 1509 1658 praetura.

1024 1662 1057 1692 C.
1072 1662 1259 1700 Orcininus,
1274 1662 1372 1692 Petit.
1384 1662 1519 1692 Consul.
1533 1666 1562 1694 5.
1575 1663 1705 1693 amicus

975 1705 1025 1736 M.
1052 1706 1232 1736 Ciceronis.
1260 1705 1390 1743 Vereor,
1416 1715 1456 1736 ne
1481 1707 1566 1736 idem
1589 1716 1705 1737 nomon

974 1751 1018 1780 sit
1032 1759 1108 1780 eum
1118 1750 1327 1789 proeeedente.
1357 1749 1428 1780 (hd.
1467 1749 1583 1780 Putat.
1623 1750 1705 1781 Cor-

976 1793 1103 1823 chivius
1117 1805 1123 1823 :
1149 1793 1245 1824 Forte
1260 1798 1290 1824 et
1300 1791 1444 1835 ejusdem
1460 1794 1607 1824 hominis.

1022 1836 1159 1874 Orestes,
1175 1836 1275 1866 Tusc.
1291 1837 1338 1866 iii.
1363 1839 1392 1867 5.
1417 1836 1573 1867 furiosus.
1590 1836 1662 1867 Fin.
1679 1836 1703 1866 i.

976 1882 1028 1912 20.
1046 1881 1105 1910 ἃς.
1123 1881 1221 1910 amici
1235 1879 1438 1919 exemplum.

1024 1923 1081 1955 Cn.
1113 1923 1250 1961 Orestes,
1276 1934 1316 1954 ex
1337 1923 1492 1960 Aureliis,
1508 1933 1569 1962 pro
1590 1921 1705 1953 Plane.

975 1968 1028 1997 21.
1044 1968 1079 1997 in
1095 1968 1259 2007 petitione
1274 1967 1468 1997 tribunatus
1483 1966 1570 2006 pleb.
1593 1966 1706 2007 repul-

976 2020 1047 2040 sam
1070 2011 1162 2041 tulit.
1207 2011 1271 2041 Off.
1287 2011 1323 2040 ii.
1341 2013 1390 2044 17.
1406 2010 1438 2040 ei
1452 2009 1593 2050 prandia
1604 2011 1639 2040 in
1653 2020 1704 2040 se-

976 2055 1066 2084 mitis
1095 2055 1244 2084 decumae
1272 2055 1407 2093 nomine
1434 2063 1558 2092 magno
1583 2053 1703 2083 honori

974 2097 1078 2128 fuere.
1102 2098 1202 2128 Doni.
1222 2100 1271 2128 13.
1299 2108 1319 2127 a
1335 2097 1396 2127 Cn.
1411 2096 1544 2126 Aufidio
1567 2097 1707 2137 adopta-

975 2146 1042 2172 tus.
1058 2142 1143 2171 unde
1167 2141 1228 2171 Cn.
1258 2140 1411 2171 Aufidius
1436 2141 1570 2170 Orestes
1599 2140 1706 2174 dietus

976 2189 1031 2214 est.
1053 2184 1170 2215 Consul
1179 2184 1256 2224 fuit
1271 2194 1345 2215 cum
1372 2183 1417 2214 P.
1441 2183 1581 2214 Lentulo
1597 2182 1703 2222 Sura,

976 2238 1008 2258 a.
1026 2237 1211 2258 DCLxxxul.

1021 2272 1063 2302 L.
1086 2272 1223 2309 Orestes,
1249 2270 1345 2301 Brut.
1361 2272 1414 2302 ⁶28.
1471 2269 1598 2301 Consul
1625 2279 1704 2300 cum

977 2315 1024 2346 M.
1054 2315 1181 2355 Lepido
1209 2325 1242 2345 a.
1267 2322 1422 2344 Dcxxvn.
1466 2313 1521 2345 De
1549 2314 1588 2344 L.
1609 2318 1641 2345 et
1671 2313 1706 2344 C.

982 2357 1092 2389 Oreste
1109 2359 1150 2389 L.
1168 2359 1205 2389 F.
1220 2369 1250 2388 v.
1264 2359 1298 2387 in
1314 2356 1480 2387 Aurelius.

1025 2401 1179 2433 Orestilla
1211 2401 1363 2438 Aurelia,
1392 2400 1434 2431 ad
1469 2400 1544 2431 Div.
1576 2399 1642 2430 viii.
1671 2403 1705 2435 7.

979 2445 1131 2475 Catilinae
1148 2445 1266 2475 amica.

1019 2489 1068 2519 M.
1089 2488 1213 2529 O›fius,
1240 2487 1282 2517 ad
1305 2487 1381 2517 Div.
1408 2486 1462 2516 vii.
1486 2489 1516 2517 5.
1541 2490 1576 2516 et
1592 2486 1635 2517 ad
1661 2486 1703 2526 Ω.

977 2532 1028 2563 Fr.
1063 2533 1096 2563 ii.
1129 2535 1178 2562 14.
1208 2540 1322 2561 nomen
1354 2531 1490 2560 hominis
1520 2529 1638 2561 Coesari
1668 2531 1704 2559 iu

982 2577 1095 2606 Gallia
1123 2575 1348 2611 commendati,
1376 2575 1453 2604 item
1489 2573 1533 2614 Q.
1577 2573 1704 2604 Fratri.

977 2619 1043 2650 Sed
1059 2618 1251 2650 Ttmstallus
1264 2629 1300 2658 p.
1323 2619 1391 2647 115.
1416 2617 1589 2655 leg-endum
1598 2621 1704 2657 putat

976 2664 1127 2700 Curtius,
1143 2666 1181 2692 ut
1196 2667 1227 2692 et
1247 2661 1418 2692 Corradus.
1440 2671 1470 2690 v.
1485 2664 1551 2691 not.

1022 2706 1134 2743 Orion,
1152 2706 1191 2735 de
1207 2705 1250 2735 N.
1268 2706 1310 2735 D.
1327 2704 1360 2734 ii.
1377 2706 1430 2734 44.
1447 2703 1549 2733 sidus.

1022 2749 1188 2788 Orithyia,
1203 2748 1283 2787 Leg.
1300 2748 1320 2777 i.
1337 2749 1369 2778 2.
1390 2747 1430 2776 ab
1446 2747 1610 2785 Aquilone
1625 2746 1705 2777 sub-

971 2793 1041 2824 lata
1054 2805 1060 2822 :
1079 2793 1270 2828 Erechthei,
1279 2791 1482 2821 Athenimsis
1491 2790 1706 2830 Reg·is,filia.

1020 2836 1150 2873 Orodes,
1174 2835 1216 2865 ad
1240 2835 1318 2865 Div.
1344 2844 1396 2865 κν.
1426 2837 1454 2864 1.
1499 2833 1571 2867 Att.
1592 2843 1623 2866 V.
1651 2835 1702 2865 [Β.

969 2879 1043 2914 Rex
1057 2879 1269 2913 Parthorum.
1286 2888 1318 2911 v.
1337 2877 1495 2912 Arsaces..
