1800 3131
212 81 266 120 82

191 180 350 208 exercet.
374 175 469 209 Bmt.
491 175 538 211 15.
561 177 686 220 primus
707 181 784 219 fuit,
799 181 855 222 qul
869 181 937 212 elo-

209 229 312 258 quens
329 220 442 251 Romae
463 221 577 253 fuitet
598 221 729 254 habitus
749 230 807 255 cst.
852 224 938 255 Belli

209 260 325 292 Punici
353 263 387 294 ii.
412 268 561 304 tempore
593 265 687 304 vixit,
715 267 751 297 P.
778 266 938 298 Tuditani

189 319 192 321 Δ
212 304 349 344 Collega
362 306 396 335 in
411 306 594 338 Consulatu
609 308 666 338 &c.

252 346 298 377 Ρ.
317 348 485 387 chalegus,
495 349 622 380 Praetor
637 351 680 389 (a.
694 351 737 382 U.
752 349 935 389 DCLxxlx.)

190 388 268 420 ·Br.
293 392 345 421 48.
373 400 475 431 remp.
499 398 658 431 cognorat
681 398 714 423 et
736 394 880 424 tenebat.
905 393 939 422 in

210 436 327 462 senatu
351 433 572 464 consularium
600 435 833 465 auctoritatem
855 444 939 465 asse-

212 474 374 512 quebatur
388 486 397 513 3
422 475 454 505 in
479 476 616 515 publicis
632 478 736 507 causis
753 487 868 516 parum
885 487 938 507 va-

210 515 311 553 lebat,
333 516 367 546 in
393 517 527 557 privatis
542 524 717 550 veterator.
732 519 846 550 Parad.
862 529 891 548 v.
908 522 938 549 3.

189 557 253 588 -Εἰ
281 558 407 589 homini
436 570 502 590 non
531 561 761 600 probatissimo
790 561 939 591 homines

211 600 404 641 amplissimi
437 603 597 639 serviunt,
626 613 764 634 munera
797 604 939 634 mittunt

191 667 194 671 .
211 643 269 674 ἃς.
292 644 535 683 provinciarum
557 648 628 685 ejus
648 646 846 676 auctoritate
861 656 938 676 con·

209 685 444 724 sequendarum
468 697 575 717 causa.
619 687 763 726 Respicit
788 689 940 728 inprimis

209 728 257 757 ad
269 728 311 758 L.
328 728 518 758 Lucullum.
532 739 562 759 v.
576 728 753 762 Plutarch.
766 732 802 761 in
814 731 938 761 Lucul-

210 769 250 800 lo.
257 779 292 809 p.
302 773 375 803 495.
387 771 434 801 ed.
450 770 588 802 [Veclael.
613 771 668 802 De
679 773 785 803 eodem
804 773 939 813 Cethego

209 813 301 851 capio
317 813 419 842 locam
431 823 493 852 pro
513 813 641 844 Cluont.
659 825 685 845 c.
702 817 753 846 31.

257 854 399 890 Choerea,
423 865 481 895 pro
504 857 545 896 Ω.
575 857 694 887 Roscio
715 868 808 898 saepe,
831 864 878 888 est
901 857 938 888 C.

209 895 352 926 Fannius
367 897 513 930 Cliaerca.

258 937 504 978 Choerestracus,
517 943 549 973 S.
564 941 660 972 Rosc.
678 942 726 972 16.
741 951 861 972 nomen
875 943 938 973 Co-

210 989 344 1011 micum.

257 1022 453 1065 Chaerippus,
469 1026 531 1056 vid.
553 1026 740 1066 Cherippus.

257 1065 402 1104 Choeron,
415 1068 487 1099 Att.
504 1070 546 1098 vi.
560 1071 590 1099 ⁶2.
615 1069 761 1105 Graecus,
775 1069 828 1108 qui
842 1068 937 1099 indu-

208 1107 296 1138 citur
318 1109 351 1139 in
367 1110 551 1142 Dicaearchi
574 1111 670 1148 libro,
686 1122 718 1142 v.
734 1113 770 1142 in
792 1112 937 1142 Dieaear-

208 1150 301 1182 chus.

257 1193 389 1229 Chares,
414 1195 495 1226 Her.
513 1196 555 1226 iv.
570 1196 601 1227 6.
629 1197 745 1236 Lyndo
767 1197 936 1233 oriundus,

207 1238 404 1274 statuarius,
422 1238 559 1278 Lysippi
581 1240 769 1279 discipulas,
782 1240 837 1278 qai
858 1241 938 1269 cele-

209 1277 296 1307 brem
310 1279 405 1309 illam
422 1281 505 1311 Solis
520 1283 673 1312 colossum
687 1281 866 1318 Rhodium,
882 1284 937 1321 qui

205 1320 294 1350 inter
304 1326 424 1359 septem
439 1325 603 1354 miracala
615 1325 867 1359 numerabatur,
878 1323 937 1363 fe-
965 1354 968 1358 ,

205 1362 261 1392 cic.
306 1364 399 1394 I'lt'n.
417 1367 520 1397 xxxiv.
535 1369 564 1397 8.
587 1366 713 1398 ,lanius
728 1367 764 1397 in
782 1366 937 1406 Catalogo

207 1403 384 1437 Pictorum
395 1407 450 1448 &0-

255 1447 479 1486 Charidemus,
493 1450 624 1482 Verrin.
640 1451 662 1481 i.
679 1453 730 1482 20.
756 1451 868 1482 Chius.

254 1490 432 1529 Charisius,
450 1493 545 1524 Brut.
562 1497 613 1524 83.
649 1494 771 1524 Orator
791 1494 935 1530 Atticus,

205 1533 329 1563 multas
349 1535 513 1566 orationes
541 1536 612 1566 aliis
635 1536 778 1577 scripsit,
802 1535 936 1577 Lysiam

206 1575 338 1606 volebat
353 1577 485 1608 imitari.

252 1618 459 1656 Charmidas,
476 1620 527 1650 vel
548 1620 764 1657 Charmadas,
779 1621 878 1652 Acad.
893 1622 934 1653 iv.

203 1659 234 1690 6.
259 1661 433 1692 Carneadis
456 1663 607 1700 anditor3
631 1663 800 1702 eloquens,
814 1666 936 1704 vulgo.-

209 1702 403 1740 Carnmdes,
413 1704 523 1744 confir
536 1705 575 1735 de
587 1705 682 1736 Orat.
694 1705 716 1737 i.
733 1710 765 1736 et
774 1707 818 1736 ibi
828 1707 936 1738 Pear-

204 1745 303 1775 cium.
327 1747 402 1776 add.
429 1747 536 1786 Voles,
562 1747 704 1779 Emend.
729 1748 749 1778 i.
765 1751 816 1783 529.
839 1754 870 1779 ec
893 1750 937 1780 ibi

205 1786 282 1817 Pet.
310 1788 550 1820 Bur-mannam
578 1789 616 1821 V.
652 1791 686 1821 C.
715 1791 808 1821 Orat.
842 1792 890 1823 16.
918 1802 935 1823 e

206 1829 383 1861 Carneadis
397 1831 524 1870 judicio
552 1832 664 1863 eadem
695 1834 810 1864 eodem
838 1835 936 1865 modo

203 1871 317 1902 docuit
329 1882 467 1914 semper.
491 1875 585 1906 Orat.
600 1875 635 1906 ii.
650 1878 704 1906 88.
726 1876 825 1907 Tuse.
840 1877 863 1908 i.
881 1879 934 1909 24.

203 1913 314 1945 divina
328 1917 487 1947 memoria
500 1917 576 1948 fuit.

252 1956 453 1995 Charondas,
476 1959 556 1998 Leg.
571 1960 593 1990 i.
609 1961 663 1991 22.
687 1959 858 2000 legislator
873 1961 935 1992 Ca-

190 1999 390 2030 tanensium
404 2006 438 2032 et
453 2001 594 2033 aliorum
608 2002 806 2034 Siculorum.

204 2082 233 2114 V
252 2040 415 2081 Chelidon,
442 2043 535 2075 Verr.
563 2045 586 2075 i.
610 2047 665 2076 40.
693 2047 751 2076 &a
779 2047 935 2078 meretrix

235 2093 327 2116 cri-is.

251 2126 377 2167 Chelys,
394 2126 432 2158 de
448 2128 492 2159 N.
509 2129 554 2160 D.
570 2129 606 2161 ii.
620 2131 672 2161 44.
688 2129 789 2161 sidus.

252 2168 439 2209 Chat-ippus,
454 2171 495 2202 ad
510 2173 587 2203 Div.
601 2172 655 2203 xii.
669 2173 722 2204 22.
738 2173 776 2202 it.
790 2175 842 2203 30.
858 2182 933 2203 cum

204 2209 382 2243 Cornificio
399 2213 433 2243 in
446 2214 558 2246 Africa
570 2215 650 2245 fuit.
672 2214 744 2245 Att.
756 2215 798 2246 iv.
812 2219 843 2248 7.
858 2225 889 2246 v.
902 2218 934 2246 4.

190 2252 267 2292 ,Ωιι
285 2254 336 2284 Fr.
351 2255 372 2285 i.
391 2258 418 2285 l.
433 2258 465 2287 4.
493 2256 533 2288 de
556 2257 692 2288 cohorte
715 2257 870 2298 praetoria
891 2258 934 2298 Ω.

204 2295 373 2326 Ciceronis
387 2298 420 2327 in
438 2299 515 2330 Asia
526 2300 602 2330 fuit.

190 2366 192 2368 ,
251 2337 385 2376 Chilius,
399 2340 471 2372 Att.
488 2342 510 2372 i.
525 2346 555 2376 9.
580 2343 629 2374 12.
643 2345 756 2383 poeta,
778 2342 806 2372 si
823 2347 936 2373 tamen

202 2380 295 2410 lectio
308 2391 386 2412 vera
398 2387 455 2412 est.

251 2422 351 2460 Chilo,
374 2424 417 2464 Ω.
443 2425 496 2456 Fr.
512 2425 559 2455 iii.
576 2427 608 2456 2.
624 2425 689 2456 vid.
704 2428 825 2458 etiam:
849 2426 934 2458 Cilo.

202 2463 284 2495 item
300 2463 345 2496 iii.
366 2469 392 2496 l.
409 2467 623 2499 architectus.

193 2530 198 2532 -
251 2506 414 2546 chrestus,
430 2509 472 2540 ad
493 2509 572 2541 Div.
595 2510 630 2541 ii.
653 2511 682 2540 8.
698 2509 797 2541 homo
819 2511 936 2543 obscu-

205 2557 270 2580 rus.

252 2591 432 2630 Chr-icilius,
447 2594 544 2625 Brut.
561 2597 613 2628 74.
628 2604 649 2626 a
668 2594 706 2626 C.
722 2595 820 2626 Rufio
839 2607 936 2628 accu-

192 2638 308 2666 satur..

215 2706 218 2708 .
241 2675 395 2715 ,Chrys-es,
411 2677 505 2708 Orat.
529 2678 582 2710 46.
605 2678 768 2719 Apollinis
786 2681 935 2712 sacerdos

198 2728 252 2758 ap.
271 2718 408 2749 Homer.
426 2719 519 2751 Iliad.
535 2726 572 2750 A.
780 2753 783 2755 Α

250 2761 458 2801 Chrysippus,
469 2762 562 2793 Orat.
576 2763 599 2792 i.
614 2766 663 2793 ll.
682 2763 824 2794 Solensis
835 2764 935 2803 Cilix,

190 2803 423 2841 acutissimus,
440 2804 496 2834 'sed
510 2805 543 2834 in
566 2804 703 2835 dicendo
725 2806 817 2836 exilis
834 2811 868 2836 et
883 2807 935 2846 je-

191 2846 314 2885 junus.
349 2846 449 2877 Acad.
466 2847 511 2877 iv.
528 2849 580 2878 523.
596 2847 738 2878 Stoicus.
756 2848 795 2878 de
811 2848 883 2879 Fat.
899 2853 932 2883 7.

201 2887 380 2929 discipulus
396 2888 581 2926 Cleanthis,
593 2900 614 2920 a
631 2899 697 2929 quo
715 2889 935 2936 dissentit5ad

707 93 870 125 1NnEx
894 92 1213 125 HISTO'mcus.

979 181 1056 212 Div.
1070 181 1116 213 ix.
1131 184 1163 213 4.
1178 181 1249 221 ejus
1261 179 1300 212 de
1313 179 1517 223 possibilibus
1529 183 1709 217 sententia.

979 224 1081 254 Acad.
1095 225 1139 255 iv.
1157 226 1208 255 24.
1223 229 1340 254 contra
1354 233 1466 254 sensus
1477 223 1635 266 disputat,
1650 227 1709 258 sed

979 276 1018 297 ea
1030 266 1130 297 etiam
1143 265 1300 297 dissolvit.
1311 268 1362 300 27.
1376 270 1483 297 armat
1493 267 1709 302 Carneadem.

980 310 1031 341 99.
1047 308 1210 347 quomodo
1226 309 1343 339 Soritae
1357 308 1595 340 occurrendum
1610 317 1708 350 puta-

981 350 1036 380 rit.
1055 351 1089 380 in
1105 361 1143 381 eo
1157 350 1280 381 ridetur
1295 361 1313 382 a
1328 351 1506 382 Carneade.
1529 351 1600 383 Fin.
1616 353 1639 383 i.
1655 356 1706 385 ll.

980 393 1051 430 ejus
1077 392 1218 423 sedentis
1243 397 1355 423 statua.
1376 398 1526 433 porrecta
1546 403 1649 424 manu
1671 388 1708 426 i‘n

982 434 1151 464 Ceramico
1166 435 1245 474 quid
1257 436 1444 473 significet?
1466 436 1511 466 iii.
1527 438 1580 467 530.
1594 437 1712 469 omnia

981 474 1154 506 hominum
1172 487 1269 508 causa
1281 487 1349 508 esse
1366 484 1444 508 nata
1459 478 1552 508 dixit.
1567 478 1666 509 Tuse.
1681 481 1707 512 i.

980 519 1033 548 45.
1046 518 1081 549 in
1095 519 1185 548 omni
1199 521 1356 550 memoria
1368 521 1523 550 curiosus.
1532 520 1613 551 Nat.
1626 520 1670 551 D.
1683 522 1708 553 i.

982 561 1034 590 34.
1049 569 1069 590 a
1090 561 1223 591 Zenone
1242 561 1402 601 Epicureo
1425 563 1605 602 Chesippus
1628 563 1708 594 dici-

981 607 1048 632 tur.
1066 602 1100 632 ii.
1117 603 1167 632 (54.
1190 604 1295 643 porcis
1317 604 1460 634 animam
1483 615 1541 644 pro
1556 605 1623 635 sale
1637 615 1708 637 esse

981 643 1078 677 dicit..
1088 644 1126 674 de
1142 645 1219 675 Div.
1233 645 1254 676 i.
1274 648 1322 679 19.
1337 646 1470 686 collegit
1484 647 1708 678 innumerabi-

981 685 1026 716 lia
1038 686 1182 724 oracula,
1196 696 1255 717 nec
1271 688 1374 718 ullum
1390 688 1458 719 sinc
1474 689 1636 729 locuplete
1649 700 1708 720 au-

981 733 1083 765 ctore,
1100 734 1158 759 aut
1177 733 1273 759 teste.
1292 729 1325 760 ii.
1345 733 1392 760 15.
1408 731 1526 761 statuit
1541 731 1581 761 ad
1603 731 1709 764 hosti·

980 781 1034 801 am
1047 771 1250 810 deligendam
1261 772 1377 803 ducem
1389 782 1457 802 esse
1466 773 1530 802 vim
1542 774 1707 812 quandam

980 814 1178 844 sentientem
1189 820 1285 854 atque
1296 814 1452 850 divinam,
1464 825 1535 854 quae
1545 820 1619 845 toto
1629 827 1708 848 con-

981 855 1053 885 fusa
1068 855 1190 886 mundo
1205 857 1258 887 sit.
1276 857 1346 888 Fat.
1363 859 1394 887 4.
1411 856 1479 896 ejus
1494 857 1612 896 laquei.
1629 858 1706 892 ibid.

985 901 1032 928 10.
1048 908 1162 928 omnes
1185 908 1298 929 nervos
1314 899 1498 936 contendit,
1517 905 1555 930 ut
1574 909 1709 939 persua·

981 939 1068 976 «icat,
1086 948 1184 971 omne
1206 942 1321 981 ἀξίωμα
1342 946 1401 972 aut
1423 951 1536 972 verum
1559 951 1626 972 esse
1648 948 1708 975 aut

981 981 1113 1013 falsum.
1137 983 1201 1013 Off.
1227 985 1272 1015 iii.
1302 988 1349 1014 10.
1375 986 1443 1022 ejus
1466 984 1546 1014 scite
1568 984 1707 1016 dictum.

980 1023 1026 1054 N.
1041 1024 1084 1054 D.
1097 1024 1118 1054 i.
1137 1028 1183 1056 15.
1195 1029 1266 1066 etius
1277 1026 1349 1056 libri
1362 1026 1427 1056 duo
1439 1026 1478 1056 de
1488 1031 1607 1058 natura
1618 1027 1708 1057 Deo—

982 1076 1068 1103 rum,
1079 1068 1190 1106 quales
1203 1069 1270 1099 sint
1285 1069 1323 1098 de
1339 1069 1410 1098 Diis
1424 1070 1610 1100 sententiae.
1627 1069 1706 1100 Div.

981 1109 1003 1139 i.
1024 1112 1054 1139 3.
1072 1114 1179 1139 totam
1195 1110 1233 1140 de
1252 1111 1452 1141 divinatione
1474 1111 1600 1141 duobus
1615 1111 1707 1142 libris

980 1151 1155 1191 explicavit
1167 1153 1387 1190 sententiam,
1410 1163 1478 1183 uno
1494 1159 1652 1193 praeterea
1666 1155 1706 1185 de

979 1194 1136 1231 oraculi53
1160 1205 1227 1225 uno
1252 1195 1290 1225 de
1315 1195 1461 1225 somniis.
1487 1196 1522 1226 ii.
1546 1197 1597 1226 65.
1623 1196 1707 1227 liber

979 1237 1059 1274 eins.
1106 1237 1175 1266 Fin.
1197 1238 1238 1268 iv.
1269 1240 1299 1268 3.
1328 1237 1457 1276 scripsit
1479 1237 1707 1279 Rhetoricam,

979 1288 1034 1308 scu
1050 1279 1157 1318 potius
1173 1280 1417 1310 obmutescendi
1432 1284 1549 1310 artem.

1027 1322 1234 1361 (stastusippus,
1248 1323 1319 1353 Att.
1343 1322 1396 1352 vii.
1415 1324 1446 1353 2.
1462 1322 1598 1353 libertus
1614 1323 1707 1354 Cice-

980 1363 1068 1393 ronis
1083 1363 1246 1401 literatus,
1262 1364 1398 1397 discedit
1413 1375 1433 1394 a
1451 1363 1519 1394 filio
1534 1364 1706 1402 Cicerone,

979 1405 1014 1435 in
1028 1406 1220 1437 servitutem
1235 1412 1408 1447 propterea
1421 1410 1592 1437 retractus.
1608 1407 1652 1438 xi.
1668 1410 1701 1438 2.

1026 1448 1260 1488 Chrysogonus,
1274 1449 1366 1479 Verr.
1379 1449 1401 1479 i.
1415 1449 1467 1479 36.
1478 1449 1559 1478 servi
1572 1459 1706 1480 nomen.

979 1500 1036 1530 pro
1053 1491 1149 1521 Rosc.
1167 1491 1242 1521 Am.
1257 1501 1347 1531 soepe.
1370 1495 1420 1521 est
1434 1491 1570 1522 libertus
1584 1493 1707 1531 gratio-

977 1543 1031 1563 sus
1044 1533 1154 1563 Sullae.
1172 1534 1210 1564 de
1224 1545 1258 1564 eo
1268 1534 1334 1564 vid.
1352 1533 1446 1563 Pon.
1462 1543 1557 1564 xxxv.
1574 1537 1621 1564 18.

1026 1575 1200 1606 Cicerones.
1226 1577 1265 1606 de
1291 1577 1341 1606 his
1362 1576 1516 1613 leg-endas
1543 1576 1709 1607 Corradus

977 1618 1012 1648 in
1028 1617 1220 1658 Qua'stzc1·a,
1236 1619 1292 1658 qui
1306 1629 1356 1649 eos
1370 1622 1526 1648 accurate
1539 1620 1707 1659 persequi-

978 1665 1046 1690 tar.

1025 1702 1082 1733 Cn.
1107 1702 1225 1739 Cicero,
1242 1702 1314 1734 Att.
1338 1702 1359 1733 i.
1378 1702 1425 1733 16.
1449 1703 1497 1734 ita
1519 1703 1707 1744 appellabat

979 1744 1068 1785 plebs
1095 1745 1268 1785 aliquando
1297 1747 1359 1777 Cn.
1391 1745 1596 1786 Pompeium,
1619 1748 1706 1786 quod

979 1787 1075 1818 nimis
1092 1790 1284 1820 Ciceronem
1297 1788 1459 1827 diligeret.

1020 1830 1063 1861 L.
1087 1831 1204 1867 Cicero,
1219 1830 1277 1860 Or.
1296 1831 1329 1860 ii.
1351 1834 1377 1861 l.
1394 1830 1444 1861 M.
1468 1831 1636 1862 Ciceronis
1650 1842 1707 1872 pa-

977 1876 1084 1903 truus.
1128 1872 1323 1914 Ejusfilius
1336 1873 1375 1903 L.
1390 1873 1504 1903 Cicero
1519 1877 1577 1910 est,
1592 1873 1664 1905 Att.
1685 1876 1708 1905 i.

979 1917 1012 1945 5.
1041 1916 1198 1955 patruelis
1225 1915 1402 1946 Ciceronis.
1441 1915 1534 1948 Eum
1562 1918 1708 1954 appellat

977 1957 1128 1995 fratrem,
1141 1968 1185 1988 sc.
1197 1960 1404 1997 patruelem:
1430 1957 1510 1988 item
1529 1957 1600 1988 Fin.
1627 1968 1659 1990 v.
1680 1963 1708 1991 1.

977 1999 1070 2031 Eam
1104 2002 1285 2030 extinctum
1310 2010 1375 2030 esse
1396 2010 1428 2031 a.
1455 2008 1630 2031 DCLxxxv.
1653 2002 1708 2032 do·-

977 2047 1049 2072 eent
1061 2053 1100 2072 er
1111 2044 1165 2072 illo
1179 2042 1264 2083 (Att.
1279 2042 1299 2073 i.
1314 2043 1359 2081 5.)
1375 2044 1438 2073 loco
1447 2043 1655 2081 Mongaltius
1663 2045 1710 2075 ad

978 2086 1001 2116 l.
1018 2094 1045 2115 c.
1065 2089 1096 2115 ec
1112 2084 1305 2115 Tanstallas
1319 2085 1387 2125 Ep.
1411 2085 1458 2115 ad
1475 2085 1648 2117 Midleton.
1665 2096 1705 2127 p.

977 2129 1094 2161 7—152.
1393 2161 1395 2164 ,

1018 2169 1067 2200 M.
1090 2164 1196 2200 Cicero
1210 2171 1326 2205 Senex.
1342 2170 1397 2201 Or.
1412 2170 1447 2201 ii.
1464 2170 1516 2200 66.
1537 2169 1588 2200 M.
1605 2169 1710 2201 Tullii

983 2212 1142 2243 Ciceronis
1153 2213 1256 2243 nostri
1268 2222 1349 2243 avus
1359 2225 1368 2242 .-
1387 2217 1425 2243 uc
1439 2213 1528 2244 docet
1545 2212 1710 2244 Corradus

976 2255 1012 2284 in
1025 2255 1220 2295 Quoestura.

1018 2297 1070 2328 M.
1098 2298 1216 2334 Cicero,
1233 2297 1284 2328 M.
1295 2297 1407 2337 filius,
1426 2296 1498 2327 Att.
1516 2296 1538 2326 i.
1561 2298 1591 2328 2.
1610 2301 1712 2328 natus

977 2349 1016 2369 ex
1028 2339 1185 2370 Terentia
1196 2340 1235 2370 L.
1249 2340 1376 2371 Caesare
1389 2344 1423 2369 et
1435 2339 1473 2370 C.
1486 2338 1602 2378 Figulo
1616 2340 1708 2371 Coss.

977 2381 1063 2412 Phil.
1080 2392 1112 2413 x.
1130 2383 1160 2413 6.
1177 2382 1305 2421 legatus
1320 2381 1430 2412 Bruti.
1447 2381 1477 2411 ei
1493 2381 1579 2420 legio
1593 2391 1626 2412 se
1640 2387 1709 2412 tra-

977 2424 1072 2460 didit,
1089 2434 1188 2463 quam
1204 2424 1332 2464 legatus
1351 2423 1389 2454 L.
1405 2424 1479 2453 Piso
1496 2423 1634 2455 Antonii
1649 2425 1710 2454 dn-

977 2467 1084 2497 cebat.
1099 2467 1139 2497 ad
1150 2467 1226 2497 Div.
1239 2466 1308 2496 xiii.
1326 2470 1335 2496 l
1348 2469 1372 2496 l.
1388 2466 1504 2496 AEdilis
1519 2466 1634 2506 Arpini
1648 2467 1709 2497 &c.

1020 2509 1065 2550 Q.
1092 2508 1211 2545 Cicero,
1234 2508 1282 2539 sil.
1291 2507 1424 2548 frater,
1447 2508 1487 2538 de
1508 2518 1547 2538 eo
1569 2508 1710 2540 collecta

978 2551 1090 2581 omnia
1117 2551 1292 2590 diligenter
1315 2561 1334 2581 a
1357 2550 1501 2581 Corrado
1523 2550 1650 2590 Quaest.
1671 2561 1707 2591 p.

978 2597 1051 2628 278.
1069 2593 1120 2624 ed.
1141 2592 1229 2633 Lips.
1254 2593 1391 2633 Scripsit
1412 2593 1558 2623 Annales
1579 2593 1621 2624 ad
1636 2593 1710 2624 Att.

979 2637 1015 2667 ii.
1034 2637 1082 2666 16.
1099 2635 1167 2666 xiii.
1186 2639 1234 2666 13.

1020 2678 1065 2719 Q.
1084 2677 1203 2713 Cc'cerm
1213 2678 1368 2719 Q.filius.
1383 2676 1468 2707 Phil.
1479 2676 1525 2706 iii.
1539 2680 1569 2710 7.
1581 2676 1622 2711 ad
1634 2676 1712 2708 Div.

978 2721 1047 2751 xiii.
1075 2722 1124 2755 11.
1150 2720 1266 2751 AEdilis
1289 2720 1416 2759 Arpini.
1439 2719 1510 2750 Att.
1536 2720 1582 2750 xi.
1605 2722 1636 2750 8.
1658 2719 1709 2750 Μ.

980 2764 1173 2794 Ciceronem
1186 2761 1272 2802 apud
1285 2763 1447 2798 Caesarem
1462 2767 1606 2798 accusat,
1620 2761 1711 2792 nefa·

979 2806 1025 2836 ric
1038 2815 1114 2835 cum
1127 2814 1165 2834 eo
1180 2805 1260 2844 agit.

1027 2847 1104 2883 Gallo,
1121 2847 1187 2876 sive
1207 2847 1304 2882 Chilo,
1323 2845 1364 2876 ad
1380 2845 1458 2878 DiV.
1474 2846 1516 2877 vi.
1535 2847 1591 2878 20.
1612 2844 1714 2876 liber-

976 2894 1032 2922 tus
1044 2891 1073 2921 T
1076 2889 1203 2921 orannii
1208 2911 1219 2927 ,
1232 2892 1291 2920 aut
1305 2888 1419 2920 cliens·
