1790 3219
131 89 212 125 428

131 188 196 214 tur.
227 195 257 215 v.
274 194 409 216 munus.
456 185 571 217 Sidera
585 196 664 227 ergo
685 189 787 219 etiam
812 189 875 220 hoc

131 228 268 258 nomine
283 228 454 268 eleganter
470 231 567 269 signa
591 230 762 263 dicuntur.
795 232 875 264 Coel.

131 274 160 302 5.
206 273 305 310 signa
340 273 503 303 virtutum
536 282 603 305 non
635 285 790 316 expressa
818 277 875 307 sed

129 315 337 346 adumbrata.
393 316 523 358 Nempe
554 328 630 348 vera
661 325 695 349 et
727 319 875 360 perfecta

127 358 232 389 virtus
249 365 299 389 est
316 360 450 400 signum
474 370 686 401 expressum:
711 362 744 393 h.
763 374 791 393 e.
817 364 873 393 ab·

125 403 287 441 solutum,
310 403 539 443 elaboratum3
572 406 734 436 naturalis
757 412 871 437 autem

126 446 184 476 illa
200 448 340 478 materia
355 448 500 484 virtutis,
513 458 612 487 quam
629 449 744 479 Cicero
762 454 869 488 vocat,

124 489 187 520 hoc
215 496 279 528 est,
303 492 448 531 impetus
477 492 659 530 naturales,
683 503 723 522 ex
751 493 869 531 quibus

121 543 201 564 vera
223 535 326 564 virtus
351 535 492 565 existere
517 541 639 575 potest,
660 537 742 566 item
767 537 870 566 simu-

123 576 191 607 lata
221 578 338 615 virtus,
370 583 420 608 est
452 580 585 618 signum
617 579 867 610 adumbratum.

122 621 304 652 ‘MarcelL
328 625 354 652 1.
386 622 425 652 ad
452 622 535 651 bene
559 621 598 651 de
622 623 711 652 omni
737 623 866 663 republ.

123 665 338 704 sperandum,
351 666 444 705 quasi
461 667 593 703 signum
606 665 739 704 aliquod
755 670 866 696 sustu-

122 707 202 739 listi.
249 709 397 739 Ductum
427 714 477 738 est
502 718 519 737 e
547 719 581 738 re
612 709 765 746 militari,
789 714 822 739 et
847 721 866 740 a

120 752 229 792 signo,
246 753 331 791 quod
349 753 382 782 in
400 752 514 781 castris
534 752 566 782 in
592 753 748 792 praetorio
764 753 864 783 attol-

119 794 202 825 litur
218 800 316 834 atque
334 795 533 835 proponitur
549 796 609 825 ἃς.

162 839 346 869 Silentium.
388 839 481 869 Prov.
507 839 605 870 Cons.
634 841 682 870 12.
714 839 787 870 illas
811 850 862 870 res

117 884 167 922 egi
191 884 325 913 silentio.
350 883 371 912 i.
397 893 425 912 e.
449 882 584 912 nemine
610 882 860 923 interpellante,

117 931 176 956 aut
192 926 408 956 reclamante.

160 969 260 1000 Silene.
291 969 392 1000 Tuse.
417 969 461 999 iii.
487 970 516 999 6.
547 979 615 999 non
638 979 655 999 e
679 971 765 1000 silice
788 972 859 1001 nati

115 1023 241 1043 sumus.

159 1057 271 1087 Sillus.
307 1057 377 1086 Att.
401 1057 464 1087 xvi.
494 1059 542 1087 11.
574 1057 644 1086 sine
667 1059 736 1088 sillo
758 1056 859 1088 Luci-

113 1100 212 1131 liano.
260 1099 336 1130 Silli
352 1105 433 1130 sunt
449 1110 561 1131 versus
582 1101 704 1131 salibus
729 1101 856 1139 referti,

113 1145 237 1174 similes
254 1145 362 1174 satirae
388 1144 600 1181 Latinorum,
618 1148 656 1174 ut
679 1144 776 1174 docet
795 1145 856 1175 Ca-

111 1189 278 1218 saubonus
308 1188 348 1218 de
372 1188 440 1218 Sat.
465 1188 498 1218 ii.
523 1190 553 1218 2.
594 1188 716 1218 Satiras
741 1194 854 1219 autem

112 1232 279 1262 Lucilium
311 1232 480 1271 scripsisse
512 1236 630 1262 notum
671 1238 730 1262 est.
792 1232 856 1263 Sed

113 1275 216 1306 Codd.
243 1280 278 1305 et
306 1275 396 1305 Vett.
423 1275 496 1305 edd.
525 1276 648 1305 habent
678 1275 765 1305 vallo
796 1281 854 1306 aut

107 1318 189 1357 ullo,
223 1329 365 1358 quorum
404 1319 486 1349 illud
521 1323 630 1349 servat
668 1318 853 1350 Graeviana.

109 1362 258 1393 Graevius
274 1362 403 1392 volebat
420 1362 498 1392 sale.

152 1406 245 1437 Silva
267 1407 300 1436 in
326 1405 451 1436 aedibus
471 1406 618 1436 urbanis.
648 1405 742 1436 verr.
759 1407 781 1436 i.
803 1410 851 1441 19.

108 1454 158 1479 est
181 1450 386 1487 viridarium,
404 1453 444 1480 ut
465 1450 628 1480 Asconius
651 1450 853 1490 interpreta-

110 1498 176 1523 tur.

151 1536 253 1574 Silus,
277 1537 333 1575 qui
365 1546 481 1566 nasum
510 1537 717 1567 eminentem
741 1541 776 1567 et
800 1548 851 1568 re-

106 1581 253 1620 pandum
271 1580 381 1610 habet.
406 1580 483 1610 Nat.
501 1581 543 1610 D.
561 1582 582 1610 i.
601 1582 652 1614 29.

150 1624 276 1661 Simile,
294 1624 491 1661 similitudo,
511 1623 648 1662 ὅμαῖωσις.
672 1624 728 1654 Or.
742 1625 775 1654 ii.
793 1628 845 1658 78.

103 1677 158 1698 eos
183 1668 283 1707 ipsos,
308 1668 396 1697 unde
420 1667 482 1697 hoc
504 1669 610 1698 simile
633 1667 747 1705 ducat,
774 1668 846 1699 illas

104 1712 233 1751 primas.
256 1711 366 1741 hastas
397 1711 446 1741 ita
474 1712 604 1748 jactare
635 1711 757 1741 leniter
786 1713 845 1743 &cz

104 1755 158 1784 Sic
174 1760 225 1785 est
241 1760 275 1784 et
291 1755 362 1785 Fin.
380 1755 425 1785 iii.
446 1758 494 1785 15.
515 1756 562 1785 16.

146 1798 343 1836 Similitudo,
360 1799 516 1828 imitatio.
546 1798 602 1828 Or.
621 1799 655 1828 ii.
674 1800 726 1829 23.
757 1799 845 1838 quod

100 1841 217 1880 velint,
229 1842 301 1872 sine
316 1843 512 1881 cujusquam
527 1842 753 1880 similitudine,
766 1853 845 1873 con-

99 1889 293 1925 sequantur.
336 1885 591 1916 *uniformitas
637 1885 708 1916 Inv.
739 1886 759 1916 i.
790 1889 843 1917 41.

97 1930 274 1960 similitudo
295 1930 459 1959 satietatis
484 1934 600 1959 mater.
631 1929 718 1960 *On
735 1930 770 1959 ii.
791 1933 840 1964 17.

97 1973 303 2004 similitudini
315 1973 501 2012 relinquere
519 1972 651 2010 dicitur‚
664 1973 752 2012 quod
769 1976 842 2013 quis

98 2027 165 2047 non
183 2017 340 2047 distincte
357 2021 391 2046 et
405 2017 584 2056 separatim
610 2016 767 2056 explicat,
783 2018 842 2048 sed

97 2071 137 2090 ex
153 2061 191 2090 iis
209 2061 318 2098 rebus,
331 2070 405 2099 quae
419 2060 592 2099 explicatae
609 2063 700 2097 sunt,
719 2064 753 2090 et
769 2062 842 2100 qui-

95 2104 235 2134 buscum
253 2104 507 2134 similitudinem
532 2103 645 2141 habet,
661 2103 758 2143 quale
783 2105 839 2143 sit,

95 2148 363 2188 cognoscendum
380 2147 551 2186 relinquit.

139 2192 297 2232 Simplex,
320 2201 417 2222 unus.
451 2190 522 2221 Inv.
541 2191 574 2221 ii.
596 2194 622 2220 1.
656 2191 740 2220 nihil
762 2193 839 2222 sim-

88 2238 166 2277 plici
181 2237 214 2266 in
232 2245 352 2275 genere
376 2235 467 2265 omni
484 2245 522 2265 ex
543 2238 636 2274 parte
653 2234 837 2274 perfectum

95 2288 216 2310 natura
239 2279 406 2319 expolivit.
436 2280 563 2318 itaque,
587 2283 761 2318 tamquam
785 2289 838 2309 ce-

92 2324 172 2354 teris
189 2333 254 2353 non
271 2324 315 2353 sit
329 2323 498 2359 habitura,
516 2322 603 2360 quod
617 2322 792 2361 largiatur,
809 2323 836 2353 si

95 2367 153 2398 uni
179 2373 300 2397 cuncta
322 2367 535 2402 concesserit,
553 2365 642 2395 aliud
666 2366 721 2396 alii
746 2376 837 2396 com·

94 2410 182 2442 modi
207 2416 413 2440 muneratur.
443 2409 555 2439 *Cato
572 2411 624 2439 21.
657 2419 734 2439 cum
757 2411 835 2440 sim·-

86 2457 166 2495 plesz·
181 2454 281 2483 animi
299 2459 421 2483 natura
434 2457 531 2483 esset.
577 2452 650 2482 Hoc
666 2459 701 2483 et
716 2453 836 2484 simili-

92 2499 154 2529 bus
180 2497 260 2527 locis
285 2502 430 2527 utuntur
458 2497 495 2534 ii,
521 2496 577 2535 qui
605 2496 833 2527 demonstrare

91 2541 291 2581 suscipiunt,
303 2546 429 2570 veteres
445 2539 658 2580 philosophos
672 2540 833 2580 quosdam

92 2584 412 2616 immaterialitatem
438 2584 554 2621 animi,
576 2594 676 2622 quam
700 2584 831 2621 dicunt,

89 2629 255 2669 probasse.
301 2627 339 2656 Id
361 2628 412 2664 fit,
429 2628 507 2666 quia
520 2626 746 2667 simplicitatis
762 2637 833 2658 ver-

92 2675 133 2704 bo
150 2672 254 2702 nostri
276 2670 462 2711 philosophi
486 2671 525 2701 de
546 2671 831 2701 immaterialitate

90 2719 249 2751 utuntur,
265 2714 354 2744 unde
370 2718 496 2744 veteres
512 2713 652 2744 eandem
667 2715 736 2744 vim
752 2715 831 2745 huic

89 2759 188 2790 verbo
204 2758 381 2797 subjecisse
398 2757 557 2788 credunt:
582 2758 617 2788 in
633 2768 697 2797 quo
708 2758 832 2789 fallun-

89 2808 155 2834 tur.
206 2801 296 2832 Nam
325 2805 453 2831 veteres
489 2802 627 2841 simplex
655 2806 832 2842 opponunt

90 2848 210 2884 mixto,
226 2850 261 2875 et
283 2855 323 2874 ex
338 2844 474 2874 diversis
491 2845 666 2883 generibus
683 2845 831 2876 elemen-

87 2897 200 2922 torum
215 2892 384 2927 concreto,
402 2898 469 2918 non
485 2888 528 2925 ei,
542 2888 630 2927 quod
645 2892 755 2928 partes
770 2889 830 2920 ha-

670 100 816 128 INDEX
848 101 1144 129 LATINITATIS·

920 189 988 220 bet.
1029 189 1108 220 Nat.
1134 190 1177 221 D.
1200 189 1247 220 iii.
1275 191 1324 221 14.
1356 190 1482 221 etenim
1507 197 1566 221 ant
1587 192 1666 222 sim-

914 235 995 272 plex
1011 239 1062 264 est
1079 238 1201 264 natura
1216 233 1410 271 animantis,
1426 238 1466 264 ut
1487 234 1539 264 vel
1559 238 1664 266 terre-

919 285 963 306 na
985 277 1042 315 sit,
1058 277 1108 308 vel
1133 278 1245 318 ignea,
1270 276 1322 306 vel
1344 275 1512 314 animalis,
1529 278 1579 308 vel
1600 278 1664 309 hu-

919 319 1023 357 mida,
1040 320 1129 360 quod
1152 320 1248 360 quale
1272 321 1329 357 sit,
1355 330 1396 350 ne
1421 319 1564 361 intelligi
1589 323 1663 361 qui—

917 362 992 393 dem
1023 368 1153 404 potest:
1186 369 1245 394 aut
1273 367 1468 394 concretum
1495 374 1535 395 ex
1558 363 1664 404 pluri-

915 405 976 436 bu·
994 408 1122 438 naturis
1139 409 1199 438 διο.
1227 407 1271 438 Et
1288 408 1321 437 in
1338 417 1458 447 genere
1474 409 1612 449 simplex
1626 408 1662 439 in

914 450 1070 480 omnihus
1095 451 1193 481 rebus
1219 452 1399 492 opponitur
1426 451 1468 488 ei,
1493 451 1582 491 quod
1611 455 1662 483 est

913 502 952 522 ex
981 492 1130 533 pluribus
1158 494 1342 534 disparibus
1372 499 1407 525 et
1434 494 1660 526 dissimilibus.

911 535 1022 574 Atque
1042 536 1128 567 hanc
1153 537 1259 577 ipsam
1283 538 1324 568 ob
1348 548 1481 568 causam
1506 538 1658 569 homines

911 579 1043 609 candidi
1073 585 1108 610 et
1135 581 1257 611 sinceri
1295 581 1455 612 dicuntur
1486 583 1659 622 simplices,

910 623 990 660 quia
1018 622 1106 653 idem
1139 623 1270 662 dicunt,
1298 625 1386 655 idem
1416 626 1567 666 cogitant
1598 626 1659 656 διε.

910 665 998 704 quod
1015 667 1071 706 qui
1090 676 1157 696 nun
1173 667 1304 698 faciunt
1318 667 1522 709 multiplices
1539 669 1659 700 dicun-

907 712 972 740 tur.
1012 720 1042 740 v.
1075 710 1266 751 multiplex.
1311 711 1465 750 *ret-tus,
1497 712 1656 744 directus.

907 752 986 784 Nat.
1013 754 1056 784 D.
1081 754 1114 784 ii.
1141 757 1192 788 57.
1231 754 1271 784 de
1296 755 1433 785 auditu:
1471 756 1655 787 flexuosum

907 796 971 826 iter
998 796 1112 835 habet,
1139 807 1180 828 ne
1212 798 1291 837 quid
1322 799 1448 829 intrare
1479 806 1602 838 posset,
1626 800 1655 831 si

904 841 1045 880 simplex
1060 845 1093 871 et
1109 841 1273 872 directum
1287 847 1429 882 pateret.
1454 843 1507 872 Sic
1524 853 1576 883 ap.
1588 843 1654 874 Pli-

905 884 998 913 nium
1025 885 1092 915 viii.
1113 886 1160 915 16.
1190 885 1288 915 villus
1311 887 1450 926 simplex
1472 886 1656 926 opponitur

903 927 1115 968 crispioribus
1132 929 1235 967 jubis.
1273 929 1375 959 *sine
1403 929 1595 960 conditione
1618 934 1654 960 et

904 970 1133 1010 adjunctione.
1166 971 1238 1002 Inv.
1258 974 1292 1004 ii.
1309 977 1361 1007 57.
1394 982 1466 1003 esse
1489 973 1650 1012 quasdam

903 1024 981 1044 cum
1006 1015 1220 1053 adjunctione
1251 1015 1529 1054 necessitudineS,
1553 1027 1652 1056 quas-

901 1058 978 1088 dam
1005 1061 1164 1099 simplices
1189 1063 1224 1090 et
1254 1059 1434 1090 absolutas.
1476 1059 1589 1091 *Su11.
1617 1064 1650 1092 3.

899 1103 1034 1142 simplex
1049 1103 1207 1133 officium.
1232 1103 1253 1133 i.
1274 1113 1381 1134 unum
1399 1103 1568 1143 idemque,
1581 1113 1648 1135 non

899 1147 1041 1176 varium.

943 1189 1158 1229 Simpliciter,
1176 1189 1278 1227 clare,
1297 1196 1336 1220 ut
1359 1190 1401 1220 ab
1417 1190 1572 1221 omnibus
1596 1192 1647 1222 in-

897 1232 1005 1273 tellig-i
1029 1234 1144 1274 possit.
1174 1233 1230 1264 Or.
1248 1234 1281 1263 ii.
1303 1235 1351 1264 16.
1381 1234 1438 1273 qui
1461 1233 1565 1273 leges,
1589 1235 1647 1274 qui

890 1276 982 1314 jura,
1000 1277 1055 1315 qui
1081 1277 1233 1307 civitates
1258 1277 1522 1315 constituerunt,
1539 1277 1644 1309 locuti

896 1325 977 1350 sunt
1006 1322 1209 1360 simpliciter,
1241 1324 1276 1350 et
1313 1320 1496 1360 splendide.
1541 1320 1644 1352 *sine

895 1364 1161 1394 dissimulatione
1193 1371 1228 1394 et
1257 1365 1545 1403 tergiversatione.
1585 1366 1644 1396 Or.

895 1407 941 1437 iii.
977 1411 1024 1441 17.
1067 1408 1258 1448 simpliciter
1294 1407 1472 1438 defendere
1503 1407 1642 1448 aliquid.

894 1450 993 1481 *sine
1010 1458 1164 1492 respectu
1182 1451 1223 1481 ad
1240 1451 1415 1482 hominum
1441 1452 1642 1492 potentiam,

893 1495 1049 1533 gratiam,
1065 1495 1251 1535 periculum
1278 1495 1337 1525 ἃς.
1367 1495 1461 1534 ῼυίπ.
1479 1505 1512 1536 p.
1529 1495 1569 1526 R.
1591 1499 1642 1528 10.

892 1538 927 1567 in
938 1539 1108 1569 sententia
1118 1539 1311 1579 simpliciter
1323 1538 1507 1569 referenda.
1524 1538 1642 1570 *seor-

890 1582 968 1618 siin,
985 1582 1169 1621 sigillatim.
1199 1582 1331 1612 Invent.
1350 1582 1383 1612 ii.
1403 1585 1456 1613 33.
1483 1582 1637 1622 quaedam

891 1635 1015 1664 genera
1043 1635 1219 1655 causarum
1243 1626 1435 1664 simpliciter
1458 1629 1493 1655 et
1514 1635 1554 1656 ex
1577 1636 1640 1657 sua

890 1669 919 1698 vi
960 1669 1229 1706 considerantur,
1263 1669 1416 1708 quaedam
1455 1673 1569 1700 autem
1608 1671 1637 1700 si

889 1711 980 1742 aliud
1005 1711 1139 1751 aliquod
1162 1713 1394 1743 controversiae
1417 1722 1522 1752 genus
1546 1722 1639 1744 assu-

889 1762 999 1786 munt.
1033 1756 1122 1796 *per
1137 1766 1183 1786 se.
1213 1756 1297 1796 Top.
1321 1757 1374 1787 22.
1405 1765 1483 1785 cum
1507 1761 1637 1795 autem,

889 1799 985 1838 quale
1002 1800 1058 1837 sit,
1076 1800 1250 1839 quaeritur,
1267 1803 1326 1829 aut
1341 1800 1530 1840 simpliciter
1545 1810 1637 1840 quae-

887 1844 984 1880 ritur,
1002 1848 1061 1873 aut
1077 1848 1281 1884 comparate.

932 1886 1132 1927 Simpulum,
1155 1897 1212 1917 vas
1244 1896 1397 1927 parvum,
1423 1886 1533 1917 simile
1559 1897 1636 1927 cya-

885 1930 958 1967 tho,
989 1940 1054 1969 quo
1092 1931 1127 1960 in
1166 1930 1337 1961 sacrificiis
1366 1930 1482 1960 vinum
1514 1930 1632 1962 libant.

886 1973 968 2003 Har.
985 1974 1084 2014 Resp.
1105 1977 1153 2004 11.
1186 1975 1213 2005 si
1229 1974 1333 2004 aedilis
1352 1973 1452 2004 verbo
1475 1977 1535 2004 aut
1556 1975 1634 2005 sim-

881 2019 958 2056 pulo
973 2018 1150 2049 aberravit.
1198 2017 1288 2047 Hinc
1307 2017 1534 2057 proverbium,
1549 2017 1633 2057 Leg.

884 2061 931 2090 iii.
959 2062 1007 2092 16.
1043 2061 1213 2091 excitabat
1235 2061 1326 2091 enim
1351 2061 1473 2092 fluctus
1496 2061 1532 2091 in
1554 2062 1633 2092 sim·

876 2106 969 2144 pulo,
984 2108 1023 2135 ut
1046 2105 1182 2141 dicitur,
1198 2104 1381 2142 Gratidius,
1399 2114 1480 2144 quos
1499 2108 1575 2145 post
1590 2105 1631 2134 fi-

883 2147 947 2178 lius
963 2149 1033 2188 ejus
1050 2148 1178 2179 Marius
1193 2148 1228 2179 in
1243 2149 1350 2188 AEgeo
1364 2148 1522 2178 excitavit
1533 2149 1630 2180 mari.

928 2190 1050 2229 Simul,
1074 2202 1134 2232 pro
1157 2191 1310 2222 simulac.
1339 2190 1441 2222 Tusc.
1465 2192 1508 2222 iv.
1525 2192 1558 2223 6.
1587 2192 1631 2223 si-

883 2237 956 2265 mul
975 2235 1107 2273 objecta
1123 2235 1249 2275 species
1264 2238 1327 2265 est.
1357 2235 1377 2254 ⁸
1389 2234 1540 2266 Simulat·
1556 2236 1631 2276 pri-

881 2289 973 2309 mum
996 2279 1200 2319 pleonastice
1228 2282 1280 2310 est
1302 2278 1434 2310 Vei-rin.
1457 2279 1478 2310 i.
1507 2281 1557 2310 13.
1586 2279 1631 2309 si-

881 2324 990 2354 mulac
1004 2324 1158 2363 primum
1174 2323 1205 2352 ei
1221 2322 1351 2353 occasio
1365 2322 1436 2353 visa
1457 2325 1520 2353 est.
1549 2322 1626 2354 add.

880 2365 964 2396 Phil.
982 2367 1023 2397 iv.
1046 2370 1071 2397 1.

922 2408 1162 2448 Simulacrum,
1185 2410 1327 2450 species,
1350 2409 1482 2439 umbra.
1512 2408 1626 2441 Rabir.

878 2453 967 2484 Post.
986 2457 1034 2484 15.
1065 2455 1284 2484 simulam-um
1306 2453 1457 2494 pristinae
1480 2452 1627 2493 dignita·

875 2497 931 2527 tis.
956 2497 1069 2528 Fin.v.
1086 2500 1135 2528 15.
1161 2497 1327 2528 virtutum
1340 2497 1534 2527 simulacra.
1558 2496 1624 2527 Off.

876 2541 898 2570 i.
919 2543 967 2571 15.
1000 2541 1034 2571 in
1050 2541 1171 2580 quibus
1187 2540 1346 2581 praeclare
1361 2539 1487 2579 agitur,
1501 2541 1529 2570 si
1544 2543 1626 2570 sunt

874 2585 1053 2615 simulacra
1065 2584 1210 2615 virtutis.
1234 2584 1340 2614 *Nan
1352 2583 1395 2613 D.
1409 2583 1443 2613 ii.
1454 2586 1508 2614 30.
1523 2585 1625 2614 simu-

875 2629 969 2658 lacra
983 2628 1182 2658 Democriti.
1204 2626 1269 2658 vid.
1286 2626 1360 2657 lnd.
1374 2626 1432 2657 Gr.
1447 2623 1572 2658 ἄδολον.

919 2670 1108 2709 simulatio,
1153 2680 1289 2708 nomen,
1335 2674 1531 2710 praetextus.
1579 2670 1622 2701 ad

873 2715 949 2745 Div.
967 2716 1011 2746 xi.
1032 2718 1080 2746 13.
1097 2715 1302 2745 simulatione
1315 2713 1519 2754 reipublicae.
1539 2713 1623 2745 Sull.

877 2761 926 2793 19.
963 2760 1168 2790 simulatione
1191 2757 1304 2788 Fausti
1326 2756 1526 2796 gladiatores
1549 2767 1622 2787 em·

873 2806 936 2832 tos.
966 2812 1012 2832 sc.
1028 2802 1091 2833 hoc
1115 2805 1295 2842 praetextu,
1311 2801 1406 2840 quasi
1427 2804 1622 2831 emerentur

873 2845 1006 2876 Fausto.
1021 2846 1101 2885 Agr.
1114 2845 1149 2875 ii.
1162 2845 1194 2877 6.
1210 2845 1416 2876 simulatione
1431 2854 1469 2875 ac
1481 2844 1618 2881 nomine

872 2888 954 2929 legis
970 2889 1128 2929 Agrariae.
