1804 3178
581 114 726 144 numx
757 113 1048 145 LATIvaA‘ms.

113 201 261 240 Herere,
283 202 407 236 vernari
425 200 616 242 diligenter,
631 207 794 243 perpetuo

69 247 107 278 {n
131 256 167 278 re
195 247 316 287 aliqua.
339 247 439 277 Orat.
455 245 476 274 i.
494 249 546 276 38.
573 249 719 276 oratores
745 245 795 275 di-

68 295 194 322 cuntur
207 292 327 321 lia-rae
339 290 373 320 in
383 289 472 329 jure.
489 289 560 319 Att.
576 289 644 319 xiii.
661 292 713 320 40.
731 290 794 319 1»ae-

67 343 145 365 rere
161 335 195 365 in
214 335 314 365 libris.
335 333 397 364 Or.
413 335 466 363 40.
488 333 610 363 have-re
627 333 661 362 in
677 332 791 362 cadem

61 378 251 414 sententia,
267 377 308 408 de
330 381 474 412 oratore,
489 385 566 406 cum
595 385 664 406 rcm
681 383 794 415 auget.

69 418 163 452 Verr.
179 430 210 452 v.
226 421 279 452 64.
302 419 364 450 hoc
387 424 499 456 teneo,
517 418 570 449 hic
595 421 707 455 lum-eo,
731 420 792 449 linc

66 473 145 494 sum
167 467 359 495 contentus.
391 462 476 492 Phil.
492 463 560 493 xiii.
576 466 604 493 33.
628 464 793 493 lm‘rclmns

69 506 104 538 in
128 506 234 539 oculis
261 506 392 537 nostris.
423 506 465 536 ad
492 506 565 536 1)“ιν.
593 507 634 536 vi.
661 509 690 536 5.
725 516 791 537 nou

67 559 164 590 posse
188 555 224 581 te
246 549 304 580 diu
327 549 450 580 herere
474 549 507 579 in
525 555 593 580 tam
611 550 727 580 acci-ba
744 551 793 580 in-

63 593 167 633 juria.
195 593 348 623 ⁸hoercre
370 592 529 622 dicuntur
552 594 638 623 faces
663 594 793 633 inje-ctae

68 635 195 668 adibus
221 637 282 667 διο.
308 646 385 666 cum
409 645 476 666 nou
501 637 570 666 sinc
598 646 683 667 noxa
706 637 793 667 dcci-

69 678 169 717 dunt,
196 679 254 710 sed
279 679 486 710 incendunt:
520 679 606 710 undt·
637 680 706 710 ha‘c
735 681 794 710 tlu-

69 727 204 754 cuntur.
233 723 480 754 Rosc.com.6.
504 725 601 754 leoerce
618 729 793 762 peccatum

69 765 150 796 huic
176 766 316 797 homiui.
346 767 403 797 Or.
434 767 467 796 i‘r.
495 770 546 798 54.
571 767 717 797 facetum
745 767 796 796 di-

64 813 161 840 etum
185 810 343 841 emissum
369 812 488 840 herere
511 810 620 840 debet.
653 810 751 840 Catil.
774 811 794 840 i.

68 853 101 884 6.
139 854 228 893 quod
258 854 400 884 dedecus
430 863 495 883 non
524 855 621 883 lueret
648 853 793 884 infamiae

67 901 150 928 tuae.
194 897 344 927 Graevius
367 906 443 926 cum
467 896 611 926 Grutero
636 898 793 935 malebat,

68 932 211 970 infimi-et
228 940 325 970 famae
339 944 418 970 tuae.
464 939 514 970 De
531 940 626 970 fama²
642 945 709 972 tuae
727 951 793 971 non

68 983 340 1021 intercesserim3
364 983 506 1014 inhaeret
527 993 594 1013 non
609 994 690 1024 opus
708 984 794 1014 vide-

67 1031 136 1058 tur.
168 1028 186 1045 ⁸
198 1025 270 1057 Mil.
286 1028 339 1058 21.
365 1027 454 1056 ha’sie
469 1027 502 1057 in
517 1027 556 1057 iis
579 1028 696 1066 pomis,
712 1039 792 1068 quas

69 1070 134 1100 διο.
155 1070 176 1100 i.
192 1080 223 1101 e.
250 1070 382 1108 incidit,
409 1069 500 1100 velut
525 1071 623 1111 piscis
650 1072 683 1101 in
711 1077 792 1111 rete,
812 1099 819 1105 ,

67 1113 171 1145 subiit
185 1114 247 1144 &m

113 1157 289 1195 Haesitare,
306 1156 420 1188 rudem
438 1167 520 1187 esse.
548 1158 605 1189 Or.
622 1159 643 1188 i.
665 1162 712 1190 10.
731 1161 793 1191 Ιιιτ-

66 1201 169 1232 uitare
184 1202 218 1231 in
236 1201 398 1241 majorum
416 1201 589 1231 institutis.

113 1244 339 1281 Haurit-inari,
369 1244 539 1274 effundere
575 1250 702 1276 temere
735 1246 794 1276 ali-

69 1287 163 1327 quid,
195 1298 262 1318 non
293 1288 470 1318 admodum
503 1295 658 1319 accurate
692 1289 793 1329 loqui.

68 1331 111 1371 Ω.
126 1331 176 1362 Fr.
193 1332 227 1362 ii.
248 1334 296 1362 ll.
319 1331 467 1371 epistolae
487 1331 608 1362 debent
625 1333 792 1364 interdum

70 1376 280 1406 hallucinari.
310 1374 388 1405 Nat.
405 1375 448 1406 D.
465 1376 487 1405 i.
503 1376 556 1406 96.
576 1377 641 1406 ista
663 1387 681 1406 a
705 1377 794 1408 vobis

68 1421 241 1458 tamquam
266 1418 392 1449 dictata
415 1418 613 1457 redduntur,
628 1429 700 1459 quae
717 1420 795 1461 Epi-

70 1471 170 1492 curus
186 1462 331 1493 oscitans
347 1463 567 1492 hallucinatus
582 1468 642 1493 est.

112 1504 228 1544 Hara,
245 1504 415 1536 stabulum
443 1515 628 1545 porcorum.
661 1506 725 1537 Pis.
745 1508 794 1539 16.

69 1547 215 1590 Epicure
231 1557 272 1579 ex
287 1549 371 1578 hara
387 1548 558 1588 producte.

113 1591 236 1628 Hasta.
265 1591 396 1622 Verrin.
418 1592 461 1622 iv.
478 1592 530 1624 56.
553 1593 653 1622 hasta>
675 1595 797 1631 grami-

69 1643 153 1667 neae.
186 1645 216 1666 v.
243 1636 446 1675 gramineus,
483 1636 629 1666 *auctio
650 1635 795 1676 publica,

69 1679 150 1718 quia
171 1680 266 1710 has-m
287 1679 421 1718 signum
445 1679 610 1712 auctionis
631 1680 792 1719 publicae:

70 1732 273 1762 quamquam
300 1728 364 1759 est,
389 1722 444 1761 qui
471 1723 575 1752 etiam
598 1724 631 1752 in
660 1725 795 1763 privatis

69 1766 200 1796 hastam
227 1765 369 1805 positam
396 1770 505 1805 putet.
535 1775 564 1795 v.
580 1766 738 1797 Dukcrus
754 1768 795 1798 ad

70 1808 157 1840 Flor.
171 1819 204 1849 p.
224 1808 298 1840 346.
329 1808 414 1839 Phil.
431 1809 499 1841 viii.
515 1811 545 1840 3.
569 1811 662 1841 hasta
687 1810 795 1841 Caesa-

70 1852 127 1883 ris.
158 1852 245 1883 conf.
270 1852 335 1883 Off.
362 1853 396 1892 ii.
423 1856 453 1883 8.
494 1852 535 1882 ad
561 1853 637 1883 Div.
664 1864 714 1885 xv.
747 1857 795 1889 17.

70 1897 168 1926 hasta
195 1895 335 1926 refrixit.
376 1899 395 1916 ¹
413 1901 614 1936 argumenta
643 1899 795 1928 oratoris.

68 1939 154 1979 Top.
176 1942 224 1974 17.
247 1938 325 1968 JCti
349 1940 496 1978 patronis
520 1939 562 1969 ad
584 1949 698 1971 corum
718 1951 795 1981 pru—

70 1982 220 2013 dentiam
252 1981 521 2021 confugientibus
559 1984 669 2014 Imstas
699 1985 796 2015 mini-

70 2031 191 2056 strant.
221 2025 342 2056 *Mun
357 2027 410 2057 91.
433 2027 563 2056 hastam
579 2027 731 2065 abjicere.
755 2028 796 2058 de

71 2070 168 2100 hacta
183 2074 358 2099 amentata
375 2068 439 2099 vid.
455 2069 667 2101 Ameutatus.

115 2112 294 2149 Hastatus,
310 2117 362 2142 est
386 2122 492 2151 genus
520 2112 682 2152 militum,
707 2114 796 2153 quod

70 2155 106 2186 in
136 2157 207 2186 acie
237 2156 346 2196 prima
383 2156 662 2194 constituebatur,
691 2162 731 2188 ut
761 2159 797 2188 in

71 2199 185 2230 media
220 2200 398 2240 principes,
435 2200 468 2229 in
509 2198 630 2229 ultima
665 2199 797 2231 Triarii.

69 2242 149 2274 Div.
166 2243 188 2273 i.
204 2245 256 2274 35.
279 2242 417 2282 signifer
433 2242 531 2282 primi
549 2244 670 2273 hastati
682 2255 691 2272 .·
716 2244 748 2274 h.
766 2255 795 2274 e.

70 2287 188 2326 prima!
211 2287 372 2316 ceuturiae
393 2287 607 2317 hastatorum.
632 2286 697 2317 vid.
722 2287 799 2328 Lip-

71 2330 140 2360 sius
155 2329 228 2360 Mil.
246 2329 286 2361 R.
300 2330 335 2360 ii.
352 2334 381 2361 8.

115 2373 232 2404 Haud.
241 2378 382 2404 teneant
399 2373 524 2403 tirones
541 2373 605 2402 vim
622 2372 794 2404 formulae:

70 2417 162 2447 haud
175 2417 244 2448 scio
260 2426 301 2446 an
317 2428 327 2455 3
352 2426 426 2456 quae
449 2426 525 2446 cum
551 2416 795 2447 dubitationem

70 2459 192 2490 habere
209 2459 375 2498 videatur,
390 2464 504 2490 tamen
527 2460 724 2499 simpliciter
750 2461 798 2491 af-

70 2503 195 2534 firmat.
218 2503 290 2533 Pin.
319 2513 348 2534 v.
377 2507 408 2534 3.
440 2503 647 2541 Aristotcles,
685 2513 798 2543 quem,

71 2552 212 2587 excepto
242 2546 395 2584 Platone,
424 2547 514 2577 haud
542 2547 609 2576 scio
635 2556 678 2576 an
708 2553 797 2577 recte

70 2590 211 2620 dixerim
237 2591 420 2630 principem
451 2589 733 2629 philosophorum.
758 2590 799 2621 ad

69 2632 112 2673 Ω.
128 2632 180 2664 Fr.
197 2634 219 2664 i.
239 2637 266 2664 1.
286 2638 334 2664 10.
351 2637 389 2664 ut
403 2633 463 2664 tibi
480 2634 566 2663 tanti
584 2633 724 2664 honores
741 2633 799 2664 ha-

69 2675 243 2714 bei-entur,
258 2678 375 2717 quami
402 2677 491 2708 haud
506 2677 572 2707 scio
589 2686 630 2706 an
659 2678 798 2708 nomini.

72 2719 133 2749 διε.
180 2719 397 2752 illustrarunt
428 2720 490 2751 hoe
527 2719 656 2750 dicendi
693 2729 796 2758 genus

71 2762 169 2792 multi
204 2763 330 2794 laudati
362 2764 494 2796 Duker.
518 2763 559 2793 ad
590 2763 721 2793 Florum
751 2764 798 2794 iii.

71 2807 122 2838 12.
140 2813 177 2836 et
188 2805 361 2838 Drakenb.
378 2808 420 2838 ad
435 2808 507 2839 Liv.
524 2807 643 2837 xxxvii.
661 2809 712 2838 54.
753 2803 756 2806 ⁵

112 2848 238 2890 Bucco,
261 2860 352 2882 aveo.
389 2852 460 2884 Att.
484 2860 514 2883 v.
539 2852 591 2882 20.
614 2851 711 2882 Ιιαιέο
737 2851 799 2881 sci-

67 2901 115 2924 re.

1476 112 1559 152 318

882 201 1025 239 Ham-io,
1041 205 1196 245 percipio,
1211 206 1291 238 fero.
1306 207 1386 239 Coel.
1399 211 1449 242 2³4.
1466 211 1555 244 hune

835 245 929 275 haus-i
957 245 1114 278 dolorem.
1145 250 1240 281 Dom.
1270 254 1318 282 11.
1343 253 1476 284 haurire
1501 266 1555 287 me

835 297 941 318 unum
965 299 1023 329 pro
1045 291 1196 322 omnibus
1220 293 1442 326 calamitatem
1471 299 1555 330 indi-

837 332 1041 371 gnissimam.
1085 335 1170 363 cons.
1202 336 1300 367 Tusc.
1332 339 1352 368 i.
1383 344 1434 371 35.
1471 350 1555 373 extr.

835 381 976 414 quantas
1003 381 1036 407 et
1088 387 1186 416 quam
1226 380 1430 413 incredibili-s
1459 387 1554 416 hausi

836 418 1054 449 calamitates.
1079 421 1132 449 Sic
1160 421 1300 461 explicat
1339 424 1420 457 benc
1453 429 1555 460 etiam

835 461 1046 493 Burmannus
1077 463 1119 493 ad
1148 463 1276 503 Virgilii
1314 466 1392 499 illud
1423 472 1559 504 liam-ire

835 505 998 545 supplicia
1012 507 1088 537 AEn.
1104 509 1146 537 iv.
1173 511 1246 538 335.
1271 509 1322 538 Sic
1347 512 1431 543 ide-ui
1450 514 1557 555 virgi-

836 548 898 579 lius
917 560 924 578 ε
949 560 1022 588 quae
1040 550 1125 580 bella
1141 551 1301 582 exhausta
1317 556 1467 592 canebat,
1491 560 1510 588 i.
1527 570 1555 589 c.

838 592 967 623 fortiter
981 593 1022 623 ad
1035 593 1136 624 tinem
1147 594 1302 632 tolerata,
1320 598 1396 628 ibid.
1415 601 1488 630 init.

880 636 1042 674 Haustus,
1067 636 1157 668 locus
1181 639 1236 668 ubi
1271 649 1357 679 aqua
1394 641 1555 676 hauritur.

837 678 959 710 Caecin.
977 681 1029 710 26.
1054 691 1147 720 aquae
1170 681 1302 720 ductus,
1319 685 1466 724 haustus,
1480 688 1557 727 itcr,

837 729 942 752 actus.

879 766 1071 797 Hebdmnas.
1095 768 1135 798 ad
1159 768 1234 798 Div.
1259 770 1322 800 xvi.
1345 775 1376 805 9.
1401 772 1441 802 ad
1464 772 1560 804 Tiro-

836 818 912 838 ncm
938 814 1125 848 aegrotum:
1154 812 1383 851 symphoniam
1417 816 1558 856 Lysonis

837 852 953 882 vellem
967 854 1113 891 vitasscs,
1124 864 1164 884 ne
1184 855 1215 884 in
1229 862 1378 894 quartam
1392 860 1558 891 hemonia-

835 895 878 925 da
909 896 1080 927 incideres.
1125 897 1304 929 Hehdomus
1331 907 1382 931 est
1409 905 1557 942 spatium

834 944 962 978 septem
985 940 1127 978 dierum,
1161 951 1224 980 quo
1257 945 1364 982 spatio
1394 947 1497 976 morbi
1522 948 1556 978 in

836 982 978 1013 deterius
994 989 1050 1013 aut
1070 986 1186 1014 melius
1201 987 1319 1016 mutari
1332 987 1438 1019 solent
1452 1001 1458 1019 :
1483 999 1557 1030 scp-

835 1025 909 1055 timi
927 1027 1014 1056 enim
1040 1027 1108 1058 dics
1132 1032 1210 1058 sunt
1226 1029 1332 1060 critici
1349 1041 1366 1060 c
1383 1031 1557 1073 disciplina

836 1069 1052 1100 medicorum.

878 1113 994 1151 Hebes,
1011 1114 1190 1154 opponitur
1213 1117 1417 1155 acuminato,
1434 1119 1554 1158 fragm.

834 1155 935 1186 Acad.
953 1157 986 1186 ii.
1008 1166 1068 1187 cur
1083 1157 1170 1188 lunae
1188 1161 1351 1190 nasce-ntis
1378 1162 1442 1192 alia
1467 1164 1558 1194 hebe-

835 1200 931 1237 tiora,
955 1200 1020 1230 alia
1047 1202 1196 1231 acutiora
1218 1202 1393 1234 videantur
1422 1215 1556 1238 cornua.

834 1242 1049 1283 ‘opponitur
1074 1245 1199 1275 subtili.
1231 1245 1300 1275 Fin.
1326 1246 1358 1276 ii.
1383 1249 1412 1278 6.
1448 1249 1557 1279 rheto-

835 1286 903 1316 rica
919 1286 1068 1324 forensis,
1081 1297 1156 1318 cum
1175 1288 1376 1328 populariter
1391 1291 1556 1332 loquatur,

836 1333 886 1359 est
898 1330 1062 1360 interdum
1078 1330 1187 1371 paullo
1203 1333 1347 1363 hebetior.

880 1373 1083 1412 Hedryclms.
1106 1374 1204 1404 Tusc.
1222 1376 1268 1406 iii.
1287 1379 1335 1409 19.
1359 1377 1558 1417 hedrychum

834 1416 1061 1447 incendamus.
1093 1417 1244 1449 Davisius
1289 1421 1434 1458 reposuit
1461 1423 1557 1462 hedy-

835 1461 964 1497 chrum,
981 1470 1018 1490 ex
1035 1461 1226 1497 coniectura
1242 1462 1276 1492 P.
1289 1462 1436 1495 Victorii.
1468 1465 1557 1496 Nam

841 1503 1017 1542 hedryclcus
1033 1504 1126 1534 nihili
1143 1515 1204 1534 vox
1219 1510 1282 1543 est,
1299 1505 1355 1536 illa
1381 1506 1484 1538 altera
1499 1518 1559 1539 au·

838 1551 906 1576 tem
934 1557 1051 1586 graeca.
1078 1547 1163 1577 lllud
1188 1555 1301 1579 autem
1328 1550 1472 1590 scrupuli
1503 1551 1558 1582 hie

837 1590 997 1627 restabat,
1012 1590 1099 1629 quod
1113 1595 1245 1621 auctore
1263 1593 1453 1623 Dioscoride
1468 1594 1489 1624 i.
1505 1595 1558 1626 61.

839 1634 1017 1673 hedychrus
1033 1638 1083 1664 est
1100 1639 1308 1673 unguentum
1323 1647 1333 1675 3
1354 1636 1393 1666 de
1409 1647 1472 1676 quo
1487 1647 1559 1669 ver-

837 1676 917 1706 bum
934 1677 1149 1707 incendamus
1166 1678 1228 1708 dici
1240 1688 1305 1709 non
1322 1685 1441 1719 potest.
1458 1681 1558 1712 Hunc

835 1719 1029 1760 scrupulum
1055 1721 1245 1751 sublaturus
1261 1722 1428 1761 Davisius,
1444 1734 1483 1754 ex
1500 1734 1559 1755 au-

839 1764 993 1794 ctoritate
1013 1763 1105 1794 MSS.
1127 1765 1234 1805 primo
1251 1765 1366 1796 demus
1386 1772 1420 1796 et
1446 1767 1559 1798 incen-

839 1806 954 1837 damus
971 1813 1139 1850 permutat
1155 1820 1163 1846 ;
1188 1808 1305 1838 ‹lcinde
1330 1819 1387 1849 pro
1404 1810 1559 1841 incenda-

838 1860 924 1887 mus,
951 1851 1086 1889 conjicit
1121 1851 1296 1890 legendum
1323 1853 1559 1884 intendamus:

838 1894 859 1924 i.
875 1904 904 1924 e.
931 1895 1146 1934 porrigamus.
1181 1895 1259 1934 Ejus
1285 1897 1457 1926 sentcntiae
1482 1897 1559 1928 sub-

838 1937 951 1967 scribit
968 1937 1130 1968 Buhcrius
1145 1938 1186 1968 ad
1202 1938 1234 1969 h.
1258 1938 1280 1969 1.

881 1981 1033 2012 Heluari.
1057 1982 1155 2012 Dom.
1171 1985 1222 2016 47.
1248 1983 1374 2012 heluat-i
1389 1983 1469 2022 reip.
1483 1992 1559 2015 san-

838 2025 986 2064 guinem.
1012 2025 1080 2055 Fin.
1093 2025 1138 2055 iii.
1152 2027 1182 2057 2.
1205 2026 1296 2064 quasi
1314 2027 1440 2056 heluari
1455 2025 1558 2058 libris.

880 2067 996 2098 Helm).
1020 2068 1109 2098 Sext.
1131 2071 1179 2099 11.
1213 2069 1305 2098 heluo
1320 2070 1448 2109 patrie,
1464 2070 1557 2101 heluo

836 2111 1039 2152 patrimonii.

873 2154 1040 2193 Helvam,
1059 2155 1197 2185 minutae
1211 2154 1333 2193 berbin,
1352 2154 1393 2185 ad
1408 2155 1484 2186 Div.
1501 2156 1557 2188 vii.

881 2241 1128 2281 Hemicyclium,
1173 2240 1306 2279 solium,
1341 2240 1422 2272 sella
1456 2242 1562 2282 major

840 2285 943 2324 patris
960 2293 990 2315 v.
1013 2295 1040 2314 c.
1064 2284 1216 2316 familias.
1234 2284 1314 2315 Lael.
1337 2288 1362 2315 1.
1380 2294 1487 2325 augur
1502 2285 1560 2316 do-

839 2329 884 2358 mi
901 2328 934 2358 iu
951 2329 1132 2367 hemicyclio
1153 2328 1280 2359 sedens.
1304 2327 1427 2358 Solium
1445 2329 1491 2358 ita
1506 2339 1562 2360 vo-

839 2378 935 2401 catur
971 2382 991 2401 a
1025 2372 1133 2411 figura
1171 2371 1418 2403 semicirculari.
1448 2371 1562 2403 Sidon.

838 2415 945 2455 Apoll.
970 2415 1029 2455 Ep.
1047 2415 1079 2444 ii.
1096 2417 1126 2445 2.
1150 2414 1222 2445 solii
1245 2416 1479 2454 hemicyclium.
1496 2415 1560 2446 vid.

840 2457 981 2489 Gronov.
1005 2458 1046 2488 ad
1069 2459 1206 2488 Sucton.
1237 2458 1276 2489 de
1311 2458 1496 2489 Grammat.
1529 2469 1560 2490 c.

842 2505 891 2536 17.

884 2543 1082 2576 Herciscere.
1119 2545 1176 2575 Or.
1207 2545 1227 2575 i.
1260 2545 1311 2575 56.
1344 2545 1414 2585 qui,
1444 2544 1563 2585 quibus

839 2588 945 2618 verbis
975 2588 1106 2618 hem-isca·
1130 2593 1296 2628 oporteat,
1327 2589 1444 2625 nescit,
1475 2588 1562 2618 idem

838 2632 1053 2662 herciscunda?
1077 2630 1210 2662 familiae
1227 2640 1360 2662 causam
1377 2640 1474 2670 agere
1499 2641 1563 2662 non

840 2679 960 2715 potest.
984 2675 1107 2705 Caecin.
1132 2678 1163 2709 7.
1186 2675 1341 2705 AEbutius
1359 2675 1492 2705 nominc
1507 2675 1564 2705 he-

840 2718 925 2749 redis
941 2718 1100 2748 arbitrum
1128 2717 1262 2748 familioe
1278 2718 1493 2748 herciscundae
1507 2728 1563 2758 po-

839 2761 997 2792 stulavit:
1023 2761 1055 2792 h.
1074 2771 1103 2792 e.
1119 2761 1161 2793 ad
1185 2761 1378 2792 divisionem
1410 2770 1565 2801 provoca-

839 2805 900 2842 vit,
927 2809 966 2835 ut
989 2804 1086 2834 hodie
1113 2804 1307 2845 loquuntur.
1341 2803 1486 2835 Hercisci
1516 2808 1566 2833 est

840 2847 952 2883 dividi.
997 2847 1040 2878 Et
1075 2847 1136 2879 hoe
1169 2857 1268 2878 sensu
1290 2847 1363 2886 jam
1400 2846 1565 2877 Ciceroni·

838 2896 989 2933 tempore
1000 2890 1128 2923 dietum
1145 2901 1216 2924 esse
1229 2891 1377 2930 hercisci,
1393 2891 1563 2922 usitatam-
