1800 3131
137 140 220 179 318

181 237 383 279 Hypotheca.
413 236 454 267 ad
484 236 561 268 Div.
591 236 659 268 xiii.
686 238 739 269 56.
769 238 864 278 hypo-

138 284 235 313 elzecoe
255 281 440 313 commissae
462 284 552 311 sunt.
581 289 611 311 v.
628 280 701 311 Ind.
719 281 776 311 Gr.
793 280 864 312 bm-

137 325 229 359 Mun.
252 326 389 358 Salmas.
405 323 494 355 mod.
510 325 609 356 Usur.
626 334 654 355 c.
677 327 725 355 ll.
743 335 792 365 sq.

485 453 512 486 1.

179 541 208 574 Ι.
230 541 338 573 litera.
360 542 454 573 Orat.
470 541 516 571 iii.
538 544 586 573 12.
612 541 711 572 Cotta
734 543 860 577 noster,

133 587 228 626 cujus
250 591 289 617 tu
313 585 370 616 illa
384 585 463 624 lata,
480 584 616 625 Sulpici,
634 584 796 614 imitaris:
822 588 861 613 ut

133 631 199 661 iota
221 629 353 660 literam
377 628 487 663 tonna,
514 634 548 658 et
575 629 602 658 E
628 627 860 667 plenissimum

133 674 235 712 dicas,
253 683 319 703 non
345 672 426 702 mihi
449 675 595 701 oratores
619 671 786 710 antiquos,
802 669 861 700 sed

132 726 294 748 messores
310 716 442 746 videtur
458 714 591 744 imitari.

174 761 307 797 ‹laceo-e,
339 758 536 789 commorari
565 756 771 796 aliquamdiu
800 756 860 787 ali-

131 804 220 836 cubi.
250 804 320 834 Att.
342 803 385 833 xi.
401 802 431 832 6.
454 799 568 842 jacere
584 800 765 832 Brundisii.
789 801 857 830 *in

131 849 240 879 medio
263 856 346 884 esse,
372 845 521 875 nondum
544 849 747 885 occupatum
775 854 860 874 esse.

129 893 186 924 Or.
210 892 256 921 iii.
274 894 326 921 45.
358 889 415 920 sed
437 899 477 919 ea
489 887 639 930 jacentia
661 887 857 918 sustulimus

129 946 147 966 e
160 934 280 965 medio.
307 934 366 964 διο.
382 930 522 974 *jacere
536 931 706 969 dicuntur,
722 931 778 970 qui
795 931 857 961 mi-

129 989 191 1009 nus
207 978 342 1018 gratiosi
361 982 450 1007 sunt.
473 978 543 1007 Att.
559 986 590 1006 x.
607 978 637 1009 7.
652 973 768 1016 jacere
785 974 857 1004 Cae-

128 1031 235 1052 sarem
248 1021 429 1051 offensione
439 1019 601 1061 populari.
625 1018 782 1058 Inprimis
798 1028 857 1048 au-

126 1073 211 1103 tem,
227 1066 283 1105 qui
298 1064 428 1094 nullam
442 1073 536 1105 spem
548 1063 763 1102 magistratus
777 1071 856 1091 con-

126 1108 286 1149 sequendi
310 1108 448 1147 habent,
471 1117 550 1137 cum
579 1106 743 1136 candidati
775 1106 856 1142 sint,

127 1158 186 1183 aut
207 1162 282 1183 cam
305 1152 411 1192 ipsam
434 1150 476 1181 ob
500 1160 648 1188 causam,
671 1150 750 1189 quia
772 1148 858 1179 nihil

126 1201 275 1238 sperant,
292 1205 334 1226 ne
358 1199 480 1236 petunt
496 1194 641 1234 quidem.
665 1193 798 1223 Muren.
824 1196 854 1224 8.

126 1240 242 1271 multis
265 1240 343 1270 viris
365 1239 506 1270 fortibus
531 1248 573 1268 ne
592 1236 783 1277 ignobilitas
799 1245 855 1275 ge-

127 1285 215 1315 neris
238 1284 451 1323 objiceretur,
467 1292 543 1312 meo
566 1281 676 1312 labore
694 1289 765 1311 esse
782 1290 855 1320 per-

124 1329 274 1365 fectum3
295 1324 555 1367 qui—jacebant.
577 1324 655 1355 ibid.
673 1326 726 1355 21.
750 1324 856 1354 vides-

126 1382 168 1402 ne
191 1376 231 1402 tu
245 1371 342 1402 illum
357 1371 512 1400 tristem?
529 1367 635 1410 jacet,
651 1366 782 1404 diffidit,
797 1367 855 1397 ab·

117 1416 204 1455 jecit
215 1415 338 1446 hastas.
354 1414 418 1444 Off.
436 1413 482 1444 iii.
495 1415 548 1445 520.
573 1412 609 1442 C.
623 1411 763 1448 Marius,
776 1420 853 1441 cum

124 1469 145 1490 a
159 1470 216 1500 spe
241 1457 433 1489 consulatus
457 1457 555 1496 longe
571 1456 713 1493 abesset,
730 1457 764 1485 et
779 1455 852 1494 jam

123 1504 306 1543 septimum
329 1510 457 1532 annum
473 1504 548 1540 post
563 1504 744 1540 praeturam
759 1496 854 1539 jace·

123 1551 186 1584 ret,
203 1555 312 1585 neque
335 1545 504 1586 petiturus
528 1552 676 1582 unquam
700 1541 853 1571 consula-

121 1594 198 1621 tum
221 1589 399 1620 videretur.
422 1588 441 1607 *Ψ
454 1586 639 1624 contemni,
655 1586 747 1626 parvi
763 1585 852 1616 duci.

124 1634 209 1666 Phil.
232 1634 276 1664 vi.
302 1636 333 1665 5.
355 1631 449 1673 jacet
471 1630 671 1661 beneficium
695 1629 850 1660 Nuculae.

121 1677 222 1708 Tusc.
245 1677 267 1707 i.
291 1678 322 1708 2.
341 1674 457 1716 jacent
480 1684 520 1705 ea
541 1683 683 1714 semper,
699 1681 773 1712 quae
790 1673 851 1702 im-

123 1721 318 1762 probantur.
344 1721 441 1750 Rosc.
466 1719 561 1749 Com.
588 1721 615 1748 l.
634 1714 728 1757 jacet
749 1725 852 1756 pecu-

123 1765 179 1796 nia
201 1763 486 1795 extraordinaria?
517 1761 550 1792 h.
573 1771 603 1791 e.
627 1761 674 1791 ita
697 1759 851 1799 negligis,

121 1812 163 1840 ut
178 1818 245 1838 non
262 1807 384 1838 referas
401 1817 441 1836 ex
457 1804 648 1836 adversariis
663 1805 696 1834 in
708 1803 852 1833 tabulas.

120 1852 185 1884 Off.
201 1852 248 1883 iii.
264 1854 317 1883 33.
341 1850 475 1889 justitia
488 1847 591 1891 jacet.
621 1847 721 1877 Acad.
739 1847 781 1877 iv.
797 1849 851 1878 43.

121 1892 409 1936 virtutemjacere.
420 1893 439 1912 ²*
447 1893 651 1923 diminutum
662 1900 744 1921 esse.
753 1890 852 1921 Rosc.

121 1940 217 1971 Com.
238 1941 285 1971 12.
301 1937 414 1979 jacent
437 1937 556 1978 pretia.
579 1945 610 1966 v.
629 1936 791 1965 Passerat.
810 1934 852 1964 ad

119 1982 154 2014 h.
171 1984 193 2015 l.
209 1983 264 2013 Sic
281 1983 440 2012 dicuntur
455 1981 525 2020 agri
533 1978 649 2021 jacere
664 1978 706 2008 ad
721 1978 791 2009 Att.
807 1978 850 2008 ix.

121 2030 151 2059 8.
168 2031 204 2057 et
219 2036 272 2067 ap.
285 2026 420 2056 Petron.
435 2027 489 2055 44.
506 2023 525 2042 ’θ
537 2022 750 2054 confutatum
766 2031 849 2052 esse.

119 2071 197 2102 Div.
221 2071 255 2101 ii.
270 2073 323 2101 51.
346 2067 439 2110 jacet
461 2068 566 2107 igitur
580 2071 654 2097 tota
669 2065 849 2096 conclusio.

119 2114 192 2145 Fin.
208 2123 237 2144 v.
255 2115 308 2145 528.
322 2111 414 2155 jacet
429 2112 537 2142 omnis
552 2111 635 2141 ratio
652 2109 850 2149 Peripateti-

119 2167 247 2189 corum.
276 2157 296 2176 *
309 2157 349 2187 ad
372 2156 449 2187 Div.
464 2155 531 2185 viii.
548 2154 579 2185 6.
611 2154 676 2184 dici
693 2163 759 2184 non
775 2156 850 2193 pot-

119 2205 182 2239 est,
200 2200 367 2241 quomodo
389 2199 444 2230 hic
460 2199 574 2229 omnia
587 2195 745 2240 jaceant.-
769 2196 801 2226 h.
819 2206 848 2227 e.

119 2244 205 2276 nihil
227 2248 357 2285 agatur.
387 2242 467 2273 *nil
489 2242 612 2280 valere,
636 2241 684 2271 nil
707 2241 849 2271 efficere.

119 2288 193 2320 Mil.
213 2292 262 2321 18.
285 2286 402 2330 jacent
417 2287 484 2317 suis
499 2286 652 2317 testibus.
674 2284 694 2304 ¹*
706 2284 847 2324 Adjicie—

118 2343 193 2363 mus
213 2333 315 2362 etiam
331 2331 455 2362 formas
472 2329 631 2369 quasdam
647 2328 847 2369 promiscue.

116 2375 211 2407 Verr.
234 2377 256 2406 i.
274 2379 327 2410 39.
357 2376 392 2405 in
408 2374 571 2404 oblivione
585 2371 712 2415 jacere.
739 2372 796 2403 Or.
813 2371 848 2401 ii.

122 2423 172 2451 15.
197 2420 231 2450 in
247 2419 380 2449 silentio
389 2415 525 2459 jacere.-
548 2416 588 2447 de
606 2426 646 2447 ea
662 2426 709 2453 re,
725 2415 765 2446 de
782 2425 848 2454 qua

118 2463 204 2494 nihil
219 2463 382 2503 scriptum
396 2468 447 2492 est
458 2465 517 2491 aut
533 2463 750 2501 praeceptum.
775 2458 846 2489 Att.

118 2518 150 2538 x.
166 2509 198 2537 4.
222 2505 337 2548 jacere
353 2507 389 2536 in
408 2514 558 2535 moerore.
590 2503 632 2534 ad
654 2503 731 2534 Div.
747 2513 777 2532 v.
797 2505 846 2536 17.

115 2555 271 2590 tempora
284 2550 319 2580 in
335 2549 440 2579 ruinis
456 2548 537 2588 reip.
545 2544 739 2589 jacuerunt.

160 2594 267 2630 Jaeio,
290 2594 422 2633 proprie
445 2592 569 2622 dicitur
591 2590 631 2621 de
655 2589 848 2627 missilibus,

118 2639 153 2669 iu
184 2637 299 2677 primis
324 2636 426 2675 telis;
461 2635 551 2666 unde
576 2634 779 2665 transfertur
805 2633 847 2664 ad

117 2681 195 2719 alia,
212 2680 330 2719 quibus
354 2679 499 2718 aliquem
522 2677 688 2715 laedimm,
704 2681 738 2708 et
760 2681 848 2707 tam-

117 2734 219 2765 quam
231 2722 456 2754 vulneramus.
472 2722 585 2752 Planc.
599 2725 648 2753 12.
655 2720 743 2764 jacis
754 2720 850 2751 adul-

116 2769 213 2799 teria.
228 2767 325 2798 Rosc.
339 2763 595 2807 Com.9.jacere
608 2766 746 2796 crimen.
765 2763 848 2795 Sull.

116 2816 148 2847 7.
163 2810 279 2853 jacere
302 2809 551 2840 contumeliam.
579 2809 637 2840 Or.
661 2809 713 2841 26.
732 2807 850 2850 jacere

116 2862 152 2887 et
170 2855 305 2885 mittere
328 2852 520 2883 ridiculum.
544 2851 776 2892 *significare‚
793 2851 851 2882 de-

117 2898 290 2936 nunciare,
307 2896 441 2927 minari.
462 2896 532 2926 Att.
553 2896 589 2926 ii.
613 2899 645 2930 7.
667 2896 753 2926 illud
769 2895 850 2935 quid

115 2943 172 2980 sit,
189 2941 272 2973 scire
294 2940 404 2983 cupio,
421 2939 509 2980 quod
523 2936 611 2983 jacis
626 2939 775 2974 obscure.
798 2939 844 2971 ib.

645 148 792 179 INDEX
821 149 1115 179 LATINITATIS.

905 241 956 270 23.
980 244 1122 270 terrores
1137 235 1226 280 jacit
1240 239 1339 276 atque
1355 235 1546 271 denunciat.
1569 239 1634 270 *e-

904 282 993 320 dere,
1010 281 1194 313 ostendere.
1217 281 1287 311 Att.
1305 289 1355 311 xv.
1375 282 1428 312 26.
1453 284 1631 314 nonnullos

904 325 1073 356 interdum
1081 325 1168 366 jacit
1182 325 1344 364 igniculos
1356 324 1476 356 viriles.
1499 325 1518 344 '⁶
1529 336 1632 367 pone-

905 378 951 399 re.
981 369 1059 409 Agr.
1076 369 1109 400 ii.
1130 371 1180 400 15.
1210 368 1349 408 gradum
1370 372 1404 399 et
1427 368 1557 400 aditum
1571 368 1632 412 ja·

903 421 983 442 cere.

945 455 1103 492 denotatio,
1118 455 1237 486 vitium
1257 455 1359 485 animi
1385 464 1425 485 ex
1441 456 1633 495 arrogantia

902 502 937 528 et
952 498 1053 529 fastu.
1083 497 1112 529 Τ
1116 508 1182 529 usc.
1198 500 1240 529 iv.
1257 503 1288 533 9.
1310 496 1451 539 jactatio
1472 502 1523 529 est
1538 499 1632 530 volu·

903 545 976 580 ptas
999 542 1143 581 gestiens
1165 547 1200 572 et
1215 552 1249 573 se
1264 542 1402 572 efferens
1421 541 1630 574 insolentius.

902 582 1066 624 *jactatio
1088 590 1137 615 est
1161 586 1262 616 etiam
1286 586 1435 616 studium
1453 586 1628 625 captandae

900 629 1029 667 gratiae,
1056 628 1247 659 venditandi
1272 639 1306 659 se
1333 629 1446 660 alicui.
1483 629 1563 660 Har.
1587 630 1628 661 R.

901 674 953 718 ⁶770.
989 671 1043 701 hic
1070 671 1195 711 primus
1228 672 1337 703 aditus
1363 673 1404 703 ad
1435 673 1630 713 popularem

890 716 1118 755 jactationem.
1142 714 1275 745 cluent.
1305 718 1357 746 35.
1387 717 1482 747 Prov.
1510 716 1548 747 C.
1578 717 1628 747 16.

889 756 1032 799 jactatio
1058 758 1237 798 popularis.
1271 758 1327 789 Or.
1355 762 1385 789 3.
1411 758 1627 800 jactationem

899 802 1016 833 habuit
1033 802 1066 832 in
1088 801 1210 843 populo
1227 801 1427 841 eloquentia.
1450 802 1469 821 ²*
1481 803 1521 833 de
1545 813 1628 835 nave

898 846 931 875 in
949 849 1162 886 tempestate.
1194 845 1326 876 Muren.
1342 847 1373 877 2.
1399 855 1417 875 e
1433 855 1556 885 magna
1568 845 1627 889 ja-

895 890 1033 920 ctatione
1048 895 1172 919 terram
1188 889 1310 919 videre.
1325 899 1356 919 v.
1371 889 1509 929 jactare.

937 932 1090 970 Jactare,
1105 936 1157 963 est
1179 936 1289 963 motus
1306 933 1399 972 quasi
1415 932 1626 973 prolusionis.

894 974 994 1015 Tusc.
1021 977 1054 1006 ii.
1078 978 1130 1007 23.
1151 974 1287 1017 jactare
1309 980 1460 1006 caestum.
1484 976 1627 1007 *osten-

893 1022 977 1057 tare,
991 1018 1172 1050 insolenter
1187 1029 1221 1050 se
1237 1019 1366 1058 efferre,
1380 1020 1524 1059 gloriari.
1547 1020 1628 1051 Dei-

895 1067 941 1093 ot.
967 1066 1014 1094 10.
1051 1067 1192 1102 quantos
1217 1072 1397 1094 concursus
1418 1063 1528 1094 facere
1543 1063 1627 1094 sole-

894 1106 964 1144 bat,
981 1116 1079 1146 quam
1104 1116 1138 1137 se
1152 1104 1300 1147 jactare,
1321 1117 1421 1146 quam
1445 1110 1627 1138 ostentare.

895 1150 966 1181 Att.
990 1151 1024 1180 ii.
1047 1152 1100 1180 21.
1125 1151 1181 1189 qui
1205 1155 1306 1180 antea
1328 1151 1445 1180 solitus
1465 1155 1553 1181 esset
1567 1149 1626 1192 ja-

895 1199 985 1224 ctare
1007 1203 1041 1224 se
1065 1193 1395 1233 magnificentissime
1419 1194 1454 1224 in
1479 1194 1535 1224 illo
1554 1193 1625 1224 loco

895 1247 1026 1268 summo
1043 1247 1120 1267 cum
1135 1247 1246 1268 amore
1262 1237 1460 1277 populi—ut
1476 1237 1530 1267 ille
1546 1241 1622 1268 tum

896 1280 1044 1318 humilis,
1056 1285 1094 1311 ut
1111 1280 1273 1311 demissus
1289 1283 1371 1311 erat.
1394 1280 1501 1311 Flacc.
1512 1282 1565 1314 26.
1589 1282 1625 1313 in

894 1324 957 1355 hac
981 1326 1084 1365 igitur
1106 1325 1187 1355 urbe
1211 1334 1245 1355 se
1262 1322 1404 1365 jactent,
1421 1334 1521 1364 quam
1548 1324 1626 1355 ode-

893 1372 985 1399 runt.
1009 1369 1105 1399 Rosc.
1122 1368 1161 1399 A.
1178 1373 1209 1402 9.
1234 1368 1269 1398 in
1292 1368 1386 1398 bonis
1406 1369 1497 1398 Sext.
1511 1369 1623 1399 Roscii

893 1421 927 1442 se
933 1410 1132 1453 jactantem.
1164 1411 1264 1443 Catil.
1282 1411 1316 1442 ii.
1332 1416 1363 1446 9.
1393 1412 1449 1450 qui
1465 1421 1499 1441 se
1516 1412 1628 1452 inspe-

893 1456 973 1486 ratis
1005 1456 1257 1496 repentinisque
1288 1455 1439 1496 pecuniis
1472 1459 1626 1486 sumtuo-

893 1500 960 1530 sius
978 1499 1242 1539 insolentiusque
1249 1496 1439 1540 jactarunt.
1456 1499 1498 1529 cf.
1516 1500 1572 1530 Or.
1588 1499 1624 1530 ii.

893 1546 945 1574 58.
969 1543 1089 1574 *Hinc
1112 1544 1215 1573 etiam
1239 1546 1353 1573 orator
1374 1543 1498 1573 dicitur
1513 1552 1548 1573 se
1560 1540 1622 1584 ja-

890 1591 1007 1617 ctare.-
1044 1588 1126 1616 item
1158 1585 1387 1626 philosophus,
1417 1595 1495 1616 cum
1525 1596 1624 1625 arg-u·

892 1638 1006 1661 mento
1022 1630 1120 1660 alicui
1142 1629 1294 1667 confidit,
1311 1630 1340 1659 ei
1363 1630 1574 1667 immoratur,
1590 1629 1624 1660 id

891 1680 990 1713 urget
1014 1674 1073 1704 διο.
1095 1674 1188 1704 Vei-r.
1212 1683 1243 1703 v.
1267 1676 1293 1703 1.
1325 1673 1402 1703 novi
1419 1673 1551 1703 locum:
1576 1674 1624 1704 vi-

890 1717 965 1755 deo,
988 1717 1044 1748 ubi
1068 1727 1102 1747 se
1118 1715 1314 1757 jactaturus
1340 1716 1384 1746 sit
1409 1717 1623 1747 Hortensius.

892 1761 964 1791 Fin.
981 1761 1003 1791 i.
1023 1764 1073 1792 10.
1106 1761 1142 1790 in
1159 1769 1224 1800 quo
1243 1769 1277 1790 se
1292 1757 1429 1801 jactare
1443 1764 1555 1800 posset
1569 1770 1625 1790 ve-

890 1807 958 1834 stra
979 1805 1096 1835 oratio.
1118 1804 1215 1834 Rosc.
1236 1804 1276 1835 A.
1300 1805 1352 1835 32.
1377 1813 1444 1843 quo
1466 1809 1500 1834 te
1525 1803 1624 1834 modo

880 1846 1042 1889 jactares.
1068 1847 1110 1878 cf.
1137 1847 1244 1878 Flacc.
1271 1849 1324 1878 20.
1348 1846 1551 1877 *venditare
1574 1857 1623 1885 se,

890 1892 1032 1931 gratiam
1060 1898 1206 1931 captare.
1246 1892 1338 1922 Sext.
1365 1893 1417 1922 53.
1453 1890 1502 1921 ita
1527 1900 1562 1921 se
1587 1891 1623 1921 in

889 1935 1042 1975 populari
1056 1931 1358 1974 rationejactarat.
1390 1934 1461 1964 Att.
1476 1934 1511 1964 ii.
1531 1937 1559 1964 1.
1590 1944 1623 1964 v.

890 1979 997 2009 Graev.
1025 1978 1067 2009 ad
1091 1978 1160 2009 Cic.
1187 1978 1228 2008 ad
1251 1979 1327 2008 Div.
1351 1978 1418 2008 viii.
1445 1980 1494 2008 10.
1525 1977 1621 2008 video

890 2022 1072 2052 Curionem
1109 2032 1144 2052 se
1182 2021 1360 2062 dupliciter
1393 2019 1619 2062 jactaturum.

889 2076 1093 2106 quamquam
1105 2066 1151 2096 ibi
1153 2063 1287 2106 jactare
1295 2065 1422 2095 dictum
1438 2074 1508 2095 esse
1523 2064 1622 2096 aliter

888 2114 985 2150 puto,
1003 2119 1137 2150 nempe,
1155 2116 1193 2141 ut
1209 2109 1251 2140 ad
1267 2109 1343 2140 Div.
1358 2109 1392 2139 ii.
1417 2111 1466 2140 15.
1497 2109 1533 2140 in
1555 2118 1622 2147 qua

885 2161 925 2184 tu
957 2163 1023 2184 non
1053 2153 1147 2184 valde
1176 2157 1211 2183 te
1231 2150 1371 2194 jaceas:
1409 2151 1442 2182 h.
1474 2162 1503 2182 e.
1536 2151 1622 2182 nihil

887 2207 1090 2238 magnopere
1122 2198 1205 2236 agis,
1231 2195 1384 2236 quiescis·
1414 2195 1506 2225 *Est
1536 2195 1620 2225 adeo

886 2251 945 2281 pro
961 2241 1103 2281 placere.
1131 2241 1227 2271 Brut.
1244 2240 1296 2271 66.
1328 2249 1396 2269 non
1418 2239 1466 2269 ita
1487 2239 1545 2269 diu
1559 2237 1621 2279 ja·

884 2289 975 2315 ctare
990 2295 1024 2315 se
1040 2285 1153 2325 potuit
1168 2285 1228 2315 &c.
1255 2283 1275 2301 *Ψ
1288 2283 1349 2313 Est
1361 2283 1463 2313 etiam
1479 2283 1621 2313 actionis

886 2329 1020 2366 vitium,
1036 2328 1124 2368 quod
1140 2327 1212 2358 scil.
1227 2327 1400 2367 proprium
1414 2331 1466 2356 est
1480 2326 1549 2357 fere
1566 2326 1618 2363 iis,

887 2373 944 2411 qui
962 2382 996 2402 se
1013 2371 1202 2408 venditant,
1218 2374 1277 2401 aut
1294 2371 1355 2400 sibi
1372 2371 1408 2400 in
1422 2370 1532 2409 aliqua
1546 2379 1619 2399 ora-

883 2416 986 2446 tionis
1001 2419 1097 2456 parte
1110 2416 1208 2446 nimis
1222 2414 1366 2455 placent.
1382 2414 1476 2444 Brut.
1490 2413 1541 2443 60.
1555 2413 1619 2443 nisi

883 2469 918 2489 se
942 2469 1003 2490 suo
1026 2469 1117 2490 more
1135 2456 1339 2499 jactavisset,
1362 2456 1459 2487 hodie
1484 2461 1518 2486 te
1543 2457 1618 2487 istic

884 2512 1009 2534 muscae
1035 2502 1269 2533 comedissent.
1295 2501 1390 2531 verr.
1414 2500 1461 2530 iii.
1489 2503 1538 2533 19.
1559 2497 1620 2541 ja-

883 2547 982 2577 ctabit
992 2546 1214 2585 cerviculam3
1231 2545 1271 2575 de
1285 2544 1476 2575 Hortensio.
1499 2543 1618 2574 =‘icom-

886 2600 1017 2620 movere
1032 2600 1080 2628 se,
1103 2589 1203 2620 Tusc.
1220 2590 1254 2619 ii.
1274 2592 1323 2623 19.
1353 2587 1404 2617 his
1417 2591 1457 2617 tu
1473 2596 1618 2627 praesen-

885 2634 974 2664 tibus
991 2643 1138 2674 gemere,
1150 2637 1185 2663 et
1200 2639 1234 2663 te
1244 2630 1376 2674 jactare
1389 2640 1456 2661 non
1468 2629 1616 2660 audebis.

884 2678 1015 2708 *Tusa
1033 2678 1074 2707 iv.
1100 2680 1149 2707 lo.
1165 2674 1373 2717 jactantibus
1395 2684 1429 2703 se
1451 2674 1619 2713 opinioni-

882 2721 944 2751 bus
970 2721 1201 2751 inconstanter
1227 2723 1262 2749 et
1281 2716 1425 2749 turbide.
1448 2717 1468 2735 ²*
1483 2717 1619 2748 εῘιιιῑτανί

886 2765 1058 2802 dicuntur,
1082 2764 1138 2803 qui
1167 2767 1226 2793 aut
1252 2763 1286 2792 in
1312 2761 1413 2791 turba
1438 2760 1551 2800 aliqua
1576 2760 1619 2791 ab

885 2818 953 2839 uno
972 2808 1044 2838 loco
1067 2808 1101 2838 in
1119 2806 1222 2837 alium
1238 2805 1437 2842 truduntur,
1454 2811 1493 2835 ut
1508 2804 1619 2834 consi·

886 2856 974 2882 stere
995 2861 1062 2882 non
1091 2851 1229 2890 possint.
1254 2849 1367 2879 Plane.
1394 2852 1425 2883 7.
1443 2845 1556 2889 jactor
1581 2847 1617 2877 in

885 2896 997 2926 turba.
1021 2894 1114 2925 Verr.
1137 2895 1158 2924 i.
1181 2894 1233 2925 26.
1248 2890 1405 2934 jactatur
1420 2891 1510 2922 domi
1525 2900 1615 2921 suae:

886 2944 946 2971 aut
967 2949 989 2971 a
1009 2938 1182 2971 maritima
1202 2938 1403 2978 tempestate
1420 2933 1616 2976 deprehensi
