1815 3209
206 188 262 224 30

199 286 395 324 potentium,
410 286 602 323 secederent,
620 289 705 325 ceges
719 291 868 317 sacratas
883 287 943 317 sibi

203 329 266 366 ipsi
282 329 511 367 restituerent,
526 330 605 360 duos
619 331 764 360 tribunos
778 335 940 366 crearent,

205 377 344 402 montem
359 373 455 403 illum
471 377 565 404 crans
587 374 756 410 Anienem,
772 375 828 412 qai
845 373 941 403 hodie

204 424 294 445 mons
323 425 414 446 sacer
444 419 647 454 nominatur,
669 418 704 446 in
733 427 794 456 quo
816 419 942 447 armati

202 460 424 497 consederant,
436 464 564 490 ‹eterna›
580 461 740 490 memoriae
750 470 850 490 cansa
862 470 941 489 con—

203 508 382 533 secrarent.
429 503 479 534 Ad
502 514 532 542 q.
557 503 578 533 1.
603 503 690 534 male
713 503 887 541 Asconius,
904 504 938 533 in

203 552 319 576 monte
336 555 428 576 sacro
444 547 589 586 primum
613 551 763 577 sacratas
778 546 874 583 latas,
892 546 941 576 di-

204 589 264 626 cit,
280 594 314 619 et
337 590 436 620 verba
459 591 626 621 Ciceronis
651 590 821 627 sollicitat,
838 594 876 619 ut
900 600 940 619 ex

203 633 419 671 sequentibus
443 634 582 673 patebit.
627 633 732 673 Leges
753 639 867 662 autem
891 643 941 663 sa-

203 681 311 706 cratas
336 677 425 716 apud
446 677 578 707 Livium
601 682 669 706 tres
694 677 890 716 reperimus,
914 686 939 707 S.

202 718 284 758 legis
301 724 438 750 sac-ratze
463 721 496 750 in
521 725 635 750 monte
659 730 752 750 sacro
775 720 852 749 latae
874 721 941 750 tria

202 763 314 802 capita
328 764 460 803 potius3
484 768 652 793 sacratam
664 763 754 793 enim
772 765 872 802 legem
892 763 940 793 di-

202 806 262 843 cit,
278 806 300 836 l.
316 816 344 836 c.
362 812 396 836 et
413 811 552 837 sacrutce
574 808 661 845 leges
682 817 742 847 per
764 807 938 846 enallagen

200 858 259 888 pro
274 855 406 880 sacrata
423 850 486 880 dici
500 855 650 890 possunt.
662 861 691 880 v.
709 851 814 889 Leges
832 851 937 882 Titise.

203 895 231 922 1.
248 897 286 923 ut
303 893 441 924 Tribuni
453 895 624 933 quotannis
640 895 781 934 quinque
795 895 834 924 de
843 895 937 933 plebe

199 941 405 974 crearentur,
429 938 485 976 qni
514 939 638 968 auxilio
662 939 751 977 plebi
781 939 937 967 adversus

200 982 343 1010 consules
359 985 481 1010 essent.-
513 983 542 1012 Q.
567 985 605 1011 ut
628 981 721 1011 iidem
746 982 869 1011 tribum·
886 983 936 1020 pl.

197 1025 394 1053 sacrosancti.
411 1029 530 1054 essent:
555 1027 585 1055 3.
609 1029 647 1054 ut
668 1026 726 1054 soli
743 1025 862 1063 plebea
877 1026 936 1054 tri-

198 1067 277 1096 buni
287 1067 424 1106 fierent.
470 1068 623 1107 Sigonius
645 1068 685 1098 de
700 1068 731 1098 J.
750 1068 786 1097 C.
804 1068 842 1098 R.
866 1069 886 1098 i.
905 1069 935 1098 6.

198 1109 279 1140 duas
303 1111 383 1140 alias
407 1111 519 1141 addit:
556 1114 581 1141 1.
605 1121 646 1141 ne
667 1112 706 1141 de
728 1113 834 1151 eapite
858 1113 936 1142 civis

196 1154 261 1183 m‘si
275 1155 467 1184 centuriatis
482 1156 617 1185 comitiis
639 1160 797 1194 agwetur
808 1167 817 1184 :
848 1157 878 1185 2.
895 1166 936 1186 ‘ne

192 1198 384 1236 privilegia,
409 1198 440 1228 h.
460 1208 488 1228 e.
513 1199 701 1237 rogationes
724 1200 758 1228 in
782 1199 933 1229 homines

196 1241 358 1280 singulos,
362 1241 457 1282 ferri
473 1243 591 1272 liceret.
624 1243 667 1272 Et
680 1242 840 1272 dicuntur
854 1252 932 1273 sane

196 1290 335 1314 sacratae
352 1285 440 1324 leges
457 1285 545 1325 apud
562 1285 630 1316 Cic.
644 1296 703 1326 pro
716 1286 815 1316 Doni.
828 1292 863 1316 et
874 1296 933 1326 pro

196 1327 287 1358 Sext.
332 1328 396 1358 Sed
425 1330 537 1368 capita
566 1329 654 1359 illius
685 1330 767 1368 legis
793 1335 932 1360 sacratae

195 1371 310 1408 fuisse,
326 1382 399 1410 quae
416 1373 450 1402 in
467 1383 559 1402 sacro
576 1379 689 1403 monte
707 1373 775 1403 lata
789 1377 852 1410 est,
865 1383 931 1403 non

194 1414 361 1445 videntur.
406 1416 549 1456 Decepit
570 1417 677 1446 virum
702 1416 932 1447 doctissimum

196 1458 385 1498 multosque
409 1459 502 1496 alios,
524 1460 611 1498 quod
633 1464 778 1490 sacratas
802 1460 889 1499 leges
914 1471 934 1490 a

194 1511 287 1532 sacro
317 1507 433 1532 monte
464 1503 541 1539 dici,
569 1511 602 1533 et
633 1503 741 1534 nullas
772 1511 934 1543 praeterea

195 1545 275 1575 alias
291 1551 466 1586 putarunt.
476 1546 561 1576 Mihi
574 1548 777 1586 antiquiores
790 1547 841 1577 hae
858 1547 931 1578 duae

194 1588 283 1627 leges
300 1589 467 1626 videntur,
484 1595 517 1620 et
541 1590 625 1620 forte.
649 1596 708 1620 aut
724 1591 836 1631 capita
851 1592 932 1630 legis

195 1632 336 1662 Valerice
352 1633 391 1662 de
408 1635 653 1672 provocatione,
670 1639 728 1664 aut
750 1639 866 1664 tamen
891 1635 930 1665 ab

193 1676 310 1706 eodem
326 1676 497 1715 sigillatim
515 1677 605 1714 latae,
622 1687 659 1707 ac
683 1678 802 1708 deinde
823 1679 857 1707 in
874 1679 930 1709 xii.

192 1720 283 1749 tabb.
312 1720 455 1751 tralatae.
501 1720 588 1750 Nam
622 1721 674 1750 lex
705 1721 744 1751 de
774 1732 931 1761 provoca-

191 1763 284 1792 tione
302 1763 373 1802 ipsa
387 1769 438 1793 est
453 1769 594 1801 sacrata,
607 1769 646 1794 ut
662 1774 679 1794 e
694 1764 765 1795 Liv.
782 1766 815 1795 ii.
833 1769 862 1795 8.
879 1766 930 1795 in-

190 1806 370 1846 telligitur,
384 1812 419 1836 et
435 1807 530 1844 illud,
543 1808 583 1836 de
599 1808 707 1848 capite
724 1809 815 1846 civis,
828 1809 930 1839 ‹liser-

190 1855 225 1880 te
242 1850 283 1879 ad
298 1849 408 1889 legem
431 1851 471 1880 de
495 1852 728 1890 provocatione
752 1852 895 1882 refertur
910 1863 929 1882 a

192 1893 353 1933 Dionysio
376 1894 397 1923 l.
415 1905 443 1924 v.
467 1905 498 1934 p.
516 1905 560 1924 ni.
577 1897 650 1925 334.
690 1894 795 1934 Leges
814 1902 925 1926 autem

191 1935 242 1966 hae
274 1944 411 1967 sacratae
442 1937 601 1968 dicuntur
627 1944 815 1979 propterea,
846 1940 930 1979 qvod

189 1985 290 2019 caput
305 1978 389 2020 ejus,
406 1983 461 2021 qui
477 1986 589 2011 contra
592 1981 691 2022 fecit,
709 1987 927 2013 cousecratur.

191 2022 274 2053 Haec
290 2025 380 2054 enim
397 2029 447 2054 est
465 2035 531 2054 una
553 2035 571 2055 e
593 2026 701 2056 tribus
724 2026 776 2055 vel
800 2027 926 2057 duabus

189 2067 427 2098 sacrandarum
457 2070 670 2098 sanctionum
701 2069 828 2107 formis,
854 2080 926 2109 quae

190 2110 278 2150 apud
295 2111 490 2142 Ciceronem
506 2122 566 2152 pro
589 2112 682 2142 Balb.
706 2123 734 2143 c.
763 2116 809 2143 14.
835 2118 868 2143 et
892 2114 927 2144 in

189 2153 322 2184 Cornel.
333 2154 788 2194 Fragm.commemorantur.
805 2157 844 2186 de
856 2158 927 2195 qui—

171 2196 249 2227 ‘bus
272 2198 345 2227 vide
369 2200 568 2238 interpretes
592 2204 627 2229 et
650 2200 825 2230 Schwarzii
850 2201 927 2230 Dis-

186 2246 266 2270 sert.
283 2241 322 2271 de
339 2241 573 2272 Detestatione
593 2243 682 2273 Sacr.
727 2243 814 2273 Nam
839 2244 926 2274 hanc

187 2284 293 2323 ipsam
311 2285 351 2314 ob
368 2295 502 2315 causam
518 2287 622 2316 etiam
635 2286 748 2316 Tribb.
761 2287 805 2327 pl.
818 2297 926 2317 sacro—

186 2328 295 2357 sancti
325 2333 417 2365 sunt,
442 2329 529 2367 quod
559 2331 630 2369 ejus
661 2337 762 2369 caput
792 2340 923 2360 sacrum

186 2375 250 2407 est,
267 2371 323 2410 qui
340 2382 394 2401 eos
411 2372 556 2409 violavit,
572 2378 612 2403 ut
634 2383 652 2402 e
674 2373 855 2403 Rabiriana
874 2375 923 2403 in-

183 2413 293 2453 telligi
309 2420 430 2455 potest.
447 2415 489 2445 cf.
505 2415 648 2447 Budaeus
666 2417 706 2447 ad
722 2417 879 2447 Pandect.
892 2428 923 2457 p.

186 2467 231 2487 m.
248 2460 322 2488 334.
366 2457 484 2497 Itaque
508 2460 610 2490 etiam
628 2459 685 2489 illa
702 2460 838 2490 Valeria
855 2461 924 2491 Ho-

185 2502 276 2530 ratia
306 2511 357 2541 ap.
387 2501 458 2532 Liv.
488 2503 533 2532 iii.
559 2506 609 2534 55.
633 2510 762 2533 saerata
785 2504 838 2533 lex
860 2511 922 2534 est.

186 2543 278 2574 Nam
310 2544 390 2574 alias
418 2550 568 2575 sacratas
598 2548 695 2585 leges,
717 2555 840 2587 praeter
867 2557 921 2577 eas

185 2588 345 2626 quinque,
362 2598 442 2627 quas
458 2589 612 2628 Sigonius
635 2591 730 2627 facit,
747 2592 781 2620 in
807 2596 921 2621 monte

184 2640 278 2660 sacro
293 2631 450 2670 perlatas,
466 2632 579 2669 fuisse,
594 2643 692 2663 nemo
710 2643 832 2673 negare
849 2640 922 2674 pot-

184 2678 248 2711 est,
266 2675 321 2713 qui
345 2674 478 2705 Livium
501 2682 632 2706 attente
657 2677 750 2715 legit.
774 2677 811 2707 L.
829 2678 875 2708 iii.
893 2688 920 2708 c.

184 2720 236 2748 32.
268 2718 457 2748 concedunt
483 2720 632 2758 patribus
655 2720 777 2759 plebeii
801 2721 841 2751 de
866 2721 922 2751 de-

184 2761 350 2798 cemviris,
360 2762 458 2791 modo
470 2771 511 2792 m>
527 2764 580 2792 lex
599 2764 692 2793 [eilia
709 2765 748 2793 de
761 2764 921 2796 Aventino

183 2805 320 2843 aliaeque
333 2809 471 2834 sacrata>
487 2807 572 2843 leges
587 2807 840 2844 abrogarentur.
871 2809 921 2838 Ex

184 2857 250 2885 quo
266 2847 479 2887 intelligitur,
489 2849 590 2878 etiam
608 2851 739 2880 ch'ciam
755 2856 921 2881 sacratam

180 2890 294 2920 fuisse.
317 2889 356 2919 L.
366 2891 419 2921 vii.
436 2901 464 2921 e.
481 2894 519 2922 41
533 2904 539 2920 ε
559 2892 632 2922 Lex·
647 2903 770 2932 quoque
783 2899 918 2924 sumata

181 2934 339 2964 ‘militaris
354 2935 425 2964 lata
439 2938 498 2972 est,
510 2945 551 2964 ne
562 2933 658 2975 eujus
676 2938 790 2967 militis
804 2939 918 2976 scripti

179 2986 307 3014 nomen,
323 2978 386 3007 nisi
401 2979 466 3017 ipso
483 2980 616 3015 volente,
632 2979 807 3011 deleretur.
845 2981 917 3011 Me-

745 230 747 233 ,
794 199 939 228 mnex
961 194 1136 228 LEGUM.

986 291 1093 317 morat
1109 287 1197 316 idem
1214 287 1317 326 legem
1335 291 1502 318 sacratam
1521 288 1718 326 Volscorum,

987 330 1228 362 Hetruscorum
1268 331 1472 370 aliorumque
1509 332 1720 372 populorum,

986 383 1051 412 qua
1067 373 1190 405 milites,
1214 373 1419 413 legebantur.
1445 375 1509 405 vid.
1525 375 1546 405 l.
1562 375 1606 405 ix.
1623 386 1651 406 c.
1667 377 1719 410 39.

987 417 1075 447 unde
1103 418 1227 447 sam-ati
1256 419 1381 448 milites.
1418 418 1495 449 ibid.
1526 429 1555 448 c.
1580 421 1633 449 40.
1679 419 1718 449 ln

985 461 1125 490 eandem
1141 461 1343 491 sententiam
1362 461 1566 499 Perizonius,
1583 462 1617 491 in
1641 462 1721 492 Ani-

985 503 1279 542 madversionibus,
1296 504 1335 534 de
1352 505 1478 544 legibus
1500 506 1637 535 sacratis
1651 510 1720 535 tra-

985 547 1080 576 didit.
1105 547 1163 576 Est
1180 547 1270 577 locus
1287 558 1315 578 c.
1336 551 1383 579 10.
1401 559 1432 588 p.
1449 551 1523 579 418.
1561 549 1718 579 Ceterum

985 589 1077 619 locus
1094 589 1148 620 ille
1166 590 1319 621 classicus
1335 597 1369 622 ct
1388 593 1575 632 praecipuus
1591 602 1631 622 ex
1647 601 1720 622 ora-

983 634 1075 663 tione
1093 644 1151 673 pro
1166 633 1269 664 Balbo
1289 640 1324 665 et
1348 635 1548 667 Corneliana
1568 636 1720 675 fugiebat

983 681 1058 706 tum
1088 687 1258 707 summum
1289 679 1416 708 virum:
1450 680 1531 709 item
1555 679 1641 709 alter
1663 679 1718 709 ille

985 720 1141 750 Livianus
1163 721 1202 750 de
1226 728 1355 751 sacrata
1377 721 1525 752 militari.
1570 722 1658 752 Illud
1681 733 1718 752 u-

985 773 1066 794 num
1091 764 1222 801 addam,
1249 765 1371 803 Legem
1402 766 1571 796 Valeriam
1600 766 1717 796 eadem

983 807 1127 837 formula
1142 808 1275 844 sanciri,
1292 818 1357 848 qua
1377 814 1507 839 sacrata
1528 809 1718 847 tribunitia,

983 861 1036 891 ap.
1054 851 1191 891 Dionys.
1207 851 1229 882 l.
1245 852 1286 881 vi.
1305 862 1335 891 p.
1352 855 1425 882 410.

1025 895 1183 925 ScA'rlNlA
1207 895 1259 924 vel
1282 895 1477 932 Scawrwm,
1504 896 1601 934 (mire
1624 896 1714 926 enim

981 938 1015 968 in
1032 938 1093 968 hoc
1116 939 1251 968 nomine
1275 940 1404 969 variant
1428 939 1530 969 Codd.
1553 939 1618 969 vid.
1642 939 1717 969 Fer-

981 991 1043 1012 rar.
1060 982 1100 1011 ad
1118 981 1200 1012 Phil.
1218 982 1263 1012 iii.
1280 982 1324 1020 6.)
1346 982 1415 1012 lata
1436 992 1456 1012 a
1472 982 1617 1012 ‚Sc-atinio
1638 983 1717 1013 trib.

980 1024 1025 1065 pl.
1042 1025 1080 1055 A.
1097 1025 1137 1055 U.
1154 1025 1291 1055 dubium
1309 1036 1385 1065 quo,
1401 1027 1436 1056 in
1453 1028 1562 1056 molles
1576 1030 1607 1056 et
1629 1024 1717 1066 eff'oe-

979 1070 1129 1106 minutos,
1145 1070 1200 1108 qui
1216 1069 1361 1109 nefanda.
1384 1070 1507 1100 Venere
1530 1073 1716 1106 uterentur,

979 1111 1012 1142 h.
1029 1122 1057 1141 e.
1075 1117 1132 1142 aut
1149 1112 1210 1152 ipsi
1235 1112 1409 1142 muliebria
1431 1118 1640 1153 paterentur,
1657 1119 1715 1143 ant

980 1156 1090 1195 pueris
1106 1155 1171 1185 vini
1183 1155 1346 1193 facerent,
1359 1157 1476 1195 quibus
1489 1166 1586 1196 poena
1599 1156 1715 1187 decem

979 1198 1122 1228 millium
1154 1209 1332 1229 numerum
1362 1200 1556 1237 statuebat3
1588 1210 1628 1230 ex
1651 1209 1718 1239 qua

977 1243 1039 1272 sibi
1056 1243 1208 1272 inimicos
1228 1243 1474 1273 accusationem
1499 1244 1619 1273 minari
1635 1244 1715 1273 scri-

977 1286 1027 1315 bit
1044 1286 1165 1316 Coelius
1182 1296 1234 1325 ep.
1251 1289 1298 1316 13.
1317 1287 1356 1316 cf.
1371 1286 1455 1316 Phil.
1471 1287 1517 1316 iii.
1533 1288 1564 1317 6.
1610 1287 1659 1317 Ex
1675 1297 1716 1317 eo

977 1328 1049 1359 loco
1066 1329 1279 1369 intelligitur,
1296 1329 1519 1369 legislatorem
1540 1330 1714 1361 Aricinum

976 1372 1088 1403 fuisse.
1104 1373 1169 1404 vid.
1186 1373 1283 1413 plura
1298 1383 1349 1413 ap.
1367 1373 1500 1403 Gravin.
1512 1374 1625 1413 Origg.
1641 1373 1716 1404 Jur.

977 1415 1016 1447 R.
1032 1427 1064 1456 p.
1080 1420 1154 1447 4:33.
1177 1417 1229 1447 ed.
1254 1427 1327 1446 nov.
1350 1417 1503 1456 inprimis
1529 1417 1714 1448 Christium

976 1470 1006 1490 v.
1024 1460 1092 1490 Cel.
1109 1460 1147 1490 de
1166 1460 1254 1499 Lege
1270 1460 1428 1490 Scatinia.

1019 1504 1224 1533 SEMPRONJAE
1244 1504 1358 1534 Leues
1383 1503 1565 1534 laudantur
1587 1504 1672 1535 Phil.
1688 1504 1712 1535 i.

976 1550 1007 1580 7.
1024 1548 1063 1577 ‹le
1079 1548 1197 1587 quibus
1210 1547 1369 1587 legendus
1383 1547 1551 1578 Plutarch.
1564 1548 1600 1578 in
1611 1548 1713 1578 Grae-

976 1590 1057 1621 chis.

1017 1634 1091 1664 ΤιΒ.
1108 1634 1268 1664 GRAccni
1283 1634 1432 1673 Agraria
1451 1634 1655 1674 Sempronia,
1668 1644 1711 1665 ne

975 1678 1047 1716 quis
1065 1679 1135 1717 agri
1158 1677 1232 1718 plus
1253 1688 1351 1716 quam
1372 1687 1404 1708 D.
1423 1679 1545 1717 jugera
1567 1678 1714 1718 posside-

975 1727 1038 1757 ret,
1055 1721 1142 1760 quod
1151 1723 1223 1760 jain
1241 1721 1312 1760 lege
1327 1723 1459 1751 Licinia
1471 1722 1615 1752 Stolonis
1632 1731 1713 1751 cau-

973 1769 1048 1795 tum
1069 1766 1190 1802 fuerat,
1207 1765 1265 1794 sed
1282 1765 1472 1805 neglectum
1490 1766 1558 1805 jam
1575 1765 1632 1795 diu
1646 1777 1653 1795 ι
1679 1771 1713 1795 et

973 1814 1013 1838 ut
1034 1813 1102 1838 tres
1118 1809 1176 1838 viri
1192 1808 1328 1839 tributis
1345 1809 1489 1838 comitiis
1505 1814 1712 1846 crearentur,

973 1853 1029 1890 qui
1047 1862 1140 1891 agros
1157 1852 1354 1889 dividerent,
1367 1862 1448 1891 quos
1461 1853 1579 1883 divites
1590 1856 1713 1892 praeter

972 1896 1061 1925 hunc
1079 1895 1215 1926 niodum
1233 1896 1450 1935 possiderent.
1495 1895 1565 1926 Lex
1583 1895 1714 1936 perlata

972 1949 1038 1969 non
1056 1944 1117 1969 est.
1132 1939 1197 1969 vid.
1212 1939 1430 1969 Plutarchum
1442 1940 1476 1969 in
1490 1939 1658 1970 Gracchis.
1671 1939 1712 1969 de

971 1983 1117 2012 motibus
1134 1983 1272 2022 agrariis
1290 1983 1365 2012 inde
1383 1993 1402 2012 a
1420 1982 1492 2022 lege
1516 1982 1658 2021 Licinia,
1675 1983 1711 2013 in

973 2027 1086 2066 primis
1117 2026 1156 2056 de
1188 2027 1394 2065 Sempronia,
1419 2026 1482 2056 vid.
1506 2025 1648 2066 Appian.
1670 2026 1710 2056 B.

973 2070 1010 2100 C.
1027 2070 1059 2100 ii.
1076 2072 1106 2101 ΕΖ.
1128 2073 1152 2100 1.
1169 2080 1201 2109 p.
1220 2070 1293 2100 604.
1310 2070 1362 2099 ed.
1377 2069 1463 2100 Tell.
1486 2069 1603 2100 Vellei.
1620 2070 1654 2100 ii.
1678 2071 1709 2101 2.

971 2113 1062 2153 Epit.
1088 2113 1157 2143 Liv.
1181 2116 1233 2143 58.
1264 2120 1299 2143 et
1322 2113 1366 2142 ibi
1391 2113 1479 2143 Dux.
1510 2113 1713 2152 Fragmenta

971 2157 1041 2195 ejus
1072 2156 1154 2195 legis
1186 2157 1285 2186 habet
1315 2156 1457 2193 Goesius,
1480 2156 1548 2187 Scr.
1575 2156 1652 2196 Agr.
1677 2167 1710 2196 p.

971 2203 1044 2234 349.
1062 2201 1174 2238 Sigon.
1191 2200 1230 2229 de
1247 2200 1285 2230 A.
1301 2199 1333 2230 J.
1350 2199 1371 2229 l.
1388 2201 1422 2230 ii.
1439 2202 1470 2231 2.
1516 2200 1564 2230 Ex
1581 2209 1620 2229 ea
1635 2199 1709 2239 lege

970 2251 1004 2273 et
1030 2244 1176 2273 Coloniae
1200 2243 1404 2274 deducendae
1425 2247 1532 2274 erant.
1548 2253 1577 2273 v.
1593 2243 1710 2283 Agrar.

971 2288 1004 2317 ii.
1026 2289 1074 2318 12.
1091 2293 1126 2316 et
1142 2287 1186 2316 ibi
1205 2286 1337 2316 Manut.

1015 2330 1051 2360 C.
1063 2331 1223 2360 GRACCffl
1235 2331 1490 2361 Framentaria:
1507 2340 1537 2361 v.
1546 2330 1582 2360 in
1591 2329 1709 2362 Frum.

970 2373 1047 2404 LL.

1014 2418 1050 2447 C.
1067 2417 1228 2447 ΘΒΜ-(Ἧι
1245 2417 1283 2447 de
1299 2417 1487 2457 provinciis.
1507 2415 1547 2446 de
1571 2426 1611 2446 ea
1632 2416 1707 2447 vide

968 2460 1167 2500 Argument.
1184 2461 1241 2491 Or.
1257 2461 1297 2490 de
1310 2461 1459 2490 Provinc.
1473 2460 1571 2490 Cous.
1585 2460 1708 2499 ipsam-

968 2514 1031 2542 que
1047 2505 1244 2534 orationem.
1288 2504 1462 2534 Laudatur
1483 2513 1542 2543 pro
1557 2503 1661 2533 Balbo
1677 2514 1705 2533 c.

967 2549 1020 2581 27.
1037 2547 1079 2577 ad
1095 2548 1170 2577 Div.
1187 2548 1207 2577 i.
1224 2551 1255 2581 7.
1272 2557 1331 2587 pro
1354 2548 1463 2577 Domo
1479 2557 1507 2577 c.
1523 2550 1554 2581 9.
1600 2546 1650 2576 Ex
1666 2557 1706 2576 ea

966 2591 1145 2630 provineiae
1169 2592 1419 2630 magistratibus
1443 2590 1592 2620 nondum
1617 2600 1708 2620 crea·

966 2634 1010 2664 tis
1027 2645 1046 2664 a
1061 2639 1181 2664 senatu
1198 2634 1480 2664 decernebantur:
1507 2633 1606 2672 idque
1623 2643 1708 2673 prae-

966 2678 1103 2717 cipuuin
1134 2679 1204 2717 ejus
1236 2677 1429 2717 caputsuit.
1475 2677 1526 2706 De
1549 2686 1590 2706 ea
1611 2677 1707 2717 capio

966 2722 1068 2750 etiam
1085 2721 1143 2750 illa
1157 2721 1257 2750 verba
1270 2720 1364 2750 Verr.
1387 2721 1432 2750 iii.
1457 2721 1494 2750 6:
1529 2719 1708 2758 Vectigali-

966 2760 1025 2794 Ims
1052 2766 1198 2794 censoria
1229 2765 1340 2794 locatio
1369 2765 1545 2794 constituta
1578 2767 1636 2800 est,
1668 2767 1706 2793 ut

964 2809 1051 2838 Asioe
1067 2810 1138 2846 lege
1160 2808 1367 2847 Sempronia.
1393 2806 1630 2837 Hotomannus
1646 2806 1707 2837 ali-

964 2856 1028 2881 ter.

1008 2895 1044 2924 C.
1060 2894 1222 2924 GRAcctss
1238 2894 1277 2923 de
1299 2893 1447 2924 libertate
1468 2894 1590 2923 civium
1607 2892 1703 2923 Rom.

962 2947 1028 2976 qua
1051 2944 1189 2967 cautum
1213 2942 1276 2973 est,
1293 2946 1335 2966 ne
1359 2937 1399 2966 de
1415 2937 1524 2977 capite
1540 2937 1620 2966 civis
1635 2936 1703 2966 Ro-

962 2980 1054 3010 mani
1077 2981 1206 3020 injussu
1228 2980 1343 3021 populi
1366 2981 1462 3011 Rom.
1479 2979 1703 3020 judicaretur.
