<?xml version="1.0" encoding="UTF-8"?>
<!DOCTYPE html PUBLIC "-//W3C//DTD XHTML 1.0 Transitional//EN"
    "http://www.w3.org/TR/xhtml1/DTD/xhtml1-transitional.dtd">
<html xmlns="http://www.w3.org/1999/xhtml" xml:lang="en" lang="en">
 <head>
  <title>
</title>
<meta http-equiv="Content-Type" content="text/html;charset=utf-8" />
  <meta name='ocr-system' content='tesseract 3.04.00' />
  <meta name='ocr-capabilities' content='ocr_page ocr_carea ocr_par ocr_line ocrx_word'/>
</head>
<body>
  <div class='ocr_page' id='page_1' title='image "./operaomnia05ciceuoft/operaomnia05ciceuoft_0093.png"; bbox 0 0 1804 3178; ppageno 0'>
   <div class='ocr_carea' id='block_1_1' title="bbox 646 109 1150 144">
    <p class='ocr_par' dir='ltr' id='par_1_1' title="bbox 646 109 1150 144">
     <span class='ocr_line' id='line_1_1' title="bbox 646 109 1150 144; baseline 0.012 -6"><span class='ocrx_word' id='word_1_1' title='bbox 646 109 809 139; x_wconf 68' lang='lat' dir='ltr'><strong>lnnnx</strong></span> <span class='ocrx_word' id='word_1_2' title='bbox 836 112 1150 144; x_wconf 76' lang='lat' dir='ltr'><strong>lils&#39;ronlcvs.</strong></span> 
     </span>
    </p>
   </div>
   <div class='ocr_carea' id='block_1_2' title="bbox 150 193 885 2013">
    <p class='ocr_par' dir='ltr' id='par_1_2' title="bbox 197 193 704 232">
     <span class='ocr_line' id='line_1_2' title="bbox 197 193 704 232; baseline -0.002 -4"><span class='ocrx_word' id='word_1_3' title='bbox 197 195 336 232; x_wconf 63' lang='lat' dir='ltr'><strong>(imber,</strong></span> <span class='ocrx_word' id='word_1_4' title='bbox 348 193 414 227; x_wconf 81' lang='lat' dir='ltr'><strong>vid.</strong></span> <span class='ocrx_word' id='word_1_5' title='bbox 425 194 545 227; x_wconf 77' lang='lat' dir='ltr'>Tillius</span> <span class='ocrx_word' id='word_1_6' title='bbox 558 194 704 227; x_wconf 81' lang='lat' dir='ltr'><strong>Cimber.</strong></span> 
     </span>
    </p>

    <p class='ocr_par' dir='ltr' id='par_1_3' title="bbox 152 237 877 310">
     <span class='ocr_line' id='line_1_3' title="bbox 199 237 877 274; baseline 0.001 -6"><span class='ocrx_word' id='word_1_7' title='bbox 199 237 324 274; x_wconf 70' lang='lat' dir='ltr'><strong>(imon,</strong></span> <span class='ocrx_word' id='word_1_8' title='bbox 351 237 418 268; x_wconf 78' lang='lat' dir='ltr'><strong>Off.</strong></span> <span class='ocrx_word' id='word_1_9' title='bbox 448 238 484 269; x_wconf 90' lang='lat' dir='ltr'><strong>ii.</strong></span> <span class='ocrx_word' id='word_1_10' title='bbox 512 239 559 268; x_wconf 85' lang='lat'><strong>18.</strong></span> <span class='ocrx_word' id='word_1_11' title='bbox 587 237 621 268; x_wconf 89' lang='lat' dir='ltr'><strong>in</strong></span> <span class='ocrx_word' id='word_1_12' title='bbox 644 247 719 268; x_wconf 87' lang='lat' dir='ltr'><strong>suos</strong></span> <span class='ocrx_word' id='word_1_13' title='bbox 739 237 877 269; x_wconf 80' lang='lat' dir='ltr'><strong>curiales</strong></span> 
     </span>
     <span class='ocr_line' id='line_1_4' title="bbox 152 276 413 310; baseline 0 0"><span class='ocrx_word' id='word_1_14' title='bbox 152 276 212 310; x_wconf 72' lang='lat' dir='ltr'><strong>hot</strong></span> <span class='ocrx_word' id='word_1_15' title='bbox 236 279 324 310; x_wconf 80' lang='lat' dir='ltr'><strong>italis</strong></span> <span class='ocrx_word' id='word_1_16' title='bbox 339 279 413 310; x_wconf 78' lang='lat' dir='ltr'><strong>suit.</strong></span> 
     </span>
    </p>

    <p class='ocr_par' dir='ltr' id='par_1_4' title="bbox 150 320 879 395">
     <span class='ocr_line' id='line_1_5' title="bbox 171 320 879 370; baseline 0.003 -18"><span class='ocrx_word' id='word_1_17' title='bbox 171 362 179 370; x_wconf 40' lang='grc' dir='ltr'>ι</span> <span class='ocrx_word' id='word_1_18' title='bbox 237 323 424 359; x_wconf 66' lang='lat' dir='ltr'><strong>nuc-innatus,</strong></span> <span class='ocrx_word' id='word_1_19' title='bbox 446 321 513 352; x_wconf 73' lang='lat' dir='ltr'><strong>vid.</strong></span> <span class='ocrx_word' id='word_1_20' title='bbox 537 320 578 353; x_wconf 87' lang='lat' dir='ltr'><strong>L.</strong></span> <span class='ocrx_word' id='word_1_21' title='bbox 614 321 772 363; x_wconf 74' lang='lat' dir='ltr'><strong>Quintius</strong></span> <span class='ocrx_word' id='word_1_22' title='bbox 800 322 879 354; x_wconf 86' lang='lat' dir='ltr'><strong>Cin-</strong></span> 
     </span>
     <span class='ocr_line' id='line_1_6' title="bbox 150 372 241 395; baseline 0.022 -2"><span class='ocrx_word' id='word_1_23' title='bbox 150 372 241 395; x_wconf 78' lang='lat' dir='ltr'><strong>cinn.</strong></span> 
     </span>
    </p>

    <p class='ocr_par' dir='ltr' id='par_1_5' title="bbox 151 405 879 480">
     <span class='ocr_line' id='line_1_7' title="bbox 196 405 879 449; baseline 0.003 -12"><span class='ocrx_word' id='word_1_24' title='bbox 196 406 240 437; x_wconf 90' lang='lat' dir='ltr'><strong>L.</strong></span> <span class='ocrx_word' id='word_1_25' title='bbox 261 405 402 442; x_wconf 74' lang='lat' dir='ltr'><strong>Cincius,</strong></span> <span class='ocrx_word' id='word_1_26' title='bbox 416 405 487 436; x_wconf 78' lang='lat' dir='ltr'><strong>Att.</strong></span> <span class='ocrx_word' id='word_1_27' title='bbox 504 405 525 436; x_wconf 91' lang='lat' dir='ltr'><strong>i.</strong></span> <span class='ocrx_word' id='word_1_28' title='bbox 542 407 568 437; x_wconf 92' lang='lat' dir='ltr'><strong>l.</strong></span> <span class='ocrx_word' id='word_1_29' title='bbox 581 409 615 440; x_wconf 82' lang='grc'><strong>’1.</strong></span> <span class='ocrx_word' id='word_1_30' title='bbox 630 407 879 449; x_wconf 79' lang='lat' dir='ltr'><strong>16.procurator</strong></span> 
     </span>
     <span class='ocr_line' id='line_1_8' title="bbox 151 445 462 480; baseline 0 -2"><span class='ocrx_word' id='word_1_31' title='bbox 151 445 267 479; x_wconf 76' lang='lat' dir='ltr'><strong>Attici.</strong></span> <span class='ocrx_word' id='word_1_32' title='bbox 279 449 362 480; x_wconf 74' lang='lat' dir='ltr'><strong>adde</strong></span> <span class='ocrx_word' id='word_1_33' title='bbox 375 448 396 478; x_wconf 91' lang='lat' dir='ltr'><strong>i.</strong></span> <span class='ocrx_word' id='word_1_34' title='bbox 410 449 462 479; x_wconf 75' lang='lat'><strong>20.</strong></span> 
     </span>
    </p>

    <p class='ocr_par' dir='ltr' id='par_1_6' title="bbox 151 489 878 566">
     <span class='ocr_line' id='line_1_9' title="bbox 194 489 878 529; baseline 0.003 -8"><span class='ocrx_word' id='word_1_35' title='bbox 194 489 246 521; x_wconf 83' lang='lat' dir='ltr'><strong>M.</strong></span> <span class='ocrx_word' id='word_1_36' title='bbox 267 489 407 526; x_wconf 65' lang='lat' dir='ltr'><strong>cim-ius,</strong></span> <span class='ocrx_word' id='word_1_37' title='bbox 422 490 480 520; x_wconf 87' lang='lat' dir='ltr'><strong>Or.</strong></span> <span class='ocrx_word' id='word_1_38' title='bbox 497 489 530 520; x_wconf 90' lang='lat' dir='ltr'><strong>ii.</strong></span> <span class='ocrx_word' id='word_1_39' title='bbox 542 493 557 524; x_wconf 83' lang='lat'><strong>7</strong></span> <span class='ocrx_word' id='word_1_40' title='bbox 569 493 595 522; x_wconf 93' lang='lat'><strong>1.</strong></span> <span class='ocrx_word' id='word_1_41' title='bbox 608 489 714 529; x_wconf 59' lang='lat' dir='ltr'><strong>legem</strong></span> <span class='ocrx_word' id='word_1_42' title='bbox 731 491 770 523; x_wconf 92' lang='lat' dir='ltr'><strong>de</strong></span> <span class='ocrx_word' id='word_1_43' title='bbox 785 491 878 524; x_wconf 85' lang='lat' dir='ltr'><strong>donis</strong></span> 
     </span>
     <span class='ocr_line' id='line_1_10' title="bbox 151 532 744 566; baseline 0.005 -4"><span class='ocrx_word' id='word_1_44' title='bbox 151 535 188 562; x_wconf 90' lang='lat' dir='ltr'><strong>et</strong></span> <span class='ocrx_word' id='word_1_45' title='bbox 202 532 391 563; x_wconf 84' lang='lat' dir='ltr'><strong>munen&#39;bus</strong></span> <span class='ocrx_word' id='word_1_46' title='bbox 403 532 478 562; x_wconf 80' lang='lat' dir='ltr'><strong>fert.</strong></span> <span class='ocrx_word' id='word_1_47' title='bbox 490 543 521 562; x_wconf 80' lang='lat' dir='ltr'><strong>v.</strong></span> <span class='ocrx_word' id='word_1_48' title='bbox 536 532 604 564; x_wconf 80' lang='lat' dir='ltr'><strong>Lex</strong></span> <span class='ocrx_word' id='word_1_49' title='bbox 619 534 744 566; x_wconf 78' lang='lat' dir='ltr'><strong>sim-ia.</strong></span> 
     </span>
    </p>

    <p class='ocr_par' dir='ltr' id='par_1_7' title="bbox 150 572 879 816">
     <span class='ocr_line' id='line_1_11' title="bbox 195 572 878 614; baseline 0.004 -10"><span class='ocrx_word' id='word_1_50' title='bbox 195 572 241 604; x_wconf 87' lang='lat' dir='ltr'><strong>P.</strong></span> <span class='ocrx_word' id='word_1_51' title='bbox 261 573 400 611; x_wconf 71' lang='lat' dir='ltr'><strong>Cincius,</strong></span> <span class='ocrx_word' id='word_1_52' title='bbox 414 574 496 604; x_wconf 85' lang='lat' dir='ltr'><strong>Sull.</strong></span> <span class='ocrx_word' id='word_1_53' title='bbox 508 578 560 606; x_wconf 66' lang='lat'><strong>90.</strong></span> <span class='ocrx_word' id='word_1_54' title='bbox 583 586 682 614; x_wconf 84' lang='lat' dir='ltr'>eques</span> <span class='ocrx_word' id='word_1_55' title='bbox 697 576 878 613; x_wconf 82' lang='lat' dir='ltr'><strong>Romanus,</strong></span> 
     </span>
     <span class='ocr_line' id='line_1_12' title="bbox 150 616 878 656; baseline 0.005 -10"><span class='ocrx_word' id='word_1_56' title='bbox 150 624 212 656; x_wconf 86' lang='lat' dir='ltr'><strong>pro</strong></span> <span class='ocrx_word' id='word_1_57' title='bbox 225 618 337 655; x_wconf 86' lang='lat' dir='ltr'><strong>quoin</strong></span> <span class='ocrx_word' id='word_1_58' title='bbox 349 616 441 647; x_wconf 85' lang='lat' dir='ltr'>codd.</span> <span class='ocrx_word' id='word_1_59' title='bbox 459 626 525 647; x_wconf 87' lang='lat' dir='ltr'><strong>non</strong></span> <span class='ocrx_word' id='word_1_60' title='bbox 541 617 639 648; x_wconf 87' lang='lat' dir='ltr'><strong>nullis</strong></span> <span class='ocrx_word' id='word_1_61' title='bbox 651 625 699 649; x_wconf 86' lang='lat' dir='ltr'><strong>est</strong></span> <span class='ocrx_word' id='word_1_62' title='bbox 716 618 834 650; x_wconf 80' lang='lat' dir='ltr'><strong>Sicius.</strong></span> <span class='ocrx_word' id='word_1_63' title='bbox 848 629 878 650; x_wconf 78' lang='lat' dir='ltr'><strong>v.</strong></span> 
     </span>
     <span class='ocr_line' id='line_1_13' title="bbox 157 657 878 692; baseline 0.001 -3"><span class='ocrx_word' id='word_1_64' title='bbox 157 657 243 692; x_wconf 63' lang='grc' dir='ltr'><strong>θοή.</strong></span> <span class='ocrx_word' id='word_1_65' title='bbox 257 659 304 689; x_wconf 81' lang='lat' dir='ltr'><strong>ad</strong></span> <span class='ocrx_word' id='word_1_66' title='bbox 315 659 402 690; x_wconf 81' lang='lat' dir='ltr'><strong>Suu.</strong></span> <span class='ocrx_word' id='word_1_67' title='bbox 423 658 456 690; x_wconf 87' lang='lat' dir='ltr'><strong>C.</strong></span> <span class='ocrx_word' id='word_1_68' title='bbox 474 661 525 690; x_wconf 77' lang='lat'><strong>21.</strong></span> <span class='ocrx_word' id='word_1_69' title='bbox 539 661 594 690; x_wconf 73' lang='lat' dir='ltr'><strong>ubi</strong></span> <span class='ocrx_word' id='word_1_70' title='bbox 607 661 695 692; x_wconf 84' lang='lat' dir='ltr'><strong>docet</strong></span> <span class='ocrx_word' id='word_1_71' title='bbox 710 671 822 692; x_wconf 83' lang='lat' dir='ltr'><strong>veram</strong></span> <span class='ocrx_word' id='word_1_72' title='bbox 835 663 878 691; x_wconf 79' lang='lat' dir='ltr'><strong>le-</strong></span> 
     </span>
     <span class='ocr_line' id='line_1_14' title="bbox 151 700 879 743; baseline 0.005 -13"><span class='ocrx_word' id='word_1_73' title='bbox 151 700 289 732; x_wconf 81' lang='lat' dir='ltr'><em>ctionem</em></span> <span class='ocrx_word' id='word_1_74' title='bbox 315 711 380 731; x_wconf 77' lang='lat' dir='ltr'><strong>esse</strong></span> <span class='ocrx_word' id='word_1_75' title='bbox 404 701 516 737; x_wconf 76' lang='lat' dir='ltr'><strong>Sitius.</strong></span> <span class='ocrx_word' id='word_1_76' title='bbox 547 703 598 733; x_wconf 83' lang='lat' dir='ltr'><strong>vel</strong></span> <span class='ocrx_word' id='word_1_77' title='bbox 622 704 753 739; x_wconf 86' lang='lat' dir='ltr'><strong>Sittius,</strong></span> <span class='ocrx_word' id='word_1_78' title='bbox 780 703 879 743; x_wconf 79' lang='lat' dir='ltr'><strong>deque</strong></span> 
     </span>
     <span class='ocr_line' id='line_1_15' title="bbox 152 743 876 784; baseline 0.004 -11"><span class='ocrx_word' id='word_1_79' title='bbox 152 743 280 774; x_wconf 76' lang='lat' dir='ltr'><strong>homine</strong></span> <span class='ocrx_word' id='word_1_80' title='bbox 300 744 476 783; x_wconf 75' lang='lat' dir='ltr'><strong><em>diligenter</em></strong></span> <span class='ocrx_word' id='word_1_81' title='bbox 499 745 583 784; x_wconf 78' lang='lat' dir='ltr'><strong>agit.</strong></span> <span class='ocrx_word' id='word_1_82' title='bbox 607 755 639 776; x_wconf 86' lang='lat' dir='ltr'><strong>v.</strong></span> <span class='ocrx_word' id='word_1_83' title='bbox 661 746 762 776; x_wconf 84' lang='lat' dir='ltr'><strong>etiam</strong></span> <span class='ocrx_word' id='word_1_84' title='bbox 783 745 820 776; x_wconf 78' lang='lat' dir='ltr'><strong>in</strong></span> <span class='ocrx_word' id='word_1_85' title='bbox 841 745 876 776; x_wconf 89' lang='lat' dir='ltr'><strong>P.</strong></span> 
     </span>
     <span class='ocr_line' id='line_1_16' title="bbox 152 784 265 816; baseline 0.018 -2"><span class='ocrx_word' id='word_1_86' title='bbox 152 784 265 816; x_wconf 87' lang='lat' dir='ltr'><strong>Sitius.</strong></span> 
     </span>
    </p>

    <p class='ocr_par' dir='ltr' id='par_1_8' title="bbox 152 825 879 944">
     <span class='ocr_line' id='line_1_17' title="bbox 199 825 878 870; baseline 0.003 -12"><span class='ocrx_word' id='word_1_87' title='bbox 199 825 326 866; x_wconf 69' lang='lat' dir='ltr'><strong>aneas,</strong></span> <span class='ocrx_word' id='word_1_88' title='bbox 347 829 445 860; x_wconf 82' lang='lat' dir='ltr'><strong>Tusc.</strong></span> <span class='ocrx_word' id='word_1_89' title='bbox 469 829 491 859; x_wconf 92' lang='lat' dir='ltr'><strong>i.</strong></span> <span class='ocrx_word' id='word_1_90' title='bbox 514 831 566 862; x_wconf 71' lang='lat'><strong>94.</strong></span> <span class='ocrx_word' id='word_1_91' title='bbox 600 829 715 870; x_wconf 80' lang='lat' dir='ltr'><strong>Pyrrhi</strong></span> <span class='ocrx_word' id='word_1_92' title='bbox 737 829 878 868; x_wconf 80' lang='lat' dir='ltr'><strong>legatus,</strong></span> 
     </span>
     <span class='ocr_line' id='line_1_18' title="bbox 152 871 879 913; baseline 0.006 -14"><span class='ocrx_word' id='word_1_93' title='bbox 152 876 282 902; x_wconf 68' lang='lat' dir='ltr'><strong>summa</strong></span> <span class='ocrx_word' id='word_1_94' title='bbox 296 872 464 902; x_wconf 89' lang='lat' dir='ltr'><strong>memoria.</strong></span> <span class='ocrx_word' id='word_1_95' title='bbox 486 871 526 903; x_wconf 86' lang='lat' dir='ltr'><strong>ad</strong></span> <span class='ocrx_word' id='word_1_96' title='bbox 541 872 618 913; x_wconf 71' lang='lat' dir='ltr'><strong>Diis.</strong></span> <span class='ocrx_word' id='word_1_97' title='bbox 633 872 677 902; x_wconf 85' lang='lat' dir='ltr'><strong>ix.</strong></span> <span class='ocrx_word' id='word_1_98' title='bbox 690 874 743 903; x_wconf 72' lang='lat'><strong>25.</strong></span> <span class='ocrx_word' id='word_1_99' title='bbox 756 875 827 913; x_wconf 82' lang='lat' dir='ltr'><strong>ejus</strong></span> <span class='ocrx_word' id='word_1_100' title='bbox 841 872 879 903; x_wconf 91' lang='lat' dir='ltr'><strong>li—</strong></span> 
     </span>
     <span class='ocr_line' id='line_1_19' title="bbox 153 910 467 944; baseline 0.013 -4"><span class='ocrx_word' id='word_1_101' title='bbox 153 910 203 941; x_wconf 83' lang='lat' dir='ltr'><strong>bri</strong></span> <span class='ocrx_word' id='word_1_102' title='bbox 219 911 258 943; x_wconf 89' lang='lat' dir='ltr'><strong>de</strong></span> <span class='ocrx_word' id='word_1_103' title='bbox 271 923 305 944; x_wconf 86' lang='lat' dir='ltr'><strong>re</strong></span> <span class='ocrx_word' id='word_1_104' title='bbox 319 913 467 944; x_wconf 81' lang='lat' dir='ltr'><strong>militari.</strong></span> 
     </span>
    </p>

    <p class='ocr_par' dir='ltr' id='par_1_9' title="bbox 151 953 881 1207">
     <span class='ocr_line' id='line_1_20' title="bbox 196 953 880 995; baseline -0.003 -9"><span class='ocrx_word' id='word_1_105' title='bbox 196 953 240 986; x_wconf 88' lang='lat' dir='ltr'><strong>L.</strong></span> <span class='ocrx_word' id='word_1_106' title='bbox 258 955 376 992; x_wconf 67' lang='lat' dir='ltr'><strong>Cinna,</strong></span> <span class='ocrx_word' id='word_1_107' title='bbox 392 955 487 986; x_wconf 83' lang='lat' dir='ltr'><strong>Font.</strong></span> <span class='ocrx_word' id='word_1_108' title='bbox 505 958 554 986; x_wconf 87' lang='lat'><strong>15.</strong></span> <span class='ocrx_word' id='word_1_109' title='bbox 568 954 714 995; x_wconf 83' lang='lat' dir='ltr'><strong>Legatus</strong></span> <span class='ocrx_word' id='word_1_110' title='bbox 729 955 815 986; x_wconf 86' lang='lat' dir='ltr'><strong>bello</strong></span> <span class='ocrx_word' id='word_1_111' title='bbox 829 965 880 986; x_wconf 86' lang='lat' dir='ltr'><strong>so.</strong></span> 
     </span>
     <span class='ocr_line' id='line_1_21' title="bbox 153 995 880 1029; baseline 0.003 -2"><span class='ocrx_word' id='word_1_112' title='bbox 153 995 240 1028; x_wconf 77' lang='lat' dir='ltr'><strong>ciali.</strong></span> <span class='ocrx_word' id='word_1_113' title='bbox 257 997 342 1028; x_wconf 84' lang='lat' dir='ltr'><strong>Phil.</strong></span> <span class='ocrx_word' id='word_1_114' title='bbox 366 998 389 1029; x_wconf 92' lang='lat' dir='ltr'><strong>i.</strong></span> <span class='ocrx_word' id='word_1_115' title='bbox 413 1000 461 1028; x_wconf 78' lang='grc'><strong>14.</strong></span> <span class='ocrx_word' id='word_1_116' title='bbox 485 997 535 1029; x_wconf 90' lang='grc' dir='ltr'><strong>Μ.</strong></span> <span class='ocrx_word' id='word_1_117' title='bbox 556 998 739 1028; x_wconf 86' lang='lat' dir='ltr'><strong>Antonium</strong></span> <span class='ocrx_word' id='word_1_118' title='bbox 761 998 880 1029; x_wconf 84' lang='lat' dir='ltr'><strong>Orato-</strong></span> 
     </span>
     <span class='ocr_line' id='line_1_22' title="bbox 154 1039 880 1079; baseline 0.004 -11"><span class='ocrx_word' id='word_1_119' title='bbox 154 1047 225 1069; x_wconf 85' lang='lat' dir='ltr'><strong>rem</strong></span> <span class='ocrx_word' id='word_1_120' title='bbox 247 1039 415 1070; x_wconf 81' lang='lat' dir='ltr'><strong>interficit.</strong></span> <span class='ocrx_word' id='word_1_121' title='bbox 443 1039 543 1071; x_wconf 81' lang='lat' dir='ltr'><strong>Tusc.</strong></span> <span class='ocrx_word' id='word_1_122' title='bbox 558 1050 588 1070; x_wconf 88' lang='lat' dir='ltr'><strong>v.</strong></span> <span class='ocrx_word' id='word_1_123' title='bbox 609 1043 657 1074; x_wconf 87' lang='lat'><strong>19.</strong></span> <span class='ocrx_word' id='word_1_124' title='bbox 673 1046 789 1079; x_wconf 82' lang='lat' dir='ltr'><strong>quater</strong></span> <span class='ocrx_word' id='word_1_125' title='bbox 803 1051 880 1071; x_wconf 86' lang='lat' dir='ltr'><strong>con—</strong></span> 
     </span>
     <span class='ocr_line' id='line_1_23' title="bbox 151 1079 881 1122; baseline 0.007 -13"><span class='ocrx_word' id='word_1_126' title='bbox 151 1079 215 1111; x_wconf 75' lang='lat' dir='ltr'><strong>sul.</strong></span> <span class='ocrx_word' id='word_1_127' title='bbox 236 1080 372 1122; x_wconf 83' lang='lat' dir='ltr'>Collega</span> <span class='ocrx_word' id='word_1_128' title='bbox 386 1083 447 1113; x_wconf 84' lang='lat' dir='ltr'><strong>Cn.</strong></span> <span class='ocrx_word' id='word_1_129' title='bbox 463 1081 591 1113; x_wconf 82' lang='lat' dir='ltr'><strong>Octavii</strong></span> <span class='ocrx_word' id='word_1_130' title='bbox 606 1089 639 1112; x_wconf 81' lang='lat' dir='ltr'><strong>ct</strong></span> <span class='ocrx_word' id='word_1_131' title='bbox 654 1083 749 1113; x_wconf 87' lang='lat' dir='ltr'><strong>Publ.</strong></span> <span class='ocrx_word' id='word_1_132' title='bbox 762 1083 881 1114; x_wconf 71' lang='lat' dir='ltr'><strong>Crassi.</strong></span> 
     </span>
     <span class='ocr_line' id='line_1_24' title="bbox 152 1121 880 1160; baseline 0.005 -7"><span class='ocrx_word' id='word_1_133' title='bbox 152 1121 193 1153; x_wconf 91' lang='lat' dir='ltr'><strong>L.</strong></span> <span class='ocrx_word' id='word_1_134' title='bbox 209 1123 386 1160; x_wconf 74' lang='lat' dir='ltr'><strong>Caesarem,</strong></span> <span class='ocrx_word' id='word_1_135' title='bbox 401 1124 449 1156; x_wconf 89' lang='lat' dir='ltr'><strong>M.</strong></span> <span class='ocrx_word' id='word_1_136' title='bbox 465 1125 646 1156; x_wconf 81' lang='lat' dir='ltr'><strong>Antonium</strong></span> <span class='ocrx_word' id='word_1_137' title='bbox 664 1131 700 1156; x_wconf 85' lang='lat' dir='ltr'><strong>et</strong></span> <span class='ocrx_word' id='word_1_138' title='bbox 717 1127 754 1157; x_wconf 90' lang='lat' dir='ltr'><strong>C.</strong></span> <span class='ocrx_word' id='word_1_139' title='bbox 774 1126 880 1158; x_wconf 80' lang='lat' dir='ltr'><strong>Caesa-</strong></span> 
     </span>
     <span class='ocr_line' id='line_1_25' title="bbox 153 1166 495 1207; baseline 0.003 -11"><span class='ocrx_word' id='word_1_140' title='bbox 153 1174 223 1196; x_wconf 84' lang='lat' dir='ltr'><strong>rem</strong></span> <span class='ocrx_word' id='word_1_141' title='bbox 238 1166 378 1198; x_wconf 81' lang='lat' dir='ltr'><strong>interfici</strong></span> <span class='ocrx_word' id='word_1_142' title='bbox 387 1167 495 1207; x_wconf 84' lang='lat' dir='ltr'><strong>jubet.</strong></span> 
     </span>
    </p>

    <p class='ocr_par' dir='ltr' id='par_1_10' title="bbox 152 1207 882 1283">
     <span class='ocr_line' id='line_1_26' title="bbox 196 1207 882 1249; baseline 0.003 -10"><span class='ocrx_word' id='word_1_143' title='bbox 196 1207 240 1239; x_wconf 94' lang='lat' dir='ltr'><strong>L.</strong></span> <span class='ocrx_word' id='word_1_144' title='bbox 271 1208 388 1246; x_wconf 65' lang='lat' dir='ltr'><strong>Cinna,</strong></span> <span class='ocrx_word' id='word_1_145' title='bbox 418 1209 500 1240; x_wconf 86' lang='lat' dir='ltr'><strong>Phil.</strong></span> <span class='ocrx_word' id='word_1_146' title='bbox 530 1209 575 1239; x_wconf 90' lang='lat' dir='ltr'><strong>iii.</strong></span> <span class='ocrx_word' id='word_1_147' title='bbox 603 1212 653 1240; x_wconf 88' lang='grc'><strong>10.</strong></span> <span class='ocrx_word' id='word_1_148' title='bbox 680 1208 882 1249; x_wconf 82' lang='lat' dir='ltr'><strong>provinciam</strong></span> 
     </span>
     <span class='ocr_line' id='line_1_27' title="bbox 152 1249 734 1283; baseline 0.003 -4"><span class='ocrx_word' id='word_1_149' title='bbox 152 1249 215 1280; x_wconf 76' lang='lat' dir='ltr'><strong>sibi</strong></span> <span class='ocrx_word' id='word_1_150' title='bbox 228 1250 269 1282; x_wconf 88' lang='lat' dir='ltr'><strong>ab</strong></span> <span class='ocrx_word' id='word_1_151' title='bbox 283 1252 430 1282; x_wconf 81' lang='lat' dir='ltr'><strong>Antonio</strong></span> <span class='ocrx_word' id='word_1_152' title='bbox 440 1251 550 1282; x_wconf 80' lang='lat' dir='ltr'><strong>datam</strong></span> <span class='ocrx_word' id='word_1_153' title='bbox 565 1252 734 1283; x_wconf 72' lang='lat' dir='ltr'><strong>recusavit.</strong></span> 
     </span>
    </p>

    <p class='ocr_par' dir='ltr' id='par_1_11' title="bbox 152 1292 882 1419">
     <span class='ocr_line' id='line_1_28' title="bbox 186 1292 881 1331; baseline 0 -6"><span class='ocrx_word' id='word_1_154' title='bbox 186 1292 302 1330; x_wconf 70' lang='lat' dir='ltr'><strong>,Gr-ce,</strong></span> <span class='ocrx_word' id='word_1_155' title='bbox 324 1293 405 1324; x_wconf 91' lang='lat' dir='ltr'><strong>Nat.</strong></span> <span class='ocrx_word' id='word_1_156' title='bbox 426 1294 469 1324; x_wconf 88' lang='lat' dir='ltr'><strong>D.</strong></span> <span class='ocrx_word' id='word_1_157' title='bbox 485 1295 532 1324; x_wconf 90' lang='lat' dir='ltr'><strong>iii.</strong></span> <span class='ocrx_word' id='word_1_158' title='bbox 558 1297 603 1330; x_wconf 89' lang='lat'><strong>19.</strong></span> <span class='ocrx_word' id='word_1_159' title='bbox 622 1293 778 1324; x_wconf 73' lang='lat' dir='ltr'><strong>perseidis</strong></span> <span class='ocrx_word' id='word_1_160' title='bbox 800 1293 881 1331; x_wconf 87' lang='lat' dir='ltr'><strong>filia,</strong></span> 
     </span>
     <span class='ocr_line' id='line_1_29' title="bbox 153 1335 882 1374; baseline -0.003 -8"><span class='ocrx_word' id='word_1_161' title='bbox 153 1344 251 1374; x_wconf 78' lang='lat' dir='ltr'><strong>quam</strong></span> <span class='ocrx_word' id='word_1_162' title='bbox 267 1335 465 1368; x_wconf 80' lang='lat' dir='ltr'><strong>Circeienses</strong></span> <span class='ocrx_word' id='word_1_163' title='bbox 481 1336 606 1368; x_wconf 88' lang='lat' dir='ltr'><strong>colunt.</strong></span> <span class='ocrx_word' id='word_1_164' title='bbox 622 1336 688 1367; x_wconf 83' lang='lat' dir='ltr'><strong>Off.</strong></span> <span class='ocrx_word' id='word_1_165' title='bbox 706 1337 727 1366; x_wconf 93' lang='lat' dir='ltr'><strong>i.</strong></span> <span class='ocrx_word' id='word_1_166' title='bbox 743 1337 793 1366; x_wconf 86' lang='lat'><strong>31.</strong></span> <span class='ocrx_word' id='word_1_167' title='bbox 810 1346 882 1368; x_wconf 90' lang='lat' dir='ltr'><strong>mu.</strong></span> 
     </span>
     <span class='ocr_line' id='line_1_30' title="bbox 152 1377 598 1419; baseline 0.007 -12"><span class='ocrx_word' id='word_1_168' title='bbox 152 1377 225 1414; x_wconf 84' lang='lat' dir='ltr'><strong>lier,</strong></span> <span class='ocrx_word' id='word_1_169' title='bbox 237 1378 291 1408; x_wconf 84' lang='lat' dir='ltr'><strong>cui</strong></span> <span class='ocrx_word' id='word_1_170' title='bbox 305 1380 441 1409; x_wconf 71' lang='lat' dir='ltr'><strong>inservit</strong></span> <span class='ocrx_word' id='word_1_171' title='bbox 456 1379 598 1419; x_wconf 67' lang='lat' dir='ltr'><strong>ulysses.</strong></span> 
     </span>
    </p>

    <p class='ocr_par' dir='ltr' id='par_1_12' title="bbox 176 1419 775 1460">
     <span class='ocr_line' id='line_1_31' title="bbox 176 1419 775 1460; baseline 0 -10"><span class='ocrx_word' id='word_1_172' title='bbox 176 1442 182 1446; x_wconf 83' lang='grc'><strong>-</strong></span> <span class='ocrx_word' id='word_1_173' title='bbox 199 1419 324 1460; x_wconf 60' lang='lat' dir='ltr'><strong>avains</strong></span> <span class='ocrx_word' id='word_1_174' title='bbox 335 1421 465 1458; x_wconf 82' lang='lat' dir='ltr'><strong>Laevus,</strong></span> <span class='ocrx_word' id='word_1_175' title='bbox 480 1420 522 1452; x_wconf 88' lang='lat' dir='ltr'><strong>ad</strong></span> <span class='ocrx_word' id='word_1_176' title='bbox 535 1421 661 1452; x_wconf 82' lang='lat' dir='ltr'><strong>Divers.</strong></span> <span class='ocrx_word' id='word_1_177' title='bbox 676 1430 708 1450; x_wconf 86' lang='lat' dir='ltr'><strong>x.</strong></span> <span class='ocrx_word' id='word_1_178' title='bbox 723 1422 775 1452; x_wconf 72' lang='lat'><strong>21.</strong></span> 
     </span>
    </p>

    <p class='ocr_par' dir='ltr' id='par_1_13' title="bbox 151 1461 883 1670">
     <span class='ocr_line' id='line_1_32' title="bbox 194 1461 882 1503; baseline 0.003 -11"><span class='ocrx_word' id='word_1_179' title='bbox 194 1461 245 1492; x_wconf 85' lang='lat' dir='ltr'><strong>M.</strong></span> <span class='ocrx_word' id='word_1_180' title='bbox 268 1461 405 1503; x_wconf 62' lang='lat' dir='ltr'><strong>Cispius,</strong></span> <span class='ocrx_word' id='word_1_181' title='bbox 428 1464 518 1494; x_wconf 88' lang='lat' dir='ltr'><strong>Sext.</strong></span> <span class='ocrx_word' id='word_1_182' title='bbox 537 1466 590 1495; x_wconf 83' lang='lat'><strong>35.</strong></span> <span class='ocrx_word' id='word_1_183' title='bbox 613 1463 690 1494; x_wconf 90' lang='lat' dir='ltr'><strong>trib.</strong></span> <span class='ocrx_word' id='word_1_184' title='bbox 714 1461 757 1503; x_wconf 90' lang='lat' dir='ltr'><strong>pl.</strong></span> <span class='ocrx_word' id='word_1_185' title='bbox 782 1463 792 1495; x_wconf 88' lang='lat'><em>(</em></span> <span class='ocrx_word' id='word_1_186' title='bbox 796 1462 882 1494; x_wconf 84' lang='lat' dir='ltr'><strong>Len·</strong></span> 
     </span>
     <span class='ocr_line' id='line_1_33' title="bbox 154 1502 878 1546; baseline 0.001 -12"><span class='ocrx_word' id='word_1_187' title='bbox 154 1502 226 1537; x_wconf 85' lang='lat' dir='ltr'><strong>tulo</strong></span> <span class='ocrx_word' id='word_1_188' title='bbox 244 1504 419 1545; x_wconf 75' lang='lat' dir='ltr'><strong>Spinthere</strong></span> <span class='ocrx_word' id='word_1_189' title='bbox 443 1507 517 1537; x_wconf 90' lang='lat' dir='ltr'><strong>Cos.</strong></span> <span class='ocrx_word' id='word_1_190' title='bbox 537 1507 572 1536; x_wconf 91' lang='lat' dir='ltr'><strong>in</strong></span> <span class='ocrx_word' id='word_1_191' title='bbox 594 1507 708 1537; x_wconf 87' lang='lat' dir='ltr'><strong>Senat.</strong></span> <span class='ocrx_word' id='word_1_192' title='bbox 724 1516 755 1546; x_wconf 88' lang='lat' dir='ltr'><strong>p.</strong></span> <span class='ocrx_word' id='word_1_193' title='bbox 772 1505 812 1536; x_wconf 80' lang='lat' dir='ltr'><strong>R.</strong></span> <span class='ocrx_word' id='word_1_194' title='bbox 834 1505 878 1545; x_wconf 82' lang='lat'><strong>8.)</strong></span> 
     </span>
     <span class='ocr_line' id='line_1_34' title="bbox 151 1545 883 1587; baseline 0.003 -11"><span class='ocrx_word' id='word_1_195' title='bbox 151 1545 183 1576; x_wconf 84' lang='lat' dir='ltr'><strong>vi</strong></span> <span class='ocrx_word' id='word_1_196' title='bbox 207 1545 246 1577; x_wconf 87' lang='lat' dir='ltr'><strong>de</strong></span> <span class='ocrx_word' id='word_1_197' title='bbox 267 1547 340 1578; x_wconf 79' lang='lat' dir='ltr'><strong>foro</strong></span> <span class='ocrx_word' id='word_1_198' title='bbox 356 1546 545 1587; x_wconf 80' lang='lat' dir='ltr'><strong>depellitur,</strong></span> <span class='ocrx_word' id='word_1_199' title='bbox 567 1548 739 1587; x_wconf 74' lang='lat' dir='ltr'><strong>rogatione</strong></span> <span class='ocrx_word' id='word_1_200' title='bbox 762 1548 799 1578; x_wconf 85' lang='lat' dir='ltr'><strong>C.</strong></span> <span class='ocrx_word' id='word_1_201' title='bbox 823 1547 883 1578; x_wconf 86' lang='lat' dir='ltr'><strong>Fa-</strong></span> 
     </span>
     <span class='ocr_line' id='line_1_35' title="bbox 151 1587 882 1628; baseline 0.003 -10"><span class='ocrx_word' id='word_1_202' title='bbox 151 1587 246 1619; x_wconf 86' lang='lat' dir='ltr'><strong>bricii</strong></span> <span class='ocrx_word' id='word_1_203' title='bbox 260 1588 300 1620; x_wconf 91' lang='lat' dir='ltr'><strong>de</strong></span> <span class='ocrx_word' id='word_1_204' title='bbox 319 1589 388 1621; x_wconf 91' lang='lat' dir='ltr'><strong>Cic.</strong></span> <span class='ocrx_word' id='word_1_205' title='bbox 409 1590 508 1621; x_wconf 83' lang='lat' dir='ltr'><strong>facta.</strong></span> <span class='ocrx_word' id='word_1_206' title='bbox 546 1591 658 1622; x_wconf 76' lang='lat' dir='ltr'><strong>Plane.</strong></span> <span class='ocrx_word' id='word_1_207' title='bbox 675 1593 726 1621; x_wconf 81' lang='grc'><strong>31.</strong></span> <span class='ocrx_word' id='word_1_208' title='bbox 743 1589 882 1628; x_wconf 84' lang='lat' dir='ltr'><strong>judicio,</strong></span> 
     </span>
     <span class='ocr_line' id='line_1_36' title="bbox 152 1630 802 1670; baseline 0.002 -9"><span class='ocrx_word' id='word_1_209' title='bbox 152 1630 348 1663; x_wconf 78' lang='lat' dir='ltr'><strong>defendente</strong></span> <span class='ocrx_word' id='word_1_210' title='bbox 365 1633 536 1670; x_wconf 86' lang='lat' dir='ltr'><strong>Cicerone,</strong></span> <span class='ocrx_word' id='word_1_211' title='bbox 551 1633 802 1664; x_wconf 82' lang='lat' dir='ltr'><strong>condemnatur.</strong></span> 
     </span>
    </p>

    <p class='ocr_par' dir='ltr' id='par_1_14' title="bbox 150 1673 884 1747">
     <span class='ocr_line' id='line_1_37' title="bbox 199 1673 884 1716; baseline 0.001 -12"><span class='ocrx_word' id='word_1_212' title='bbox 199 1673 382 1713; x_wconf 63' lang='lat' dir='ltr'><strong>massilias,</strong></span> <span class='ocrx_word' id='word_1_213' title='bbox 394 1675 480 1706; x_wconf 89' lang='lat' dir='ltr'><strong>Phil.</strong></span> <span class='ocrx_word' id='word_1_214' title='bbox 492 1686 521 1707; x_wconf 90' lang='lat' dir='ltr'><strong>v.</strong></span> <span class='ocrx_word' id='word_1_215' title='bbox 537 1677 567 1708; x_wconf 91' lang='lat'><strong>6.</strong></span> <span class='ocrx_word' id='word_1_216' title='bbox 580 1675 743 1716; x_wconf 84' lang='lat' dir='ltr'><strong>gladiator</strong></span> <span class='ocrx_word' id='word_1_217' title='bbox 755 1675 804 1706; x_wconf 91' lang='lat' dir='ltr'><strong>M.</strong></span> <span class='ocrx_word' id='word_1_218' title='bbox 816 1674 884 1705; x_wconf 89' lang='lat' dir='ltr'><strong>An-</strong></span> 
     </span>
     <span class='ocr_line' id='line_1_38' title="bbox 150 1715 248 1747; baseline 0.02 -2"><span class='ocrx_word' id='word_1_219' title='bbox 150 1715 248 1747; x_wconf 84' lang='lat' dir='ltr'><strong>tonii.</strong></span> 
     </span>
    </p>

    <p class='ocr_par' dir='ltr' id='par_1_15' title="bbox 150 1758 885 1927">
     <span class='ocr_line' id='line_1_39' title="bbox 174 1758 884 1801; baseline 0 -12"><span class='ocrx_word' id='word_1_220' title='bbox 174 1781 180 1785; x_wconf 87' lang='lat'><strong>.</strong></span> <span class='ocrx_word' id='word_1_221' title='bbox 200 1758 342 1790; x_wconf 77' lang='lat' dir='ltr'><strong>Claudia</strong></span> <span class='ocrx_word' id='word_1_222' title='bbox 359 1769 454 1799; x_wconf 82' lang='lat' dir='ltr'><strong>gens,</strong></span> <span class='ocrx_word' id='word_1_223' title='bbox 472 1762 620 1801; x_wconf 81' lang='lat' dir='ltr'><strong>patricia</strong></span> <span class='ocrx_word' id='word_1_224' title='bbox 635 1765 686 1791; x_wconf 61' lang='lat' dir='ltr'><strong>&gt;est</strong></span> <span class='ocrx_word' id='word_1_225' title='bbox 703 1760 884 1800; x_wconf 77' lang='lat' dir='ltr'><strong>Appiorum</strong></span> 
     </span>
     <span class='ocr_line' id='line_1_40' title="bbox 150 1799 884 1843; baseline 0.003 -13"><span class='ocrx_word' id='word_1_226' title='bbox 150 1804 186 1830; x_wconf 89' lang='lat' dir='ltr'><strong>et</strong></span> <span class='ocrx_word' id='word_1_227' title='bbox 199 1799 435 1833; x_wconf 75' lang='lat' dir='ltr'><strong>Pulchrorum.</strong></span> <span class='ocrx_word' id='word_1_228' title='bbox 450 1803 489 1834; x_wconf 86' lang='lat' dir='ltr'><strong>de</strong></span> <span class='ocrx_word' id='word_1_229' title='bbox 503 1803 642 1834; x_wconf 67' lang='lat' dir='ltr'><strong>Claudia</strong></span> <span class='ocrx_word' id='word_1_230' title='bbox 643 1802 787 1843; x_wconf 76' lang='lat' dir='ltr'><strong>familia</strong></span> <span class='ocrx_word' id='word_1_231' title='bbox 798 1803 884 1832; x_wconf 80' lang='lat' dir='ltr'><strong>vide-</strong></span> 
     </span>
     <span class='ocr_line' id='line_1_41' title="bbox 152 1843 885 1877; baseline 0.003 -4"><span class='ocrx_word' id='word_1_232' title='bbox 152 1847 233 1873; x_wconf 80' lang='lat' dir='ltr'><strong>atur</strong></span> <span class='ocrx_word' id='word_1_233' title='bbox 263 1843 436 1876; x_wconf 81' lang='lat' dir='ltr'><strong>Suetonius</strong></span> <span class='ocrx_word' id='word_1_234' title='bbox 459 1847 495 1876; x_wconf 82' lang='lat' dir='ltr'><strong>in</strong></span> <span class='ocrx_word' id='word_1_235' title='bbox 515 1845 652 1877; x_wconf 80' lang='lat' dir='ltr'><strong>Tiberio.</strong></span> <span class='ocrx_word' id='word_1_236' title='bbox 681 1855 708 1876; x_wconf 88' lang='lat' dir='ltr'><strong>c.</strong></span> <span class='ocrx_word' id='word_1_237' title='bbox 733 1848 759 1876; x_wconf 93' lang='lat' dir='ltr'><strong>l.</strong></span> <span class='ocrx_word' id='word_1_238' title='bbox 784 1845 823 1875; x_wconf 84' lang='lat' dir='ltr'><strong>de</strong></span> <span class='ocrx_word' id='word_1_239' title='bbox 844 1854 885 1875; x_wconf 81' lang='lat' dir='ltr'><strong>ea</strong></span> 
     </span>
     <span class='ocr_line' id='line_1_42' title="bbox 151 1885 883 1927; baseline 0.001 -11"><span class='ocrx_word' id='word_1_240' title='bbox 151 1885 218 1917; x_wconf 76' lang='lat' dir='ltr'><strong>vid.</strong></span> <span class='ocrx_word' id='word_1_241' title='bbox 249 1886 425 1927; x_wconf 70' lang='lat' dir='ltr'><strong>Spanliem.</strong></span> <span class='ocrx_word' id='word_1_242' title='bbox 452 1888 491 1918; x_wconf 84' lang='lat' dir='ltr'><strong>cle</strong></span> <span class='ocrx_word' id='word_1_243' title='bbox 517 1887 557 1920; x_wconf 86' lang='lat' dir='ltr'><strong>V.</strong></span> <span class='ocrx_word' id='word_1_244' title='bbox 583 1893 614 1919; x_wconf 85' lang='lat' dir='ltr'><strong>et</strong></span> <span class='ocrx_word' id='word_1_245' title='bbox 646 1887 692 1919; x_wconf 90' lang='lat' dir='ltr'><strong>P.</strong></span> <span class='ocrx_word' id='word_1_246' title='bbox 717 1887 765 1919; x_wconf 82' lang='lat' dir='ltr'><strong>N.</strong></span> <span class='ocrx_word' id='word_1_247' title='bbox 791 1894 819 1919; x_wconf 88' lang='lat' dir='ltr'><strong>t.</strong></span> <span class='ocrx_word' id='word_1_248' title='bbox 847 1887 883 1918; x_wconf 90' lang='lat' dir='ltr'><strong>ii.</strong></span> 
     </span>
    </p>

    <p class='ocr_par' dir='ltr' id='par_1_16' title="bbox 200 1971 884 2013">
     <span class='ocr_line' id='line_1_43' title="bbox 200 1971 884 2013; baseline 0.001 -12"><span class='ocrx_word' id='word_1_249' title='bbox 200 1971 353 2008; x_wconf 68' lang='lat' dir='ltr'><strong>Gaudia,</strong></span> <span class='ocrx_word' id='word_1_250' title='bbox 368 1971 451 2004; x_wconf 82' lang='lat' dir='ltr'><strong>Coel.</strong></span> <span class='ocrx_word' id='word_1_251' title='bbox 472 1974 521 2002; x_wconf 82' lang='lat'><strong>14.</strong></span> <span class='ocrx_word' id='word_1_252' title='bbox 553 1972 695 2013; x_wconf 85' lang='lat' dir='ltr'><strong>Harusp.</strong></span> <span class='ocrx_word' id='word_1_253' title='bbox 720 1974 769 2002; x_wconf 85' lang='lat'><strong>13.</strong></span> <span class='ocrx_word' id='word_1_254' title='bbox 786 1971 884 2012; x_wconf 80' lang='lat' dir='ltr'><strong>Appii</strong></span> 
     </span>
    </p>
   </div>
   <div class='ocr_carea' id='block_1_3' title="bbox 153 2011 902 2055">
    <p class='ocr_par' dir='ltr' id='par_1_17' title="bbox 153 2011 902 2055">
     <span class='ocr_line' id='line_1_44' title="bbox 153 2011 902 2055; baseline 0 -12"><span class='ocrx_word' id='word_1_255' title='bbox 153 2011 240 2044; x_wconf 82' lang='lat' dir='ltr'><strong>Caeci</strong></span> <span class='ocrx_word' id='word_1_256' title='bbox 256 2015 438 2054; x_wconf 83' lang='lat' dir='ltr'><strong>progenies,</strong></span> <span class='ocrx_word' id='word_1_257' title='bbox 451 2014 643 2055; x_wconf 81' lang='lat' dir='ltr'><strong>pudicitiam</strong></span> <span class='ocrx_word' id='word_1_258' title='bbox 657 2011 786 2055; x_wconf 71' lang='lat' dir='ltr'><strong>probat.</strong></span> <span class='ocrx_word' id='word_1_259' title='bbox 830 2014 886 2044; x_wconf 60' lang='lat' dir='ltr'><strong>lvi-</strong></span> <span class='ocrx_word' id='word_1_260' title='bbox 899 2022 902 2026; x_wconf 83' lang='grc'>’</span> 
     </span>
    </p>
   </div>
   <div class='ocr_carea' id='block_1_4' title="bbox 144 2055 887 2943">
    <p class='ocr_par' dir='ltr' id='par_1_18' title="bbox 144 2055 884 2350">
     <span class='ocr_line' id='line_1_45' title="bbox 153 2055 884 2098; baseline 0.003 -13"><span class='ocrx_word' id='word_1_261' title='bbox 153 2055 236 2087; x_wconf 79' lang='lat' dir='ltr'><strong>liam</strong></span> <span class='ocrx_word' id='word_1_262' title='bbox 248 2055 438 2096; x_wconf 77' lang='lat' dir='ltr'><strong>nonsuisse,</strong></span> <span class='ocrx_word' id='word_1_263' title='bbox 449 2057 505 2088; x_wconf 82' lang='lat' dir='ltr'><strong>sed</strong></span> <span class='ocrx_word' id='word_1_264' title='bbox 518 2061 658 2098; x_wconf 79' lang='lat' dir='ltr'><strong>neptem,</strong></span> <span class='ocrx_word' id='word_1_265' title='bbox 673 2057 762 2087; x_wconf 77' lang='lat' dir='ltr'><strong>docet</strong></span> <span class='ocrx_word' id='word_1_266' title='bbox 774 2067 790 2086; x_wconf 83' lang='lat' dir='ltr'><strong>e</strong></span> <span class='ocrx_word' id='word_1_267' title='bbox 801 2061 884 2087; x_wconf 81' lang='lat' dir='ltr'><strong>eem-</strong></span> 
     </span>
     <span class='ocr_line' id='line_1_46' title="bbox 146 2098 884 2138; baseline 0.001 -10"><span class='ocrx_word' id='word_1_268' title='bbox 146 2107 270 2138; x_wconf 70' lang='lat' dir='ltr'><strong>porum</strong></span> <span class='ocrx_word' id='word_1_269' title='bbox 283 2100 411 2130; x_wconf 82' lang='lat' dir='ltr'><strong>ratione</strong></span> <span class='ocrx_word' id='word_1_270' title='bbox 423 2099 603 2130; x_wconf 75' lang='lat' dir='ltr'><strong>Abramius</strong></span> <span class='ocrx_word' id='word_1_271' title='bbox 615 2100 661 2129; x_wconf 85' lang='lat' dir='ltr'><strong>ad</strong></span> <span class='ocrx_word' id='word_1_272' title='bbox 677 2098 735 2130; x_wconf 86' lang='lat' dir='ltr'><strong>Or.</strong></span> <span class='ocrx_word' id='word_1_273' title='bbox 742 2108 797 2138; x_wconf 80' lang='lat' dir='ltr'><strong>pr.</strong></span> <span class='ocrx_word' id='word_1_274' title='bbox 819 2098 884 2129; x_wconf 81' lang='lat' dir='ltr'><strong>Coe-</strong></span> 
     </span>
     <span class='ocr_line' id='line_1_47' title="bbox 152 2139 884 2181; baseline 0 -11"><span class='ocrx_word' id='word_1_275' title='bbox 152 2140 197 2170; x_wconf 88' lang='lat' dir='ltr'><strong>lio</strong></span> <span class='ocrx_word' id='word_1_276' title='bbox 217 2142 265 2171; x_wconf 80' lang='lat'><strong>14.</strong></span> <span class='ocrx_word' id='word_1_277' title='bbox 281 2139 445 2172; x_wconf 79' lang='lat' dir='ltr'><strong>Vestalem</strong></span> <span class='ocrx_word' id='word_1_278' title='bbox 466 2151 529 2172; x_wconf 84' lang='lat' dir='ltr'><strong>non</strong></span> <span class='ocrx_word' id='word_1_279' title='bbox 539 2141 663 2181; x_wconf 56' lang='lat' dir='ltr'><strong>juisse,</strong></span> <span class='ocrx_word' id='word_1_280' title='bbox 678 2146 716 2172; x_wconf 82' lang='lat' dir='ltr'><strong>ut</strong></span> <span class='ocrx_word' id='word_1_281' title='bbox 734 2142 884 2172; x_wconf 73' lang='lat' dir='ltr'><strong>nonnulli</strong></span> 
     </span>
     <span class='ocr_line' id='line_1_48' title="bbox 152 2182 884 2220; baseline 0.003 -8"><span class='ocrx_word' id='word_1_282' title='bbox 152 2182 320 2216; x_wconf 77' lang='lat' dir='ltr'><strong>tradidere</strong></span> <span class='ocrx_word' id='word_1_283' title='bbox 333 2185 386 2214; x_wconf 85' lang='lat' dir='ltr'><strong>vel</strong></span> <span class='ocrx_word' id='word_1_284' title='bbox 405 2185 643 2220; x_wconf 69' lang='lat' dir='ltr'><strong>existimavere,</strong></span> <span class='ocrx_word' id='word_1_285' title='bbox 660 2184 748 2214; x_wconf 83' lang='lat' dir='ltr'><strong>docet</strong></span> <span class='ocrx_word' id='word_1_286' title='bbox 768 2183 884 2214; x_wconf 78' lang='lat' dir='ltr'><strong>Duke-</strong></span> 
     </span>
     <span class='ocr_line' id='line_1_49' title="bbox 151 2225 884 2265; baseline 0.003 -11"><span class='ocrx_word' id='word_1_287' title='bbox 151 2234 212 2256; x_wconf 59' lang='grc' dir='ltr'><strong>νας</strong></span> <span class='ocrx_word' id='word_1_288' title='bbox 222 2225 269 2256; x_wconf 81' lang='lat' dir='ltr'><strong>ad</strong></span> <span class='ocrx_word' id='word_1_289' title='bbox 279 2225 357 2257; x_wconf 82' lang='lat' dir='ltr'><strong>Lt&#39;v.</strong></span> <span class='ocrx_word' id='word_1_290' title='bbox 370 2227 455 2257; x_wconf 84' lang='lat' dir='ltr'><strong>xxix.</strong></span> <span class='ocrx_word' id='word_1_291' title='bbox 480 2228 527 2257; x_wconf 82' lang='lat'><strong>14.</strong></span> <span class='ocrx_word' id='word_1_292' title='bbox 539 2225 807 2265; x_wconf 71' lang='lat' dir='ltr'><strong>dit·iturQuinta,</strong></span> <span class='ocrx_word' id='word_1_293' title='bbox 821 2235 884 2256; x_wconf 82' lang='lat' dir='ltr'><strong>non</strong></span> 
     </span>
     <span class='ocr_line' id='line_1_50' title="bbox 144 2268 884 2308; baseline 0.001 -11"><span class='ocrx_word' id='word_1_294' title='bbox 144 2268 361 2307; x_wconf 79' lang='lat' dir='ltr'><strong>proenomine,</strong></span> <span class='ocrx_word' id='word_1_295' title='bbox 373 2269 430 2300; x_wconf 78' lang='lat' dir='ltr'><strong>sed</strong></span> <span class='ocrx_word' id='word_1_296' title='bbox 449 2270 649 2308; x_wconf 77' lang='lat' dir='ltr'><strong>cognomine,</strong></span> <span class='ocrx_word' id='word_1_297' title='bbox 663 2274 701 2299; x_wconf 84' lang='lat' dir='ltr'><strong>ut</strong></span> <span class='ocrx_word' id='word_1_298' title='bbox 716 2269 791 2298; x_wconf 77' lang='lat' dir='ltr'><strong>aliae</strong></span> <span class='ocrx_word' id='word_1_299' title='bbox 802 2268 832 2299; x_wconf 88' lang='lat' dir='ltr'>T</span> <span class='ocrx_word' id='word_1_300' title='bbox 833 2277 884 2299; x_wconf 91' lang='lat' dir='ltr'><strong>er-</strong></span> 
     </span>
     <span class='ocr_line' id='line_1_51' title="bbox 152 2308 471 2350; baseline 0.006 -10"><span class='ocrx_word' id='word_1_301' title='bbox 152 2308 222 2350; x_wconf 63' lang='lat' dir='ltr'><strong>tiaz,</strong></span> <span class='ocrx_word' id='word_1_302' title='bbox 237 2310 397 2342; x_wconf 82' lang='lat' dir='ltr'><strong>Secundae</strong></span> <span class='ocrx_word' id='word_1_303' title='bbox 411 2311 471 2342; x_wconf 73' lang='grc' dir='ltr'><strong>διο.</strong></span> 
     </span>
    </p>

    <p class='ocr_par' dir='ltr' id='par_1_19' title="bbox 150 2351 885 2554">
     <span class='ocr_line' id='line_1_52' title="bbox 201 2351 882 2393; baseline -0.001 -10"><span class='ocrx_word' id='word_1_304' title='bbox 201 2351 353 2390; x_wconf 65' lang='lat' dir='ltr'><strong>Claudia,</strong></span> <span class='ocrx_word' id='word_1_305' title='bbox 382 2353 462 2386; x_wconf 87' lang='lat' dir='ltr'><strong>Coel.</strong></span> <span class='ocrx_word' id='word_1_306' title='bbox 496 2356 544 2384; x_wconf 85' lang='lat'><strong>14.</strong></span> <span class='ocrx_word' id='word_1_307' title='bbox 571 2353 725 2390; x_wconf 77' lang='lat' dir='ltr'><strong>Vestalis,</strong></span> <span class='ocrx_word' id='word_1_308' title='bbox 754 2356 882 2393; x_wconf 83' lang='lat' dir='ltr'><strong>patrem</strong></span> 
     </span>
     <span class='ocr_line' id='line_1_53' title="bbox 151 2392 884 2436; baseline 0.001 -12"><span class='ocrx_word' id='word_1_309' title='bbox 151 2392 295 2435; x_wconf 83' lang='lat' dir='ltr'><strong>Appium</strong></span> <span class='ocrx_word' id='word_1_310' title='bbox 307 2395 481 2427; x_wconf 87' lang='lat' dir='ltr'><strong>Claudium</strong></span> <span class='ocrx_word' id='word_1_311' title='bbox 496 2395 759 2436; x_wconf 75' lang='lat' dir='ltr'><strong>triumphantem</strong></span> <span class='ocrx_word' id='word_1_312' title='bbox 775 2395 814 2426; x_wconf 83' lang='lat' dir='ltr'><strong>(le</strong></span> <span class='ocrx_word' id='word_1_313' title='bbox 826 2395 884 2425; x_wconf 87' lang='lat' dir='ltr'><strong>Sa-</strong></span> 
     </span>
     <span class='ocr_line' id='line_1_54' title="bbox 150 2435 883 2478; baseline 0 -11"><span class='ocrx_word' id='word_1_314' title='bbox 150 2435 246 2468; x_wconf 74' lang='lat' dir='ltr'><strong>laesis</strong></span> <span class='ocrx_word' id='word_1_315' title='bbox 274 2437 437 2478; x_wconf 85' lang='lat' dir='ltr'><strong>amplexa,</strong></span> <span class='ocrx_word' id='word_1_316' title='bbox 460 2448 481 2469; x_wconf 82' lang='lat' dir='ltr'><strong>a</strong></span> <span class='ocrx_word' id='word_1_317' title='bbox 510 2439 587 2469; x_wconf 84' lang='lat' dir='ltr'><strong>trib.</strong></span> <span class='ocrx_word' id='word_1_318' title='bbox 611 2438 657 2478; x_wconf 86' lang='lat' dir='ltr'><strong>pl.</strong></span> <span class='ocrx_word' id='word_1_319' title='bbox 687 2437 822 2468; x_wconf 81' lang='lat' dir='ltr'><strong>inimico</strong></span> <span class='ocrx_word' id='word_1_320' title='bbox 845 2436 883 2467; x_wconf 88' lang='lat' dir='ltr'><strong>de</strong></span> 
     </span>
     <span class='ocr_line' id='line_1_55' title="bbox 152 2478 885 2511; baseline 0.003 -3"><span class='ocrx_word' id='word_1_321' title='bbox 152 2488 250 2510; x_wconf 88' lang='lat' dir='ltr'><strong>curru</strong></span> <span class='ocrx_word' id='word_1_322' title='bbox 265 2478 392 2511; x_wconf 84' lang='lat' dir='ltr'><strong>detrahi</strong></span> <span class='ocrx_word' id='word_1_323' title='bbox 408 2490 475 2511; x_wconf 87' lang='lat' dir='ltr'><strong>non</strong></span> <span class='ocrx_word' id='word_1_324' title='bbox 490 2481 581 2511; x_wconf 82' lang='lat' dir='ltr'><strong>sinit.</strong></span> <span class='ocrx_word' id='word_1_325' title='bbox 623 2479 777 2511; x_wconf 79' lang='lat' dir='ltr'><strong>Fratrem</strong></span> <span class='ocrx_word' id='word_1_326' title='bbox 791 2483 885 2510; x_wconf 78' lang='lat' dir='ltr'><strong>vocat</strong></span> 
     </span>
     <span class='ocr_line' id='line_1_56' title="bbox 153 2519 685 2554; baseline 0 -2"><span class='ocrx_word' id='word_1_327' title='bbox 153 2519 290 2552; x_wconf 75' lang='lat' dir='ltr'><strong>Sueten.</strong></span> <span class='ocrx_word' id='word_1_328' title='bbox 309 2521 381 2554; x_wconf 79' lang='lat' dir='ltr'><strong>Tib.</strong></span> <span class='ocrx_word' id='word_1_329' title='bbox 399 2524 430 2554; x_wconf 74' lang='lat'><strong>2.</strong></span> <span class='ocrx_word' id='word_1_330' title='bbox 454 2523 509 2553; x_wconf 74' lang='lat' dir='ltr'><strong>ubi</strong></span> <span class='ocrx_word' id='word_1_331' title='bbox 521 2523 587 2553; x_wconf 67' lang='lat' dir='ltr'><strong>vid.</strong></span> <span class='ocrx_word' id='word_1_332' title='bbox 606 2523 685 2554; x_wconf 76' lang='lat' dir='ltr'><strong>luet.</strong></span> 
     </span>
    </p>

    <p class='ocr_par' dir='ltr' id='par_1_20' title="bbox 153 2562 884 2731">
     <span class='ocr_line' id='line_1_57' title="bbox 178 2562 884 2602; baseline 0.001 -9"><span class='ocrx_word' id='word_1_333' title='bbox 178 2588 183 2592; x_wconf 75' lang='grc'><strong>.</strong></span> <span class='ocrx_word' id='word_1_334' title='bbox 201 2562 354 2602; x_wconf 69' lang='lat' dir='ltr'><strong>Claudia,</strong></span> <span class='ocrx_word' id='word_1_335' title='bbox 367 2575 394 2596; x_wconf 74' lang='lat' dir='ltr'><strong>s.</strong></span> <span class='ocrx_word' id='word_1_336' title='bbox 413 2563 536 2601; x_wconf 78' lang='lat' dir='ltr'><strong>Clodia,</strong></span> <span class='ocrx_word' id='word_1_337' title='bbox 553 2565 593 2595; x_wconf 91' lang='lat' dir='ltr'><strong>ad</strong></span> <span class='ocrx_word' id='word_1_338' title='bbox 609 2566 684 2596; x_wconf 77' lang='lat' dir='ltr'><strong>Div.</strong></span> <span class='ocrx_word' id='word_1_339' title='bbox 707 2575 737 2595; x_wconf 84' lang='lat' dir='ltr'><strong>v.</strong></span> <span class='ocrx_word' id='word_1_340' title='bbox 755 2565 785 2595; x_wconf 74' lang='grc' dir='ltr'><strong>Ω.</strong></span> <span class='ocrx_word' id='word_1_341' title='bbox 800 2573 884 2594; x_wconf 83' lang='lat' dir='ltr'><strong>uxor</strong></span> 
     </span>
     <span class='ocr_line' id='line_1_58' title="bbox 153 2604 882 2647; baseline 0 -11"><span class='ocrx_word' id='word_1_342' title='bbox 153 2604 196 2644; x_wconf 79' lang='grc' dir='ltr'><strong>Ω.</strong></span> <span class='ocrx_word' id='word_1_343' title='bbox 216 2605 345 2637; x_wconf 88' lang='lat' dir='ltr'><strong>Metelli</strong></span> <span class='ocrx_word' id='word_1_344' title='bbox 369 2606 504 2643; x_wconf 76' lang='lat' dir='ltr'><strong>Celeris,</strong></span> <span class='ocrx_word' id='word_1_345' title='bbox 527 2607 622 2647; x_wconf 71' lang='lat' dir='ltr'><strong>Appii</strong></span> <span class='ocrx_word' id='word_1_346' title='bbox 647 2607 773 2639; x_wconf 77' lang='lat' dir='ltr'><strong>Claudii</strong></span> <span class='ocrx_word' id='word_1_347' title='bbox 798 2612 832 2636; x_wconf 88' lang='lat' dir='ltr'><strong>et</strong></span> <span class='ocrx_word' id='word_1_348' title='bbox 848 2606 882 2636; x_wconf 80' lang='lat' dir='ltr'><strong>P.</strong></span> 
     </span>
     <span class='ocr_line' id='line_1_59' title="bbox 155 2647 884 2689; baseline 0.001 -11"><span class='ocrx_word' id='word_1_349' title='bbox 155 2647 262 2678; x_wconf 76' lang='lat' dir='ltr'><strong>Clodii</strong></span> <span class='ocrx_word' id='word_1_350' title='bbox 275 2658 380 2686; x_wconf 82' lang='lat' dir='ltr'><strong>soror,</strong></span> <span class='ocrx_word' id='word_1_351' title='bbox 395 2649 434 2679; x_wconf 84' lang='lat' dir='ltr'><strong>de</strong></span> <span class='ocrx_word' id='word_1_352' title='bbox 446 2648 517 2689; x_wconf 79' lang='lat' dir='ltr'><strong>ejus</strong></span> <span class='ocrx_word' id='word_1_353' title='bbox 518 2649 617 2689; x_wconf 64' lang='lat' dir='ltr'><strong>simia</strong></span> <span class='ocrx_word' id='word_1_354' title='bbox 629 2650 760 2680; x_wconf 75' lang='lat' dir='ltr'><strong>libidine</strong></span> <span class='ocrx_word' id='word_1_355' title='bbox 773 2653 804 2678; x_wconf 81' lang='lat' dir='ltr'><strong>et</strong></span> <span class='ocrx_word' id='word_1_356' title='bbox 820 2657 884 2679; x_wconf 82' lang='lat' dir='ltr'><strong>scc-</strong></span> 
     </span>
     <span class='ocr_line' id='line_1_60' title="bbox 154 2690 709 2731; baseline 0.004 -11"><span class='ocrx_word' id='word_1_357' title='bbox 154 2690 276 2721; x_wconf 80' lang='lat' dir='ltr'><strong>leribus</strong></span> <span class='ocrx_word' id='word_1_358' title='bbox 289 2701 320 2722; x_wconf 94' lang='lat' dir='ltr'><strong>v.</strong></span> <span class='ocrx_word' id='word_1_359' title='bbox 333 2692 499 2731; x_wconf 79' lang='lat' dir='ltr'><strong>inprimis</strong></span> <span class='ocrx_word' id='word_1_360' title='bbox 518 2692 709 2722; x_wconf 56' lang='lat' dir='ltr'><strong>alianum.</strong></span> 
     </span>
    </p>

    <p class='ocr_par' dir='ltr' id='par_1_21' title="bbox 152 2732 884 2816">
     <span class='ocr_line' id='line_1_61' title="bbox 194 2732 883 2773; baseline 0.001 -10"><span class='ocrx_word' id='word_1_361' title='bbox 194 2732 279 2773; x_wconf 79' lang='lat' dir='ltr'><strong>App.</strong></span> <span class='ocrx_word' id='word_1_362' title='bbox 305 2733 474 2770; x_wconf 78' lang='lat' dir='ltr'><strong>Claudius,</strong></span> <span class='ocrx_word' id='word_1_363' title='bbox 489 2733 677 2769; x_wconf 73' lang='lat' dir='ltr'><strong>Decemvir,</strong></span> <span class='ocrx_word' id='word_1_364' title='bbox 696 2734 766 2765; x_wconf 81' lang='lat' dir='ltr'><strong>Fin.</strong></span> <span class='ocrx_word' id='word_1_365' title='bbox 782 2732 816 2763; x_wconf 88' lang='lat' dir='ltr'><strong>ii.</strong></span> <span class='ocrx_word' id='word_1_366' title='bbox 831 2735 883 2764; x_wconf 73' lang='grc' dir='ltr'><strong>ΞΟ.</strong></span> 
     </span>
     <span class='ocr_line' id='line_1_62' title="bbox 152 2775 884 2816; baseline 0.001 -12"><span class='ocrx_word' id='word_1_367' title='bbox 152 2775 341 2813; x_wconf 80' lang='lat' dir='ltr'><strong>cognomine</strong></span> <span class='ocrx_word' id='word_1_368' title='bbox 367 2775 547 2807; x_wconf 79' lang='lat' dir='ltr'><strong>Crassinus.</strong></span> <span class='ocrx_word' id='word_1_369' title='bbox 567 2786 598 2807; x_wconf 84' lang='lat' dir='ltr'><strong>v.</strong></span> <span class='ocrx_word' id='word_1_370' title='bbox 622 2776 767 2816; x_wconf 74' lang='lat' dir='ltr'><strong>Pighius</strong></span> <span class='ocrx_word' id='word_1_371' title='bbox 789 2775 835 2805; x_wconf 84' lang='lat' dir='ltr'><strong>ad</strong></span> <span class='ocrx_word' id='word_1_372' title='bbox 850 2784 884 2805; x_wconf 87' lang='grc' dir='ltr'><strong>α.</strong></span> 
     </span>
    </p>

    <p class='ocr_par' dir='ltr' id='par_1_22' title="bbox 155 2857 887 2943">
     <span class='ocr_line' id='line_1_63' title="bbox 197 2857 887 2899; baseline 0.003 -11"><span class='ocrx_word' id='word_1_373' title='bbox 197 2857 280 2898; x_wconf 87' lang='lat' dir='ltr'><strong>App.</strong></span> <span class='ocrx_word' id='word_1_374' title='bbox 315 2858 472 2891; x_wconf 69' lang='lat' dir='ltr'><strong>OEaudtus</strong></span> <span class='ocrx_word' id='word_1_375' title='bbox 495 2861 623 2899; x_wconf 79' lang='lat' dir='ltr'><strong>Caecus,</strong></span> <span class='ocrx_word' id='word_1_376' title='bbox 648 2861 739 2898; x_wconf 78' lang='lat' dir='ltr'><strong>(ante</strong></span> <span class='ocrx_word' id='word_1_377' title='bbox 761 2860 887 2890; x_wconf 77' lang='lat' dir='ltr'><strong>coecc‘la·</strong></span> 
     </span>
     <span class='ocr_line' id='line_1_64' title="bbox 155 2901 886 2943; baseline 0 -11"><span class='ocrx_word' id='word_1_378' title='bbox 155 2903 222 2941; x_wconf 55' lang='lat' dir='ltr'><strong>tem</strong></span> <span class='ocrx_word' id='word_1_379' title='bbox 236 2901 385 2943; x_wconf 81' lang='lat' dir='ltr'><strong>Crassus)</strong></span> <span class='ocrx_word' id='word_1_380' title='bbox 403 2903 527 2935; x_wconf 74' lang='lat' dir='ltr'><strong>abavus</strong></span> <span class='ocrx_word' id='word_1_381' title='bbox 542 2903 588 2935; x_wconf 89' lang='lat' dir='ltr'><strong>P.</strong></span> <span class='ocrx_word' id='word_1_382' title='bbox 601 2903 720 2935; x_wconf 75' lang='lat' dir='ltr'><strong>Clodii.</strong></span> <span class='ocrx_word' id='word_1_383' title='bbox 737 2901 818 2934; x_wconf 85' lang='lat' dir='ltr'><strong>Coel.</strong></span> <span class='ocrx_word' id='word_1_384' title='bbox 839 2904 886 2932; x_wconf 78' lang='lat'><strong>14.</strong></span> 
     </span>
    </p>
   </div>
   <div class='ocr_carea' id='block_1_5' title="bbox 438 3058 459 3082">
    <p class='ocr_par' dir='ltr' id='par_1_23' title="bbox 438 3058 459 3082">
     <span class='ocr_line' id='line_1_65' title="bbox 438 3058 459 3082; baseline 0 0"><span class='ocrx_word' id='word_1_385' title='bbox 438 3058 459 3082; x_wconf 67' lang='grc' dir='ltr'><em>Ο</em></span> 
     </span>
    </p>
   </div>
   <div class='ocr_carea' id='block_1_6' title="bbox 1584 111 1638 150">
    <p class='ocr_par' dir='ltr' id='par_1_24' title="bbox 1584 111 1638 150">
     <span class='ocr_line' id='line_1_66' title="bbox 1584 111 1638 150; baseline 0.037 -2"><span class='ocrx_word' id='word_1_386' title='bbox 1584 111 1638 150; x_wconf 77' lang='grc'><strong>83</strong></span> 
     </span>
    </p>
   </div>
   <div class='ocr_carea' id='block_1_7' title="bbox 916 194 1662 2973">
    <p class='ocr_par' dir='ltr' id='par_1_25' title="bbox 919 194 1646 617">
     <span class='ocr_line' id='line_1_67' title="bbox 919 194 1640 237; baseline 0.017 -12"><span class='ocrx_word' id='word_1_387' title='bbox 919 194 1018 228; x_wconf 83' lang='lat' dir='ltr'><strong>Tusc.</strong></span> <span class='ocrx_word' id='word_1_388' title='bbox 1043 208 1073 228; x_wconf 88' lang='lat' dir='ltr'><strong>v.</strong></span> <span class='ocrx_word' id='word_1_389' title='bbox 1097 201 1151 231; x_wconf 80' lang='grc'><strong>38.</strong></span> <span class='ocrx_word' id='word_1_390' title='bbox 1178 201 1210 230; x_wconf 90' lang='lat' dir='ltr'><strong>in</strong></span> <span class='ocrx_word' id='word_1_391' title='bbox 1232 202 1380 233; x_wconf 60' lang='lat' dir='ltr'><strong>cecitate</strong></span> <span class='ocrx_word' id='word_1_392' title='bbox 1409 204 1490 233; x_wconf 86' lang='lat' dir='ltr'><strong>nulli</strong></span> <span class='ocrx_word' id='word_1_393' title='bbox 1513 207 1640 237; x_wconf 86' lang='lat' dir='ltr'><strong>muneri</strong></span> 
     </span>
     <span class='ocr_line' id='line_1_68' title="bbox 920 238 1640 280; baseline 0.015 -12"><span class='ocrx_word' id='word_1_394' title='bbox 920 238 1051 277; x_wconf 71' lang='lat' dir='ltr'><strong>publico</strong></span> <span class='ocrx_word' id='word_1_395' title='bbox 1065 247 1122 272; x_wconf 85' lang='lat' dir='ltr'><strong>aut</strong></span> <span class='ocrx_word' id='word_1_396' title='bbox 1140 243 1263 280; x_wconf 75' lang='lat' dir='ltr'><strong>privato</strong></span> <span class='ocrx_word' id='word_1_397' title='bbox 1276 242 1378 274; x_wconf 74' lang='lat' dir='ltr'><strong>deest.</strong></span> <span class='ocrx_word' id='word_1_398' title='bbox 1395 245 1479 275; x_wconf 72' lang='lat' dir='ltr'><strong>conr.</strong></span> <span class='ocrx_word' id='word_1_399' title='bbox 1495 248 1588 278; x_wconf 64' lang='lat' dir='ltr'><strong>(fato.</strong></span> <span class='ocrx_word' id='word_1_400' title='bbox 1609 249 1640 279; x_wconf 78' lang='lat' dir='ltr'><strong>G.</strong></span> 
     </span>
     <span class='ocr_line' id='line_1_69' title="bbox 921 279 1640 322; baseline 0.013 -13"><span class='ocrx_word' id='word_1_401' title='bbox 921 279 1024 311; x_wconf 82' lang='lat' dir='ltr'><strong>foedus</strong></span> <span class='ocrx_word' id='word_1_402' title='bbox 1039 291 1114 312; x_wconf 83' lang='lat' dir='ltr'><strong>cum</strong></span> <span class='ocrx_word' id='word_1_403' title='bbox 1132 282 1254 322; x_wconf 79' lang='lat' dir='ltr'><strong>l&#39;yrrho</strong></span> <span class='ocrx_word' id='word_1_404' title='bbox 1269 285 1451 316; x_wconf 80' lang='lat' dir='ltr'><strong>faciendum</strong></span> <span class='ocrx_word' id='word_1_405' title='bbox 1465 286 1640 322; x_wconf 69' lang='lat' dir='ltr'><strong>dissuadet.</strong></span> 
     </span>
     <span class='ocr_line' id='line_1_70' title="bbox 921 321 1641 367; baseline 0.014 -16"><span class='ocrx_word' id='word_1_406' title='bbox 921 321 969 351; x_wconf 85' lang='lat' dir='ltr'><strong>bis</strong></span> <span class='ocrx_word' id='word_1_407' title='bbox 989 323 1114 354; x_wconf 84' lang='lat' dir='ltr'><strong>consul.</strong></span> <span class='ocrx_word' id='word_1_408' title='bbox 1132 327 1255 355; x_wconf 80' lang='lat' dir='ltr'><strong>Censor</strong></span> <span class='ocrx_word' id='word_1_409' title='bbox 1277 333 1353 357; x_wconf 76' lang='lat' dir='ltr'><strong>ante</strong></span> <span class='ocrx_word' id='word_1_410' title='bbox 1369 328 1510 367; x_wconf 84' lang='lat' dir='ltr'><strong>primum</strong></span> <span class='ocrx_word' id='word_1_411' title='bbox 1527 340 1641 361; x_wconf 74' lang='lat' dir='ltr'><strong>consu-</strong></span> 
     </span>
     <span class='ocr_line' id='line_1_71' title="bbox 921 363 1643 412; baseline 0.014 -19"><span class='ocrx_word' id='word_1_412' title='bbox 921 363 1047 395; x_wconf 85' lang='lat' dir='ltr'><strong>latum:</strong></span> <span class='ocrx_word' id='word_1_413' title='bbox 1077 367 1112 396; x_wconf 80' lang='lat' dir='ltr'><strong>in</strong></span> <span class='ocrx_word' id='word_1_414' title='bbox 1133 376 1198 405; x_wconf 83' lang='lat' dir='ltr'><strong>qua</strong></span> <span class='ocrx_word' id='word_1_415' title='bbox 1219 377 1356 399; x_wconf 70' lang='lat' dir='ltr'><strong>censura</strong></span> <span class='ocrx_word' id='word_1_416' title='bbox 1381 370 1439 399; x_wconf 74' lang='lat' dir='ltr'><strong>situ·</strong></span> <span class='ocrx_word' id='word_1_417' title='bbox 1467 370 1517 400; x_wconf 73' lang='lat' dir='ltr'><strong>via</strong></span> <span class='ocrx_word' id='word_1_418' title='bbox 1539 371 1643 412; x_wconf 78' lang='lat' dir='ltr'><strong>Appia</strong></span> 
     </span>
     <span class='ocr_line' id='line_1_72' title="bbox 921 409 1644 448; baseline 0.011 -12"><span class='ocrx_word' id='word_1_419' title='bbox 921 410 1030 437; x_wconf 76' lang='lat' dir='ltr'><strong>strata</strong></span> <span class='ocrx_word' id='word_1_420' title='bbox 1052 413 1083 438; x_wconf 85' lang='lat' dir='ltr'><strong>ct</strong></span> <span class='ocrx_word' id='word_1_421' title='bbox 1111 418 1194 446; x_wconf 76' lang='lat' dir='ltr'><strong>aqua</strong></span> <span class='ocrx_word' id='word_1_422' title='bbox 1221 409 1326 448; x_wconf 73' lang='lat' dir='ltr'><strong>Appia</strong></span> <span class='ocrx_word' id='word_1_423' title='bbox 1353 411 1385 440; x_wconf 82' lang='lat' dir='ltr'><strong>in</strong></span> <span class='ocrx_word' id='word_1_424' title='bbox 1407 411 1520 441; x_wconf 82' lang='lat' dir='ltr'><strong>urbem</strong></span> <span class='ocrx_word' id='word_1_425' title='bbox 1545 413 1644 444; x_wconf 75' lang='lat' dir='ltr'><strong>ducta</strong></span> 
     </span>
     <span class='ocr_line' id='line_1_73' title="bbox 922 450 1644 494; baseline 0.011 -16"><span class='ocrx_word' id='word_1_426' title='bbox 922 450 1104 480; x_wconf 69' lang='lat' dir='ltr'><strong>maximam</strong></span> <span class='ocrx_word' id='word_1_427' title='bbox 1121 450 1264 480; x_wconf 74' lang='lat' dir='ltr'><strong>Senatus</strong></span> <span class='ocrx_word' id='word_1_428' title='bbox 1273 452 1429 482; x_wconf 75' lang='lat' dir='ltr'><strong>invidiam</strong></span> <span class='ocrx_word' id='word_1_429' title='bbox 1443 453 1604 494; x_wconf 74' lang='lat' dir='ltr'><strong>constavit.</strong></span> <span class='ocrx_word' id='word_1_430' title='bbox 1614 466 1644 486; x_wconf 74' lang='lat' dir='ltr'><strong>v.</strong></span> 
     </span>
     <span class='ocr_line' id='line_1_74' title="bbox 924 490 1645 532; baseline 0.008 -11"><span class='ocrx_word' id='word_1_431' title='bbox 924 490 1021 522; x_wconf 83' lang='lat' dir='ltr'><strong>Diod.</strong></span> <span class='ocrx_word' id='word_1_432' title='bbox 1041 491 1075 522; x_wconf 87' lang='lat' dir='ltr'><strong>S.</strong></span> <span class='ocrx_word' id='word_1_433' title='bbox 1091 503 1141 523; x_wconf 81' lang='lat' dir='ltr'><strong>xx.</strong></span> <span class='ocrx_word' id='word_1_434' title='bbox 1160 502 1196 532; x_wconf 78' lang='lat' dir='ltr'><strong>p.</strong></span> <span class='ocrx_word' id='word_1_435' title='bbox 1219 495 1291 527; x_wconf 81' lang='grc'><strong>773.</strong></span> <span class='ocrx_word' id='word_1_436' title='bbox 1314 497 1388 527; x_wconf 72' lang='grc'><strong>774.</strong></span> <span class='ocrx_word' id='word_1_437' title='bbox 1407 493 1501 524; x_wconf 84' lang='lat' dir='ltr'><strong>Brut.</strong></span> <span class='ocrx_word' id='word_1_438' title='bbox 1526 498 1572 526; x_wconf 72' lang='lat'><strong>14.</strong></span> <span class='ocrx_word' id='word_1_439' title='bbox 1595 498 1645 527; x_wconf 84' lang='lat' dir='ltr'><strong>iu·</strong></span> 
     </span>
     <span class='ocr_line' id='line_1_75' title="bbox 920 534 1646 576; baseline 0.011 -13"><span class='ocrx_word' id='word_1_440' title='bbox 920 537 1028 564; x_wconf 78' lang='lat' dir='ltr'><strong>teri-ex</strong></span> <span class='ocrx_word' id='word_1_441' title='bbox 1043 535 1177 566; x_wconf 83' lang='lat' dir='ltr'><strong>comitia</strong></span> <span class='ocrx_word' id='word_1_442' title='bbox 1191 534 1326 572; x_wconf 76' lang='lat' dir='ltr'><strong>habens,</strong></span> <span class='ocrx_word' id='word_1_443' title='bbox 1342 536 1380 566; x_wconf 86' lang='lat' dir='ltr'><strong>de</strong></span> <span class='ocrx_word' id='word_1_444' title='bbox 1392 535 1484 576; x_wconf 86' lang='lat' dir='ltr'><strong>plebe</strong></span> <span class='ocrx_word' id='word_1_445' title='bbox 1498 539 1646 570; x_wconf 71' lang='lat' dir='ltr'><strong>consules</strong></span> 
     </span>
     <span class='ocr_line' id='line_1_76' title="bbox 922 576 1541 617; baseline 0.005 -12"><span class='ocrx_word' id='word_1_446' title='bbox 922 584 988 606; x_wconf 86' lang='lat' dir='ltr'><strong>non</strong></span> <span class='ocrx_word' id='word_1_447' title='bbox 1003 577 1133 617; x_wconf 84' lang='lat' dir='ltr'><strong>accipit.</strong></span> <span class='ocrx_word' id='word_1_448' title='bbox 1147 588 1175 607; x_wconf 72' lang='lat' dir='ltr'><strong>v.</strong></span> <span class='ocrx_word' id='word_1_449' title='bbox 1190 576 1271 616; x_wconf 68' lang='lat' dir='ltr'><strong>infr.</strong></span> <span class='ocrx_word' id='word_1_450' title='bbox 1290 578 1322 607; x_wconf 83' lang='lat' dir='ltr'><strong>in</strong></span> <span class='ocrx_word' id='word_1_451' title='bbox 1339 578 1397 608; x_wconf 82' lang='grc' dir='ltr'><strong>Μ’.</strong></span> <span class='ocrx_word' id='word_1_452' title='bbox 1414 579 1541 608; x_wconf 80' lang='lat' dir='ltr'><strong>Curius.</strong></span> 
     </span>
    </p>

    <p class='ocr_par' dir='ltr' id='par_1_26' title="bbox 921 618 1648 786">
     <span class='ocr_line' id='line_1_77' title="bbox 962 618 1644 659; baseline 0.004 -10"><span class='ocrx_word' id='word_1_453' title='bbox 962 618 1047 659; x_wconf 83' lang='lat' dir='ltr'><strong>App.</strong></span> <span class='ocrx_word' id='word_1_454' title='bbox 1071 619 1239 657; x_wconf 72' lang='lat' dir='ltr'><strong>Claudius,</strong></span> <span class='ocrx_word' id='word_1_455' title='bbox 1254 619 1348 650; x_wconf 89' lang='lat' dir='ltr'><strong>Brut.</strong></span> <span class='ocrx_word' id='word_1_456' title='bbox 1371 622 1422 651; x_wconf 72' lang='lat'><strong>28.</strong></span> <span class='ocrx_word' id='word_1_457' title='bbox 1445 621 1596 651; x_wconf 77' lang='lat' dir='ltr'><strong>volubilis</strong></span> <span class='ocrx_word' id='word_1_458' title='bbox 1612 627 1644 652; x_wconf 86' lang='lat' dir='ltr'><strong>et</strong></span> 
     </span>
     <span class='ocr_line' id='line_1_78' title="bbox 922 659 1647 703; baseline 0.006 -14"><span class='ocrx_word' id='word_1_459' title='bbox 922 659 1063 692; x_wconf 74' lang='lat' dir='ltr'><strong>fervidus</strong></span> <span class='ocrx_word' id='word_1_460' title='bbox 1090 667 1211 693; x_wconf 85' lang='lat' dir='ltr'><strong>orator.</strong></span> <span class='ocrx_word' id='word_1_461' title='bbox 1256 661 1315 693; x_wconf 75' lang='lat' dir='ltr'><strong>Ex</strong></span> <span class='ocrx_word' id='word_1_462' title='bbox 1343 663 1496 703; x_wconf 84' lang='lat' dir='ltr'><strong>temporis</strong></span> <span class='ocrx_word' id='word_1_463' title='bbox 1521 665 1647 693; x_wconf 80' lang='lat' dir='ltr'><strong>ratione</strong></span> 
     </span>
     <span class='ocr_line' id='line_1_79' title="bbox 921 703 1648 746; baseline 0.007 -15"><span class='ocrx_word' id='word_1_464' title='bbox 921 703 1072 741; x_wconf 75' lang='lat' dir='ltr'><strong>colligere</strong></span> <span class='ocrx_word' id='word_1_465' title='bbox 1094 704 1180 741; x_wconf 79' lang='lat' dir='ltr'><strong>licet,</strong></span> <span class='ocrx_word' id='word_1_466' title='bbox 1194 714 1372 735; x_wconf 85' lang='lat' dir='ltr'><strong>sermonem</strong></span> <span class='ocrx_word' id='word_1_467' title='bbox 1394 714 1459 736; x_wconf 80' lang='lat' dir='ltr'><strong>esse</strong></span> <span class='ocrx_word' id='word_1_468' title='bbox 1475 705 1514 735; x_wconf 85' lang='lat' dir='ltr'><strong>de</strong></span> <span class='ocrx_word' id='word_1_469' title='bbox 1531 715 1576 742; x_wconf 84' lang='lat' dir='ltr'><strong>eo,</strong></span> <span class='ocrx_word' id='word_1_470' title='bbox 1592 707 1648 746; x_wconf 78' lang='lat' dir='ltr'><strong>qui</strong></span> 
     </span>
     <span class='ocr_line' id='line_1_80' title="bbox 921 744 1356 786; baseline 0.007 -12"><span class='ocrx_word' id='word_1_471' title='bbox 921 744 960 774; x_wconf 84' lang='lat' dir='ltr'><strong>de</strong></span> <span class='ocrx_word' id='word_1_472' title='bbox 975 744 1116 775; x_wconf 69' lang='lat' dir='ltr'><strong>Salassis</strong></span> <span class='ocrx_word' id='word_1_473' title='bbox 1130 747 1356 786; x_wconf 75' lang='lat' dir='ltr'><strong>triumphavit.</strong></span> 
     </span>
    </p>

    <p class='ocr_par' dir='ltr' id='par_1_27' title="bbox 921 786 1649 953">
     <span class='ocr_line' id='line_1_81' title="bbox 962 786 1648 828; baseline 0.003 -11"><span class='ocrx_word' id='word_1_474' title='bbox 962 786 1047 827; x_wconf 86' lang='lat' dir='ltr'><strong>App.</strong></span> <span class='ocrx_word' id='word_1_475' title='bbox 1068 787 1223 818; x_wconf 74' lang='lat' dir='ltr'><strong>Claudius</strong></span> <span class='ocrx_word' id='word_1_476' title='bbox 1236 792 1353 828; x_wconf 72' lang='lat' dir='ltr'><strong>maJor,</strong></span> <span class='ocrx_word' id='word_1_477' title='bbox 1369 788 1408 819; x_wconf 91' lang='lat' dir='ltr'><strong>de</strong></span> <span class='ocrx_word' id='word_1_478' title='bbox 1420 789 1479 820; x_wconf 85' lang='lat' dir='ltr'><strong>Or.</strong></span> <span class='ocrx_word' id='word_1_479' title='bbox 1495 788 1529 819; x_wconf 89' lang='lat' dir='ltr'><strong>ii.</strong></span> <span class='ocrx_word' id='word_1_480' title='bbox 1544 788 1596 819; x_wconf 83' lang='lat'><strong>60.</strong></span> <span class='ocrx_word' id='word_1_481' title='bbox 1613 795 1648 819; x_wconf 87' lang='lat' dir='ltr'><strong>et</strong></span> 
     </span>
     <span class='ocr_line' id='line_1_82' title="bbox 921 829 1648 871; baseline 0 -10"><span class='ocrx_word' id='word_1_482' title='bbox 921 830 974 861; x_wconf 76' lang='lat'><strong>70.</strong></span> <span class='ocrx_word' id='word_1_483' title='bbox 994 829 1099 861; x_wconf 83' lang='lat' dir='ltr'><strong>dicax.</strong></span> <span class='ocrx_word' id='word_1_484' title='bbox 1121 831 1244 861; x_wconf 71' lang='lat' dir='ltr'><strong>dicitur</strong></span> <span class='ocrx_word' id='word_1_485' title='bbox 1265 833 1382 870; x_wconf 84' lang='lat' dir='ltr'><strong>major,</strong></span> <span class='ocrx_word' id='word_1_486' title='bbox 1405 832 1483 871; x_wconf 77' lang='lat' dir='ltr'><strong>quin</strong></span> <span class='ocrx_word' id='word_1_487' title='bbox 1493 829 1648 871; x_wconf 80' lang='lat' dir='ltr'><strong>fratrem</strong></span> 
     </span>
     <span class='ocr_line' id='line_1_83' title="bbox 921 871 1649 909; baseline 0.007 -10"><span class='ocrx_word' id='word_1_488' title='bbox 921 871 1028 902; x_wconf 85' lang='lat' dir='ltr'><strong>eodem</strong></span> <span class='ocrx_word' id='word_1_489' title='bbox 1047 873 1176 903; x_wconf 76' lang='lat' dir='ltr'><strong>nomine</strong></span> <span class='ocrx_word' id='word_1_490' title='bbox 1195 873 1308 903; x_wconf 78' lang='lat' dir='ltr'><strong>habuit</strong></span> <span class='ocrx_word' id='word_1_491' title='bbox 1330 874 1499 909; x_wconf 80' lang='lat' dir='ltr'><strong>minorem,</strong></span> <span class='ocrx_word' id='word_1_492' title='bbox 1515 873 1560 904; x_wconf 89' lang='lat' dir='ltr'><strong>P.</strong></span> <span class='ocrx_word' id='word_1_493' title='bbox 1580 873 1649 904; x_wconf 84' lang='lat' dir='ltr'><strong>Clo-</strong></span> 
     </span>
     <span class='ocr_line' id='line_1_84' title="bbox 921 913 1506 953; baseline 0.007 -11"><span class='ocrx_word' id='word_1_494' title='bbox 921 913 967 943; x_wconf 79' lang='lat' dir='ltr'><strong>dii</strong></span> <span class='ocrx_word' id='word_1_495' title='bbox 975 919 1119 953; x_wconf 78' lang='lat' dir='ltr'><strong>patrem.</strong></span> <span class='ocrx_word' id='word_1_496' title='bbox 1136 914 1241 945; x_wconf 81' lang='lat' dir='ltr'><strong>Filius</strong></span> <span class='ocrx_word' id='word_1_497' title='bbox 1254 918 1299 945; x_wconf 85' lang='lat' dir='ltr'><strong>est</strong></span> <span class='ocrx_word' id='word_1_498' title='bbox 1314 915 1351 946; x_wconf 89' lang='lat' dir='ltr'><strong>C.</strong></span> <span class='ocrx_word' id='word_1_499' title='bbox 1366 915 1506 946; x_wconf 77' lang='lat' dir='ltr'><strong>Claudii.</strong></span> 
     </span>
    </p>

    <p class='ocr_par' dir='ltr' id='par_1_28' title="bbox 917 955 1651 1288">
     <span class='ocr_line' id='line_1_85' title="bbox 961 955 1649 998; baseline 0.004 -12"><span class='ocrx_word' id='word_1_500' title='bbox 961 956 1045 996; x_wconf 87' lang='lat' dir='ltr'><strong>App.</strong></span> <span class='ocrx_word' id='word_1_501' title='bbox 1065 955 1233 994; x_wconf 77' lang='lat' dir='ltr'><strong>Claudius,</strong></span> <span class='ocrx_word' id='word_1_502' title='bbox 1255 957 1373 994; x_wconf 82' lang='lat' dir='ltr'><strong>minor,</strong></span> <span class='ocrx_word' id='word_1_503' title='bbox 1397 956 1441 988; x_wconf 92' lang='lat' dir='ltr'><strong>P.</strong></span> <span class='ocrx_word' id='word_1_504' title='bbox 1470 958 1570 988; x_wconf 80' lang='lat' dir='ltr'><strong>Clodii</strong></span> <span class='ocrx_word' id='word_1_505' title='bbox 1585 967 1649 998; x_wconf 85' lang='lat' dir='ltr'><strong>pa-</strong></span> 
     </span>
     <span class='ocr_line' id='line_1_86' title="bbox 922 998 1648 1040; baseline 0.006 -14"><span class='ocrx_word' id='word_1_506' title='bbox 922 998 1087 1039; x_wconf 64' lang='lat' dir='ltr'><strong>ter-,filius</strong></span> <span class='ocrx_word' id='word_1_507' title='bbox 1105 998 1140 1030; x_wconf 82' lang='lat' dir='ltr'><strong>C.</strong></span> <span class='ocrx_word' id='word_1_508' title='bbox 1160 999 1300 1030; x_wconf 77' lang='lat' dir='ltr'><strong>Claudii.</strong></span> <span class='ocrx_word' id='word_1_509' title='bbox 1315 999 1379 1030; x_wconf 72' lang='lat' dir='ltr'><strong>vid.</strong></span> <span class='ocrx_word' id='word_1_510' title='bbox 1394 1010 1453 1040; x_wconf 86' lang='lat' dir='ltr'><strong>pro</strong></span> <span class='ocrx_word' id='word_1_511' title='bbox 1469 1000 1580 1031; x_wconf 81' lang='lat' dir='ltr'><strong>Plane.</strong></span> <span class='ocrx_word' id='word_1_512' title='bbox 1596 1003 1648 1033; x_wconf 76' lang='lat'><strong>21.</strong></span> 
     </span>
     <span class='ocr_line' id='line_1_87' title="bbox 922 1039 1650 1081; baseline 0.003 -11"><span class='ocrx_word' id='word_1_513' title='bbox 922 1039 960 1070; x_wconf 86' lang='lat' dir='ltr'><strong>de</strong></span> <span class='ocrx_word' id='word_1_514' title='bbox 982 1040 1124 1081; x_wconf 69' lang='lat' dir='ltr'><strong>nai-usp.</strong></span> <span class='ocrx_word' id='word_1_515' title='bbox 1141 1042 1180 1072; x_wconf 89' lang='lat' dir='ltr'><strong>R.</strong></span> <span class='ocrx_word' id='word_1_516' title='bbox 1207 1043 1252 1072; x_wconf 73' lang='lat'><strong>12.</strong></span> <span class='ocrx_word' id='word_1_517' title='bbox 1267 1051 1343 1072; x_wconf 91' lang='lat' dir='ltr'><strong>cum</strong></span> <span class='ocrx_word' id='word_1_518' title='bbox 1365 1041 1457 1073; x_wconf 89' lang='lat' dir='ltr'><strong>ludos</strong></span> <span class='ocrx_word' id='word_1_519' title='bbox 1480 1042 1570 1079; x_wconf 86' lang='lat' dir='ltr'><strong>fecit,</strong></span> <span class='ocrx_word' id='word_1_520' title='bbox 1585 1052 1650 1073; x_wconf 87' lang='lat' dir='ltr'><strong>ser-</strong></span> 
     </span>
     <span class='ocr_line' id='line_1_88' title="bbox 921 1082 1650 1124; baseline 0.007 -14"><span class='ocrx_word' id='word_1_521' title='bbox 921 1091 978 1111; x_wconf 86' lang='lat' dir='ltr'><strong>vos</strong></span> <span class='ocrx_word' id='word_1_522' title='bbox 1001 1082 1039 1113; x_wconf 84' lang='lat' dir='ltr'><strong>de</strong></span> <span class='ocrx_word' id='word_1_523' title='bbox 1064 1094 1161 1114; x_wconf 78' lang='lat' dir='ltr'><strong>cavea</strong></span> <span class='ocrx_word' id='word_1_524' title='bbox 1185 1083 1272 1114; x_wconf 87' lang='lat' dir='ltr'><strong>exire</strong></span> <span class='ocrx_word' id='word_1_525' title='bbox 1293 1085 1405 1124; x_wconf 76' lang='lat' dir='ltr'><strong>Jussit.</strong></span> <span class='ocrx_word' id='word_1_526' title='bbox 1452 1084 1566 1121; x_wconf 78' lang='lat' dir='ltr'><strong>Hunc,</strong></span> <span class='ocrx_word' id='word_1_527' title='bbox 1589 1089 1650 1115; x_wconf 78' lang='lat' dir='ltr'><strong>aut</strong></span> 
     </span>
     <span class='ocr_line' id='line_1_89' title="bbox 923 1124 1651 1166; baseline 0.004 -12"><span class='ocrx_word' id='word_1_528' title='bbox 923 1124 1181 1164; x_wconf 66' lang='lat' dir='ltr'><strong>certefintrcm,</strong></span> <span class='ocrx_word' id='word_1_529' title='bbox 1199 1130 1282 1165; x_wconf 80' lang='lat' dir='ltr'><strong>puto</strong></span> <span class='ocrx_word' id='word_1_530' title='bbox 1293 1136 1358 1157; x_wconf 82' lang='lat' dir='ltr'><strong>esse</strong></span> <span class='ocrx_word' id='word_1_531' title='bbox 1379 1136 1466 1163; x_wconf 81' lang='lat' dir='ltr'><strong>cum,</strong></span> <span class='ocrx_word' id='word_1_532' title='bbox 1485 1127 1539 1166; x_wconf 83' lang='lat' dir='ltr'><strong>qm·</strong></span> <span class='ocrx_word' id='word_1_533' title='bbox 1554 1127 1651 1158; x_wconf 81' lang='lat' dir='ltr'><em>Proe-</em></span> 
     </span>
     <span class='ocr_line' id='line_1_90' title="bbox 923 1166 1651 1207; baseline 0.004 -11"><span class='ocrx_word' id='word_1_534' title='bbox 923 1166 1065 1205; x_wconf 81' lang='lat' dir='ltr'><strong>torsuit,</strong></span> <span class='ocrx_word' id='word_1_535' title='bbox 1083 1178 1117 1198; x_wconf 89' lang='lat' dir='ltr'><strong>eo</strong></span> <span class='ocrx_word' id='word_1_536' title='bbox 1138 1177 1236 1203; x_wconf 79' lang='lat' dir='ltr'><strong>anno,</strong></span> <span class='ocrx_word' id='word_1_537' title='bbox 1250 1178 1310 1207; x_wconf 84' lang='lat' dir='ltr'><strong>quo</strong></span> <span class='ocrx_word' id='word_1_538' title='bbox 1327 1168 1399 1199; x_wconf 67' lang='lat' dir='ltr'><strong>Les</strong></span> <span class='ocrx_word' id='word_1_539' title='bbox 1415 1168 1557 1199; x_wconf 72' lang='lat' dir='ltr'><strong>Plautia</strong></span> <span class='ocrx_word' id='word_1_540' title='bbox 1579 1168 1651 1200; x_wconf 80' lang='lat' dir='ltr'><strong>Pa-</strong></span> 
     </span>
     <span class='ocr_line' id='line_1_91' title="bbox 917 1209 1650 1248; baseline 0.007 -11"><span class='ocrx_word' id='word_1_541' title='bbox 917 1209 1010 1248; x_wconf 72' lang='lat' dir='ltr'><strong>piria</strong></span> <span class='ocrx_word' id='word_1_542' title='bbox 1024 1209 1104 1240; x_wconf 79' lang='lat' dir='ltr'><strong>data</strong></span> <span class='ocrx_word' id='word_1_543' title='bbox 1118 1214 1177 1246; x_wconf 86' lang='lat' dir='ltr'><strong>est,</strong></span> <span class='ocrx_word' id='word_1_544' title='bbox 1191 1210 1291 1240; x_wconf 71' lang='lat' dir='ltr'><strong>Arclz.</strong></span> <span class='ocrx_word' id='word_1_545' title='bbox 1307 1213 1338 1241; x_wconf 83' lang='lat'><strong>5.</strong></span> <span class='ocrx_word' id='word_1_546' title='bbox 1361 1210 1485 1241; x_wconf 85' lang='lat' dir='ltr'><strong>Consul</strong></span> <span class='ocrx_word' id='word_1_547' title='bbox 1499 1211 1563 1241; x_wconf 81' lang='lat' dir='ltr'><strong>suit</strong></span> <span class='ocrx_word' id='word_1_548' title='bbox 1574 1222 1650 1242; x_wconf 81' lang='lat' dir='ltr'><strong>cum</strong></span> 
     </span>
     <span class='ocr_line' id='line_1_92' title="bbox 925 1250 1495 1288; baseline 0.002 -7"><span class='ocrx_word' id='word_1_549' title='bbox 925 1250 969 1282; x_wconf 89' lang='lat' dir='ltr'><strong>P.</strong></span> <span class='ocrx_word' id='word_1_550' title='bbox 987 1250 1124 1282; x_wconf 75' lang='lat' dir='ltr'><strong>Servilio</strong></span> <span class='ocrx_word' id='word_1_551' title='bbox 1140 1252 1300 1288; x_wconf 73' lang='lat' dir='ltr'><strong>Isaurico,</strong></span> <span class='ocrx_word' id='word_1_552' title='bbox 1317 1252 1430 1282; x_wconf 86' lang='lat' dir='ltr'><strong>Plane.</strong></span> <span class='ocrx_word' id='word_1_553' title='bbox 1443 1254 1495 1283; x_wconf 75' lang='lat'><strong>21.</strong></span> 
     </span>
    </p>

    <p class='ocr_par' dir='ltr' id='par_1_29' title="bbox 916 1292 1662 2932">
     <span class='ocr_line' id='line_1_93' title="bbox 965 1292 1651 1334; baseline 0.003 -11"><span class='ocrx_word' id='word_1_554' title='bbox 965 1292 1049 1333; x_wconf 84' lang='lat' dir='ltr'><strong>App.</strong></span> <span class='ocrx_word' id='word_1_555' title='bbox 1069 1293 1224 1324; x_wconf 78' lang='lat' dir='ltr'><strong>Claudius</strong></span> <span class='ocrx_word' id='word_1_556' title='bbox 1236 1294 1395 1331; x_wconf 76' lang='lat' dir='ltr'><strong>Pulcher,</strong></span> <span class='ocrx_word' id='word_1_557' title='bbox 1408 1293 1492 1334; x_wconf 87' lang='lat' dir='ltr'><strong>App.</strong></span> <span class='ocrx_word' id='word_1_558' title='bbox 1507 1293 1542 1324; x_wconf 87' lang='lat' dir='ltr'><strong>F.</strong></span> <span class='ocrx_word' id='word_1_559' title='bbox 1555 1295 1591 1325; x_wconf 88' lang='lat' dir='ltr'><strong>C.</strong></span> <span class='ocrx_word' id='word_1_560' title='bbox 1606 1294 1651 1325; x_wconf 88' lang='lat' dir='ltr'><strong>N.</strong></span> 
     </span>
     <span class='ocr_line' id='line_1_94' title="bbox 924 1334 1650 1376; baseline 0.004 -11"><span class='ocrx_word' id='word_1_561' title='bbox 924 1334 961 1365; x_wconf 88' lang='grc' dir='ltr'><strong>Ρ.</strong></span> <span class='ocrx_word' id='word_1_562' title='bbox 984 1335 1085 1366; x_wconf 68' lang='lat' dir='ltr'><strong>Clodii</strong></span> <span class='ocrx_word' id='word_1_563' title='bbox 1093 1335 1226 1375; x_wconf 82' lang='lat' dir='ltr'><strong>frater,</strong></span> <span class='ocrx_word' id='word_1_564' title='bbox 1246 1337 1284 1374; x_wconf 80' lang='lat' dir='ltr'><strong>is,</strong></span> <span class='ocrx_word' id='word_1_565' title='bbox 1305 1337 1351 1367; x_wconf 84' lang='lat' dir='ltr'><strong>ad</strong></span> <span class='ocrx_word' id='word_1_566' title='bbox 1370 1346 1464 1376; x_wconf 80' lang='lat' dir='ltr'><strong>quem</strong></span> <span class='ocrx_word' id='word_1_567' title='bbox 1485 1340 1561 1367; x_wconf 79' lang='lat' dir='ltr'><strong>sunt</strong></span> <span class='ocrx_word' id='word_1_568' title='bbox 1586 1336 1650 1368; x_wconf 61' lang='lat' dir='ltr'><strong>Cic.</strong></span> 
     </span>
     <span class='ocr_line' id='line_1_95' title="bbox 925 1378 1652 1418; baseline 0.001 -10"><span class='ocrx_word' id='word_1_569' title='bbox 925 1378 1073 1416; x_wconf 62' lang='lat' dir='ltr'><strong>cyris-tolo.</strong></span> <span class='ocrx_word' id='word_1_570' title='bbox 1096 1378 1173 1410; x_wconf 87' lang='lat' dir='ltr'><strong>Div.</strong></span> <span class='ocrx_word' id='word_1_571' title='bbox 1190 1379 1226 1410; x_wconf 92' lang='lat' dir='ltr'><strong>ii.</strong></span> <span class='ocrx_word' id='word_1_572' title='bbox 1246 1381 1299 1410; x_wconf 87' lang='lat'><strong>35.</strong></span> <span class='ocrx_word' id='word_1_573' title='bbox 1323 1384 1326 1386; x_wconf 80' lang='grc'><em>“</em></span> <span class='ocrx_word' id='word_1_574' title='bbox 1343 1379 1509 1410; x_wconf 89' lang='lat' dir='ltr'><strong>Ciceronis</strong></span> <span class='ocrx_word' id='word_1_575' title='bbox 1525 1378 1652 1418; x_wconf 76' lang='lat' dir='ltr'><strong>collega</strong></span> 
     </span>
     <span class='ocr_line' id='line_1_96' title="bbox 924 1419 1650 1461; baseline 0.004 -13"><span class='ocrx_word' id='word_1_576' title='bbox 924 1419 959 1449; x_wconf 85' lang='lat' dir='ltr'><strong>in</strong></span> <span class='ocrx_word' id='word_1_577' title='bbox 991 1425 1169 1460; x_wconf 83' lang='lat' dir='ltr'><strong>auguratu:</strong></span> <span class='ocrx_word' id='word_1_578' title='bbox 1205 1421 1252 1452; x_wconf 77' lang='lat' dir='ltr'><strong>acl</strong></span> <span class='ocrx_word' id='word_1_579' title='bbox 1276 1431 1370 1461; x_wconf 79' lang='lat' dir='ltr'><strong>quem</strong></span> <span class='ocrx_word' id='word_1_580' title='bbox 1397 1421 1498 1451; x_wconf 81' lang='lat' dir='ltr'><strong>etiam</strong></span> <span class='ocrx_word' id='word_1_581' title='bbox 1531 1421 1650 1452; x_wconf 81' lang='lat' dir='ltr'><strong>librum</strong></span> 
     </span>
     <span class='ocr_line' id='line_1_97' title="bbox 924 1461 1652 1505; baseline 0.001 -13"><span class='ocrx_word' id='word_1_582' title='bbox 924 1462 1053 1502; x_wconf 76' lang='lat' dir='ltr'><strong>scripsit</strong></span> <span class='ocrx_word' id='word_1_583' title='bbox 1067 1461 1195 1505; x_wconf 78' lang='lat' dir='ltr'><strong>dejure</strong></span> <span class='ocrx_word' id='word_1_584' title='bbox 1208 1463 1381 1501; x_wconf 76' lang='lat' dir='ltr'><strong>augurali,</strong></span> <span class='ocrx_word' id='word_1_585' title='bbox 1395 1467 1434 1494; x_wconf 83' lang='lat' dir='ltr'><strong>ut</strong></span> <span class='ocrx_word' id='word_1_586' title='bbox 1447 1473 1487 1493; x_wconf 71' lang='lat' dir='ltr'><strong>ez·</strong></span> <span class='ocrx_word' id='word_1_587' title='bbox 1504 1464 1652 1503; x_wconf 80' lang='lat' dir='ltr'><strong>epistola-</strong></span> 
     </span>
     <span class='ocr_line' id='line_1_98' title="bbox 924 1505 1652 1546; baseline 0.004 -13"><span class='ocrx_word' id='word_1_588' title='bbox 924 1514 1001 1535; x_wconf 73' lang='lat' dir='ltr'><strong>rum</strong></span> <span class='ocrx_word' id='word_1_589' title='bbox 1016 1505 1099 1536; x_wconf 88' lang='lat' dir='ltr'><strong>libro</strong></span> <span class='ocrx_word' id='word_1_590' title='bbox 1119 1506 1166 1537; x_wconf 90' lang='lat' dir='ltr'><strong>iii.</strong></span> <span class='ocrx_word' id='word_1_591' title='bbox 1189 1510 1332 1536; x_wconf 89' lang='lat' dir='ltr'><strong>constat.</strong></span> <span class='ocrx_word' id='word_1_592' title='bbox 1355 1505 1426 1536; x_wconf 85' lang='lat' dir='ltr'><strong>Att.</strong></span> <span class='ocrx_word' id='word_1_593' title='bbox 1449 1506 1491 1535; x_wconf 89' lang='lat' dir='ltr'><strong>iv.</strong></span> <span class='ocrx_word' id='word_1_594' title='bbox 1517 1506 1563 1536; x_wconf 90' lang='lat'><strong>16.</strong></span> <span class='ocrx_word' id='word_1_595' title='bbox 1579 1510 1652 1546; x_wconf 85' lang='lat' dir='ltr'><strong>post</strong></span> 
     </span>
     <span class='ocr_line' id='line_1_99' title="bbox 925 1546 1654 1588; baseline 0.003 -11"><span class='ocrx_word' id='word_1_596' title='bbox 925 1547 1146 1578; x_wconf 82' lang='lat' dir='ltr'><strong>consulatum.</strong></span> <span class='ocrx_word' id='word_1_597' title='bbox 1161 1558 1256 1588; x_wconf 80' lang='lat' dir='ltr'><strong>quem</strong></span> <span class='ocrx_word' id='word_1_598' title='bbox 1270 1558 1345 1578; x_wconf 79' lang='lat' dir='ltr'><strong>cum</strong></span> <span class='ocrx_word' id='word_1_599' title='bbox 1365 1547 1407 1578; x_wconf 59' lang='grc' dir='ltr'><strong>Ι..</strong></span> <span class='ocrx_word' id='word_1_600' title='bbox 1424 1546 1569 1578; x_wconf 67' lang='lat' dir='ltr'><strong>Domitio</strong></span> <span class='ocrx_word' id='word_1_601' title='bbox 1579 1557 1654 1587; x_wconf 84' lang='lat' dir='ltr'><strong>ges-</strong></span> 
     </span>
     <span class='ocr_line' id='line_1_100' title="bbox 925 1589 1655 1630; baseline 0.003 -11"><span class='ocrx_word' id='word_1_602' title='bbox 925 1591 978 1625; x_wconf 77' lang='lat' dir='ltr'><strong>sit,</strong></span> <span class='ocrx_word' id='word_1_603' title='bbox 995 1590 1030 1620; x_wconf 90' lang='lat' dir='ltr'><strong>in</strong></span> <span class='ocrx_word' id='word_1_604' title='bbox 1045 1589 1193 1622; x_wconf 84' lang='lat' dir='ltr'><strong>Ciliciam</strong></span> <span class='ocrx_word' id='word_1_605' title='bbox 1208 1590 1277 1620; x_wconf 80' lang='lat' dir='ltr'><strong>sine</strong></span> <span class='ocrx_word' id='word_1_606' title='bbox 1291 1590 1362 1629; x_wconf 81' lang='lat' dir='ltr'><strong>lege</strong></span> <span class='ocrx_word' id='word_1_607' title='bbox 1377 1590 1503 1620; x_wconf 86' lang='lat' dir='ltr'><strong>curiata</strong></span> <span class='ocrx_word' id='word_1_608' title='bbox 1517 1590 1655 1630; x_wconf 83' lang='lat' dir='ltr'><strong>cogitat.</strong></span> 
     </span>
     <span class='ocr_line' id='line_1_101' title="bbox 925 1631 1655 1673; baseline 0 -10"><span class='ocrx_word' id='word_1_609' title='bbox 925 1631 1099 1672; x_wconf 74' lang='lat' dir='ltr'><strong>Quomodo</strong></span> <span class='ocrx_word' id='word_1_610' title='bbox 1113 1642 1148 1663; x_wconf 84' lang='lat' dir='ltr'><strong>se</strong></span> <span class='ocrx_word' id='word_1_611' title='bbox 1162 1633 1197 1663; x_wconf 89' lang='lat' dir='ltr'><strong>in</strong></span> <span class='ocrx_word' id='word_1_612' title='bbox 1213 1631 1379 1672; x_wconf 78' lang='lat' dir='ltr'><strong>provincia</strong></span> <span class='ocrx_word' id='word_1_613' title='bbox 1399 1632 1545 1673; x_wconf 83' lang='lat' dir='ltr'><strong>gesserit,</strong></span> <span class='ocrx_word' id='word_1_614' title='bbox 1565 1636 1599 1662; x_wconf 86' lang='lat' dir='ltr'><strong>et</strong></span> <span class='ocrx_word' id='word_1_615' title='bbox 1613 1632 1655 1664; x_wconf 81' lang='lat' dir='ltr'><strong>de</strong></span> 
     </span>
     <span class='ocr_line' id='line_1_102' title="bbox 925 1675 1656 1714; baseline 0 -10"><span class='ocrx_word' id='word_1_616' title='bbox 925 1675 1105 1705; x_wconf 82' lang='lat' dir='ltr'><strong>simultate.</strong></span> <span class='ocrx_word' id='word_1_617' title='bbox 1128 1685 1227 1714; x_wconf 79' lang='lat' dir='ltr'><strong>quam</strong></span> <span class='ocrx_word' id='word_1_618' title='bbox 1249 1685 1326 1705; x_wconf 86' lang='lat' dir='ltr'><strong>cum</strong></span> <span class='ocrx_word' id='word_1_619' title='bbox 1351 1675 1507 1705; x_wconf 85' lang='lat' dir='ltr'><strong>Cicerone</strong></span> <span class='ocrx_word' id='word_1_620' title='bbox 1529 1683 1656 1705; x_wconf 70' lang='lat' dir='ltr'><strong>succes-</strong></span> 
     </span>
     <span class='ocr_line' id='line_1_103' title="bbox 926 1715 1655 1756; baseline 0 -9"><span class='ocrx_word' id='word_1_621' title='bbox 926 1727 998 1748; x_wconf 83' lang='lat' dir='ltr'><strong>sore</strong></span> <span class='ocrx_word' id='word_1_622' title='bbox 1012 1718 1169 1754; x_wconf 87' lang='lat' dir='ltr'><strong>exercuit‚</strong></span> <span class='ocrx_word' id='word_1_623' title='bbox 1184 1718 1326 1756; x_wconf 75' lang='lat' dir='ltr'><strong>legenda·</strong></span> <span class='ocrx_word' id='word_1_624' title='bbox 1339 1717 1477 1756; x_wconf 78' lang='lat' dir='ltr'><strong>epistoloe</strong></span> <span class='ocrx_word' id='word_1_625' title='bbox 1495 1715 1655 1747; x_wconf 73' lang='lat' dir='ltr'><strong>Ciceronis</strong></span> 
     </span>
     <span class='ocr_line' id='line_1_104' title="bbox 926 1757 1655 1797; baseline 0 -7"><span class='ocrx_word' id='word_1_626' title='bbox 926 1760 971 1790; x_wconf 76' lang='lat' dir='ltr'><strong>ad</strong></span> <span class='ocrx_word' id='word_1_627' title='bbox 996 1759 1161 1797; x_wconf 48' lang='lat' dir='ltr'><strong>Diva-rm,</strong></span> <span class='ocrx_word' id='word_1_628' title='bbox 1184 1764 1215 1790; x_wconf 85' lang='lat' dir='ltr'><strong>et</strong></span> <span class='ocrx_word' id='word_1_629' title='bbox 1239 1759 1286 1790; x_wconf 80' lang='lat' dir='ltr'><strong>ad</strong></span> <span class='ocrx_word' id='word_1_630' title='bbox 1307 1759 1455 1790; x_wconf 71' lang='lat' dir='ltr'><strong>Atticum</strong></span> <span class='ocrx_word' id='word_1_631' title='bbox 1475 1768 1515 1789; x_wconf 66' lang='lat' dir='ltr'><strong>esc</strong></span> <span class='ocrx_word' id='word_1_632' title='bbox 1540 1757 1655 1790; x_wconf 60' lang='lat' dir='ltr'><strong>(Elicio</strong></span> 
     </span>
     <span class='ocr_line' id='line_1_105' title="bbox 926 1801 1654 1842; baseline 0.001 -11"><span class='ocrx_word' id='word_1_633' title='bbox 926 1803 1053 1842; x_wconf 79' lang='lat' dir='ltr'><strong>scriptoe</strong></span> <span class='ocrx_word' id='word_1_634' title='bbox 1066 1803 1147 1833; x_wconf 74' lang='lat' dir='ltr'><strong>libro</strong></span> <span class='ocrx_word' id='word_1_635' title='bbox 1161 1801 1208 1833; x_wconf 85' lang='lat' dir='ltr'><strong>iii.</strong></span> <span class='ocrx_word' id='word_1_636' title='bbox 1231 1801 1272 1832; x_wconf 82' lang='lat' dir='ltr'><strong>ad</strong></span> <span class='ocrx_word' id='word_1_637' title='bbox 1290 1801 1367 1832; x_wconf 76' lang='lat' dir='ltr'><strong>Div.</strong></span> <span class='ocrx_word' id='word_1_638' title='bbox 1388 1801 1456 1832; x_wconf 87' lang='lat' dir='ltr'><strong>viii.</strong></span> <span class='ocrx_word' id='word_1_639' title='bbox 1473 1801 1504 1831; x_wconf 88' lang='grc'><strong>6.</strong></span> <span class='ocrx_word' id='word_1_640' title='bbox 1524 1811 1654 1832; x_wconf 82' lang='lat' dir='ltr'><strong>accusa-</strong></span> 
     </span>
     <span class='ocr_line' id='line_1_106' title="bbox 925 1842 1653 1884; baseline 0.001 -10"><span class='ocrx_word' id='word_1_641' title='bbox 925 1849 980 1874; x_wconf 81' lang='lat' dir='ltr'><strong>tus</strong></span> <span class='ocrx_word' id='word_1_642' title='bbox 998 1855 1016 1875; x_wconf 87' lang='lat' dir='ltr'><strong>a</strong></span> <span class='ocrx_word' id='word_1_643' title='bbox 1039 1844 1213 1875; x_wconf 84' lang='lat' dir='ltr'><strong>Dolabella</strong></span> <span class='ocrx_word' id='word_1_644' title='bbox 1235 1853 1324 1884; x_wconf 70' lang='lat' dir='ltr'><strong>spem</strong></span> <span class='ocrx_word' id='word_1_645' title='bbox 1345 1842 1505 1883; x_wconf 84' lang='lat' dir='ltr'><strong>triumphi</strong></span> <span class='ocrx_word' id='word_1_646' title='bbox 1525 1843 1653 1881; x_wconf 82' lang='lat' dir='ltr'><strong>abjicit.</strong></span> 
     </span>
     <span class='ocr_line' id='line_1_107' title="bbox 926 1885 1654 1927; baseline -0.003 -10"><span class='ocrx_word' id='word_1_647' title='bbox 926 1896 986 1926; x_wconf 87' lang='lat' dir='ltr'><strong>pro</strong></span> <span class='ocrx_word' id='word_1_648' title='bbox 1000 1897 1038 1918; x_wconf 89' lang='lat' dir='ltr'><strong>eo</strong></span> <span class='ocrx_word' id='word_1_649' title='bbox 1058 1887 1230 1927; x_wconf 85' lang='lat' dir='ltr'><strong>Pompeius</strong></span> <span class='ocrx_word' id='word_1_650' title='bbox 1254 1886 1392 1916; x_wconf 80' lang='lat' dir='ltr'><strong>laborat.</strong></span> <span class='ocrx_word' id='word_1_651' title='bbox 1416 1885 1510 1916; x_wconf 87' lang='lat' dir='ltr'><strong>Brut.</strong></span> <span class='ocrx_word' id='word_1_652' title='bbox 1527 1885 1579 1916; x_wconf 81' lang='lat'><strong>64.</strong></span> <span class='ocrx_word' id='word_1_653' title='bbox 1599 1885 1654 1916; x_wconf 81' lang='lat' dir='ltr'><strong>de·</strong></span> 
     </span>
     <span class='ocr_line' id='line_1_108' title="bbox 925 1927 1655 1960; baseline 0.001 -2"><span class='ocrx_word' id='word_1_654' title='bbox 925 1928 1071 1960; x_wconf 75' lang='lat' dir='ltr'><strong>fonditur</strong></span> <span class='ocrx_word' id='word_1_655' title='bbox 1079 1929 1119 1959; x_wconf 88' lang='lat' dir='ltr'><strong>ab</strong></span> <span class='ocrx_word' id='word_1_656' title='bbox 1133 1928 1322 1960; x_wconf 85' lang='lat' dir='ltr'><strong>Hortensio.</strong></span> <span class='ocrx_word' id='word_1_657' title='bbox 1335 1928 1376 1958; x_wconf 84' lang='lat' dir='ltr'><strong>ad</strong></span> <span class='ocrx_word' id='word_1_658' title='bbox 1387 1927 1462 1958; x_wconf 85' lang='lat' dir='ltr'><strong>Div.</strong></span> <span class='ocrx_word' id='word_1_659' title='bbox 1473 1927 1538 1957; x_wconf 89' lang='lat' dir='ltr'><strong>viii.</strong></span> <span class='ocrx_word' id='word_1_660' title='bbox 1553 1928 1583 1958; x_wconf 84' lang='lat'><strong>6.</strong></span> <span class='ocrx_word' id='word_1_661' title='bbox 1597 1928 1655 1959; x_wconf 81' lang='lat' dir='ltr'><strong>ab·</strong></span> 
     </span>
     <span class='ocr_line' id='line_1_109' title="bbox 926 1969 1654 2010; baseline 0 -10"><span class='ocrx_word' id='word_1_662' title='bbox 926 1971 1074 2002; x_wconf 82' lang='lat' dir='ltr'><strong>solvitur.</strong></span> <span class='ocrx_word' id='word_1_663' title='bbox 1096 1973 1142 2002; x_wconf 72' lang='lat'><strong>1⁶2.</strong></span> <span class='ocrx_word' id='word_1_664' title='bbox 1160 1975 1207 2002; x_wconf 88' lang='lat'><strong>14.</strong></span> <span class='ocrx_word' id='word_1_665' title='bbox 1223 1971 1292 2010; x_wconf 77' lang='lat' dir='ltr'><strong>ejus</strong></span> <span class='ocrx_word' id='word_1_666' title='bbox 1306 1980 1454 2005; x_wconf 64' lang='lat' dir='ltr'><strong>censura,</strong></span> <span class='ocrx_word' id='word_1_667' title='bbox 1468 1969 1572 2008; x_wconf 87' lang='lat' dir='ltr'><strong>qualis</strong></span> <span class='ocrx_word' id='word_1_668' title='bbox 1584 1970 1654 2000; x_wconf 63' lang='lat' dir='ltr'><strong>fut*-</strong></span> 
     </span>
     <span class='ocr_line' id='line_1_110' title="bbox 927 2011 1651 2045; baseline -0.001 -2"><span class='ocrx_word' id='word_1_669' title='bbox 927 2015 983 2045; x_wconf 85' lang='lat' dir='ltr'><strong>rit.</strong></span> <span class='ocrx_word' id='word_1_670' title='bbox 1001 2013 1040 2044; x_wconf 88' lang='lat' dir='ltr'><strong>de</strong></span> <span class='ocrx_word' id='word_1_671' title='bbox 1057 2013 1133 2044; x_wconf 87' lang='lat' dir='ltr'><strong>Div.</strong></span> <span class='ocrx_word' id='word_1_672' title='bbox 1148 2013 1236 2045; x_wconf 67' lang='lat'><strong>3:16.</strong></span> <span class='ocrx_word' id='word_1_673' title='bbox 1253 2017 1348 2043; x_wconf 86' lang='lat' dir='ltr'><strong>notat</strong></span> <span class='ocrx_word' id='word_1_674' title='bbox 1363 2013 1399 2043; x_wconf 87' lang='lat' dir='ltr'><strong>C.</strong></span> <span class='ocrx_word' id='word_1_675' title='bbox 1417 2011 1561 2042; x_wconf 86' lang='lat' dir='ltr'><strong>Ateium.</strong></span> <span class='ocrx_word' id='word_1_676' title='bbox 1584 2012 1651 2042; x_wconf 78' lang='lat' dir='ltr'><strong>vid.</strong></span> 
     </span>
     <span class='ocr_line' id='line_1_111' title="bbox 925 2053 1654 2094; baseline -0.004 -8"><span class='ocrx_word' id='word_1_677' title='bbox 925 2056 961 2086; x_wconf 83' lang='lat' dir='ltr'><strong>in</strong></span> <span class='ocrx_word' id='word_1_678' title='bbox 981 2056 1015 2087; x_wconf 89' lang='lat' dir='ltr'><strong>C.</strong></span> <span class='ocrx_word' id='word_1_679' title='bbox 1033 2056 1159 2087; x_wconf 65' lang='lat' dir='ltr'><strong>Ateius.</strong></span> <span class='ocrx_word' id='word_1_680' title='bbox 1181 2056 1252 2086; x_wconf 83' lang='lat' dir='ltr'><strong>Att.</strong></span> <span class='ocrx_word' id='word_1_681' title='bbox 1268 2056 1302 2086; x_wconf 88' lang='lat' dir='ltr'><strong>ii.</strong></span> <span class='ocrx_word' id='word_1_682' title='bbox 1325 2056 1376 2086; x_wconf 68' lang='lat'><strong>92.</strong></span> <span class='ocrx_word' id='word_1_683' title='bbox 1400 2053 1556 2094; x_wconf 83' lang='lat' dir='ltr'><strong>Pompeio</strong></span> <span class='ocrx_word' id='word_1_684' title='bbox 1577 2064 1654 2094; x_wconf 84' lang='lat' dir='ltr'><strong>pro-</strong></span> 
     </span>
     <span class='ocr_line' id='line_1_112' title="bbox 928 2095 1654 2136; baseline -0.004 -7"><span class='ocrx_word' id='word_1_685' title='bbox 928 2099 1046 2135; x_wconf 85' lang='lat' dir='ltr'><strong>mittit,</strong></span> <span class='ocrx_word' id='word_1_686' title='bbox 1066 2098 1102 2128; x_wconf 88' lang='grc' dir='ltr'><strong>Ρ.</strong></span> <span class='ocrx_word' id='word_1_687' title='bbox 1126 2098 1277 2129; x_wconf 86' lang='lat' dir='ltr'><strong>Clodium</strong></span> <span class='ocrx_word' id='word_1_688' title='bbox 1295 2095 1377 2127; x_wconf 89' lang='lat' dir='ltr'><strong>nihil</strong></span> <span class='ocrx_word' id='word_1_689' title='bbox 1401 2095 1537 2136; x_wconf 86' lang='lat' dir='ltr'><strong>periculi</strong></span> <span class='ocrx_word' id='word_1_690' title='bbox 1561 2097 1654 2127; x_wconf 72' lang='lat' dir='ltr'><strong>Cice-</strong></span> 
     </span>
     <span class='ocr_line' id='line_1_113' title="bbox 927 2139 1655 2179; baseline 0 -9"><span class='ocrx_word' id='word_1_691' title='bbox 927 2141 998 2171; x_wconf 80' lang='lat' dir='ltr'><strong>roni</strong></span> <span class='ocrx_word' id='word_1_692' title='bbox 1014 2146 1212 2171; x_wconf 81' lang='lat' dir='ltr'><strong>creaturum.</strong></span> <span class='ocrx_word' id='word_1_693' title='bbox 1228 2140 1293 2170; x_wconf 85' lang='lat' dir='ltr'><strong>viii.</strong></span> <span class='ocrx_word' id='word_1_694' title='bbox 1309 2148 1332 2170; x_wconf 88' lang='lat'><strong>1.</strong></span> <span class='ocrx_word' id='word_1_695' title='bbox 1350 2139 1554 2175; x_wconf 81' lang='lat' dir='ltr'><strong>inconstans,</strong></span> <span class='ocrx_word' id='word_1_696' title='bbox 1569 2140 1655 2179; x_wconf 75' lang='lat' dir='ltr'><strong>quod</strong></span> 
     </span>
     <span class='ocr_line' id='line_1_114' title="bbox 926 2180 1655 2222; baseline 0 -10"><span class='ocrx_word' id='word_1_697' title='bbox 926 2184 1049 2214; x_wconf 79' lang='lat' dir='ltr'><strong>scilicet</strong></span> <span class='ocrx_word' id='word_1_698' title='bbox 1062 2193 1135 2213; x_wconf 64' lang='lat' dir='ltr'><strong>moa:</strong></span> <span class='ocrx_word' id='word_1_699' title='bbox 1151 2182 1316 2222; x_wconf 72' lang='lat' dir='ltr'><strong>Pompeio,</strong></span> <span class='ocrx_word' id='word_1_700' title='bbox 1334 2190 1407 2211; x_wconf 67' lang='lat' dir='ltr'><strong>moa·</strong></span> <span class='ocrx_word' id='word_1_701' title='bbox 1427 2180 1655 2221; x_wconf 69' lang='lat' dir='ltr'><strong>Caesariflzre-</strong></span> 
     </span>
     <span class='ocr_line' id='line_1_115' title="bbox 927 2223 1654 2262; baseline -0.001 -7"><span class='ocrx_word' id='word_1_702' title='bbox 927 2225 992 2255; x_wconf 57' lang='lat' dir='ltr'><strong>bat.</strong></span> <span class='ocrx_word' id='word_1_703' title='bbox 1026 2225 1120 2256; x_wconf 82' lang='lat' dir='ltr'><strong>Nam</strong></span> <span class='ocrx_word' id='word_1_704' title='bbox 1136 2226 1222 2255; x_wconf 78' lang='lat' dir='ltr'><strong>hunc</strong></span> <span class='ocrx_word' id='word_1_705' title='bbox 1237 2226 1341 2254; x_wconf 83' lang='lat' dir='ltr'><strong>locum</strong></span> <span class='ocrx_word' id='word_1_706' title='bbox 1356 2223 1395 2253; x_wconf 84' lang='lat' dir='ltr'><strong>de</strong></span> <span class='ocrx_word' id='word_1_707' title='bbox 1410 2233 1444 2253; x_wconf 89' lang='lat' dir='ltr'><strong>eo</strong></span> <span class='ocrx_word' id='word_1_708' title='bbox 1459 2223 1654 2262; x_wconf 76' lang='lat' dir='ltr'><strong>capiendum</strong></span> 
     </span>
     <span class='ocr_line' id='line_1_116' title="bbox 927 2264 1654 2305; baseline -0.004 -7"><span class='ocrx_word' id='word_1_709' title='bbox 927 2277 1002 2305; x_wconf 82' lang='lat' dir='ltr'><strong>esse,</strong></span> <span class='ocrx_word' id='word_1_710' title='bbox 1016 2278 1054 2298; x_wconf 65' lang='lat' dir='ltr'><strong>ea:</strong></span> <span class='ocrx_word' id='word_1_711' title='bbox 1068 2277 1102 2297; x_wconf 82' lang='lat' dir='ltr'><strong>eo</strong></span> <span class='ocrx_word' id='word_1_712' title='bbox 1121 2267 1331 2305; x_wconf 68' lang='lat' dir='ltr'><strong>intelligitur,</strong></span> <span class='ocrx_word' id='word_1_713' title='bbox 1346 2265 1431 2305; x_wconf 84' lang='lat' dir='ltr'><strong>quod</strong></span> <span class='ocrx_word' id='word_1_714' title='bbox 1451 2265 1494 2296; x_wconf 88' lang='lat' dir='ltr'><strong>L.</strong></span> <span class='ocrx_word' id='word_1_715' title='bbox 1508 2264 1654 2296; x_wconf 81' lang='lat' dir='ltr'><strong>Domitio</strong></span> 
     </span>
     <span class='ocr_line' id='line_1_117' title="bbox 916 2307 1655 2350; baseline -0.003 -10"><span class='ocrx_word' id='word_1_716' title='bbox 916 2308 1093 2350; x_wconf 70' lang='lat' dir='ltr'><strong>Jungitur,</strong></span> <span class='ocrx_word' id='word_1_717' title='bbox 1106 2314 1143 2340; x_wconf 83' lang='lat' dir='ltr'><strong>ut</strong></span> <span class='ocrx_word' id='word_1_718' title='bbox 1160 2309 1253 2339; x_wconf 81' lang='lat' dir='ltr'><strong>Phil.</strong></span> <span class='ocrx_word' id='word_1_719' title='bbox 1267 2309 1333 2339; x_wconf 84' lang='lat' dir='ltr'><strong>xiii.</strong></span> <span class='ocrx_word' id='word_1_720' title='bbox 1352 2312 1384 2342; x_wconf 87' lang='grc'><strong>9.</strong></span> <span class='ocrx_word' id='word_1_721' title='bbox 1409 2307 1448 2338; x_wconf 84' lang='lat' dir='ltr'><strong>ad</strong></span> <span class='ocrx_word' id='word_1_722' title='bbox 1464 2307 1541 2338; x_wconf 90' lang='lat' dir='ltr'><strong>Div.</strong></span> <span class='ocrx_word' id='word_1_723' title='bbox 1558 2307 1605 2337; x_wconf 87' lang='lat' dir='ltr'><strong>iii.</strong></span> <span class='ocrx_word' id='word_1_724' title='bbox 1623 2311 1655 2338; x_wconf 87' lang='lat'><strong>4.</strong></span> 
     </span>
     <span class='ocr_line' id='line_1_118' title="bbox 926 2349 1651 2391; baseline -0.004 -9"><span class='ocrx_word' id='word_1_725' title='bbox 926 2352 994 2391; x_wconf 80' lang='lat' dir='ltr'><strong>ejus</strong></span> <span class='ocrx_word' id='word_1_726' title='bbox 1010 2352 1079 2382; x_wconf 82' lang='lat' dir='ltr'><strong>filia</strong></span> <span class='ocrx_word' id='word_1_727' title='bbox 1092 2352 1188 2382; x_wconf 78' lang='lat' dir='ltr'><strong>nubit</strong></span> <span class='ocrx_word' id='word_1_728' title='bbox 1211 2352 1273 2382; x_wconf 91' lang='lat' dir='ltr'><strong>Cn.</strong></span> <span class='ocrx_word' id='word_1_729' title='bbox 1288 2350 1433 2390; x_wconf 86' lang='lat' dir='ltr'><strong>Pompeii</strong></span> <span class='ocrx_word' id='word_1_730' title='bbox 1449 2349 1529 2380; x_wconf 83' lang='lat' dir='ltr'><strong>filio.</strong></span> <span class='ocrx_word' id='word_1_731' title='bbox 1554 2350 1651 2380; x_wconf 89' lang='lat' dir='ltr'><strong>Brut.</strong></span> 
     </span>
     <span class='ocr_line' id='line_1_119' title="bbox 927 2392 1654 2431; baseline -0.006 -7"><span class='ocrx_word' id='word_1_732' title='bbox 927 2398 980 2428; x_wconf 77' lang='lat'><strong>77.</strong></span> <span class='ocrx_word' id='word_1_733' title='bbox 995 2403 1086 2424; x_wconf 85' lang='lat' dir='ltr'><strong>socer</strong></span> <span class='ocrx_word' id='word_1_734' title='bbox 1099 2394 1208 2430; x_wconf 85' lang='lat' dir='ltr'><strong>Bruti,</strong></span> <span class='ocrx_word' id='word_1_735' title='bbox 1221 2392 1354 2427; x_wconf 82' lang='lat' dir='ltr'><strong>Orator,</strong></span> <span class='ocrx_word' id='word_1_736' title='bbox 1369 2392 1588 2431; x_wconf 80' lang='lat' dir='ltr'><strong>antiquitatis,</strong></span> <span class='ocrx_word' id='word_1_737' title='bbox 1598 2392 1654 2429; x_wconf 83' lang='lat' dir='ltr'><strong>ju-</strong></span> 
     </span>
     <span class='ocr_line' id='line_1_120' title="bbox 928 2433 1654 2476; baseline -0.006 -10"><span class='ocrx_word' id='word_1_738' title='bbox 928 2436 970 2466; x_wconf 76' lang='lat' dir='ltr'><strong>ris</strong></span> <span class='ocrx_word' id='word_1_739' title='bbox 979 2435 1143 2476; x_wconf 72' lang='lat' dir='ltr'><strong>auguralis</strong></span> <span class='ocrx_word' id='word_1_740' title='bbox 1153 2442 1186 2466; x_wconf 89' lang='lat' dir='ltr'><strong>et</strong></span> <span class='ocrx_word' id='word_1_741' title='bbox 1196 2434 1271 2474; x_wconf 77' lang='lat' dir='ltr'><strong>publ</strong></span> <span class='ocrx_word' id='word_1_742' title='bbox 1277 2435 1316 2472; x_wconf 78' lang='lat' dir='ltr'><strong>iei</strong></span> <span class='ocrx_word' id='word_1_743' title='bbox 1328 2434 1555 2474; x_wconf 70' lang='lat' dir='ltr'><strong>peritissimus,</strong></span> <span class='ocrx_word' id='word_1_744' title='bbox 1567 2433 1654 2463; x_wconf 76' lang='lat' dir='ltr'><strong>bello</strong></span> 
     </span>
     <span class='ocr_line' id='line_1_121' title="bbox 927 2475 1655 2509; baseline -0.004 -1"><span class='ocrx_word' id='word_1_745' title='bbox 927 2479 1012 2509; x_wconf 83' lang='lat' dir='ltr'><strong>civili</strong></span> <span class='ocrx_word' id='word_1_746' title='bbox 1036 2479 1174 2509; x_wconf 74' lang='lat' dir='ltr'><strong>interiit.</strong></span> <span class='ocrx_word' id='word_1_747' title='bbox 1199 2477 1274 2508; x_wconf 82' lang='lat' dir='ltr'><strong>Div.</strong></span> <span class='ocrx_word' id='word_1_748' title='bbox 1289 2477 1310 2507; x_wconf 85' lang='lat' dir='ltr'><strong>i.</strong></span> <span class='ocrx_word' id='word_1_749' title='bbox 1325 2480 1377 2508; x_wconf 67' lang='lat'><strong>58.</strong></span> <span class='ocrx_word' id='word_1_750' title='bbox 1391 2476 1532 2506; x_wconf 72' lang='lat' dir='ltr'><strong>sortibus</strong></span> <span class='ocrx_word' id='word_1_751' title='bbox 1548 2475 1655 2505; x_wconf 73' lang='lat' dir='ltr'><strong>hario-</strong></span> 
     </span>
     <span class='ocr_line' id='line_1_122' title="bbox 927 2518 1654 2559; baseline -0.004 -8"><span class='ocrx_word' id='word_1_752' title='bbox 927 2520 1105 2551; x_wconf 83' lang='lat' dir='ltr'><strong>lationibus</strong></span> <span class='ocrx_word' id='word_1_753' title='bbox 1116 2525 1149 2550; x_wconf 81' lang='lat' dir='ltr'><strong>et</strong></span> <span class='ocrx_word' id='word_1_754' title='bbox 1160 2519 1408 2559; x_wconf 71' lang='lat' dir='ltr'><strong>psychomantia</strong></span> <span class='ocrx_word' id='word_1_755' title='bbox 1418 2521 1536 2548; x_wconf 82' lang='lat' dir='ltr'><strong>utitur.</strong></span> <span class='ocrx_word' id='word_1_756' title='bbox 1553 2518 1654 2548; x_wconf 58' lang='lat' dir='ltr'><strong>Tmo.</strong></span> 
     </span>
     <span class='ocr_line' id='line_1_123' title="bbox 928 2559 1655 2594; baseline -0.006 -1"><span class='ocrx_word' id='word_1_757' title='bbox 928 2563 948 2593; x_wconf 91' lang='lat' dir='ltr'><strong>i.</strong></span> <span class='ocrx_word' id='word_1_758' title='bbox 966 2565 1013 2594; x_wconf 83' lang='lat'><strong>16.</strong></span> <span class='ocrx_word' id='word_1_759' title='bbox 1029 2562 1263 2593; x_wconf 58' lang='lat' dir='ltr'><strong>necromantiae</strong></span> <span class='ocrx_word' id='word_1_760' title='bbox 1272 2561 1446 2592; x_wconf 71' lang='lat' dir='ltr'><strong>studiosus.</strong></span> <span class='ocrx_word' id='word_1_761' title='bbox 1459 2561 1518 2590; x_wconf 56' lang='lat' dir='ltr'><strong>&amp;ca</strong></span> <span class='ocrx_word' id='word_1_762' title='bbox 1530 2559 1569 2590; x_wconf 83' lang='lat' dir='ltr'><strong>ad</strong></span> <span class='ocrx_word' id='word_1_763' title='bbox 1580 2559 1655 2590; x_wconf 80' lang='lat' dir='ltr'><strong>Div.</strong></span> 
     </span>
     <span class='ocr_line' id='line_1_124' title="bbox 928 2602 1658 2639; baseline -0.001 -6"><span class='ocrx_word' id='word_1_764' title='bbox 928 2615 956 2635; x_wconf 83' lang='lat' dir='ltr'><strong>v.</strong></span> <span class='ocrx_word' id='word_1_765' title='bbox 975 2608 1023 2636; x_wconf 85' lang='lat'><strong>10.</strong></span> <span class='ocrx_word' id='word_1_766' title='bbox 1046 2606 1074 2635; x_wconf 85' lang='lat' dir='ltr'><strong>ei</strong></span> <span class='ocrx_word' id='word_1_767' title='bbox 1092 2604 1244 2634; x_wconf 84' lang='lat' dir='ltr'><strong>Vatinius</strong></span> <span class='ocrx_word' id='word_1_768' title='bbox 1259 2605 1291 2633; x_wconf 87' lang='lat' dir='ltr'><strong>in</strong></span> <span class='ocrx_word' id='word_1_769' title='bbox 1310 2609 1473 2639; x_wconf 66' lang='lat' dir='ltr'><strong>auguratu</strong></span> <span class='ocrx_word' id='word_1_770' title='bbox 1492 2602 1658 2632; x_wconf 67' lang='lat' dir='ltr'><strong>successit.</strong></span> 
     </span>
     <span class='ocr_line' id='line_1_125' title="bbox 926 2644 1656 2687; baseline -0.008 -9"><span class='ocrx_word' id='word_1_771' title='bbox 926 2647 1024 2678; x_wconf 75' lang='lat' dir='ltr'><strong>honio</strong></span> <span class='ocrx_word' id='word_1_772' title='bbox 1039 2645 1222 2687; x_wconf 69' lang='lat' dir='ltr'><strong>impudens.</strong></span> <span class='ocrx_word' id='word_1_773' title='bbox 1237 2646 1413 2677; x_wconf 64' lang='lat' dir='ltr'><strong>filomatius</strong></span> <span class='ocrx_word' id='word_1_774' title='bbox 1422 2644 1458 2674; x_wconf 79' lang='lat' dir='ltr'><strong>de</strong></span> <span class='ocrx_word' id='word_1_775' title='bbox 1467 2645 1532 2674; x_wconf 76' lang='lat' dir='ltr'><strong>alio</strong></span> <span class='ocrx_word' id='word_1_776' title='bbox 1541 2644 1656 2683; x_wconf 61' lang='lat' dir='ltr'><strong>Appio,</strong></span> 
     </span>
     <span class='ocr_line' id='line_1_126' title="bbox 926 2685 1662 2727; baseline -0.007 -8"><span class='ocrx_word' id='word_1_777' title='bbox 926 2691 1029 2720; x_wconf 75' lang='lat' dir='ltr'><strong>nescio</strong></span> <span class='ocrx_word' id='word_1_778' title='bbox 1043 2699 1116 2727; x_wconf 76' lang='lat' dir='ltr'><strong>qvo,</strong></span> <span class='ocrx_word' id='word_1_779' title='bbox 1131 2689 1300 2727; x_wconf 68' lang='lat' dir='ltr'><strong>intell-igit,</strong></span> <span class='ocrx_word' id='word_1_780' title='bbox 1315 2688 1372 2718; x_wconf 80' lang='lat' dir='ltr'><strong>sed</strong></span> <span class='ocrx_word' id='word_1_781' title='bbox 1392 2688 1478 2718; x_wconf 61' lang='lat' dir='ltr'><strong>rasit)</strong></span> <span class='ocrx_word' id='word_1_782' title='bbox 1492 2685 1561 2727; x_wconf 70' lang='lat' dir='ltr'><strong>ejus</strong></span> <span class='ocrx_word' id='word_1_783' title='bbox 1577 2686 1662 2715; x_wconf 61' lang='lat' dir='ltr'><strong>nihil</strong></span> 
     </span>
     <span class='ocr_line' id='line_1_127' title="bbox 926 2728 1656 2767; baseline -0.005 -5"><span class='ocrx_word' id='word_1_784' title='bbox 926 2734 1023 2762; x_wconf 78' lang='lat' dir='ltr'><strong>valet.</strong></span> <span class='ocrx_word' id='word_1_785' title='bbox 1040 2730 1116 2761; x_wconf 76' lang='lat' dir='ltr'><strong>ibid.</strong></span> <span class='ocrx_word' id='word_1_786' title='bbox 1133 2734 1163 2765; x_wconf 92' lang='lat'><strong>9.</strong></span> <span class='ocrx_word' id='word_1_787' title='bbox 1178 2734 1246 2761; x_wconf 82' lang='lat' dir='ltr'><strong>tres</strong></span> <span class='ocrx_word' id='word_1_788' title='bbox 1261 2738 1386 2761; x_wconf 81' lang='lat' dir='ltr'><strong>sorores</strong></span> <span class='ocrx_word' id='word_1_789' title='bbox 1400 2729 1510 2759; x_wconf 82' lang='lat' dir='ltr'><strong>habet.</strong></span> <span class='ocrx_word' id='word_1_790' title='bbox 1545 2728 1588 2759; x_wconf 91' lang='lat' dir='ltr'><strong>At</strong></span> <span class='ocrx_word' id='word_1_791' title='bbox 1602 2734 1656 2767; x_wconf 78' lang='lat' dir='ltr'><strong>ap.</strong></span> 
     </span>
     <span class='ocr_line' id='line_1_128' title="bbox 932 2773 1660 2812; baseline -0.007 -9"><span class='ocrx_word' id='word_1_792' title='bbox 932 2776 1027 2804; x_wconf 78' lang='lat' dir='ltr'><strong>l&#39;orr.</strong></span> <span class='ocrx_word' id='word_1_793' title='bbox 1044 2773 1086 2804; x_wconf 81' lang='lat' dir='ltr'><strong>R.</strong></span> <span class='ocrx_word' id='word_1_794' title='bbox 1100 2773 1143 2804; x_wconf 80' lang='lat' dir='ltr'><strong>R.</strong></span> <span class='ocrx_word' id='word_1_795' title='bbox 1154 2773 1201 2803; x_wconf 86' lang='lat' dir='ltr'><strong>iii.</strong></span> <span class='ocrx_word' id='word_1_796' title='bbox 1221 2773 1270 2803; x_wconf 89' lang='lat'><strong>16.</strong></span> <span class='ocrx_word' id='word_1_797' title='bbox 1283 2774 1360 2803; x_wconf 70' lang='lat' dir='ltr'><strong>dicit</strong></span> <span class='ocrx_word' id='word_1_798' title='bbox 1373 2782 1406 2802; x_wconf 87' lang='lat' dir='ltr'><strong>se</strong></span> <span class='ocrx_word' id='word_1_799' title='bbox 1415 2779 1594 2812; x_wconf 75' lang='lat' dir='ltr'><strong>pauperem</strong></span> <span class='ocrx_word' id='word_1_800' title='bbox 1607 2779 1660 2798; x_wconf 79' lang='lat' dir='ltr'><strong>re-</strong></span> 
     </span>
     <span class='ocr_line' id='line_1_129' title="bbox 928 2812 1660 2855; baseline -0.008 -9"><span class='ocrx_word' id='word_1_801' title='bbox 928 2817 1043 2846; x_wconf 75' lang='lat' dir='ltr'><strong>lictum</strong></span> <span class='ocrx_word' id='word_1_802' title='bbox 1066 2825 1088 2845; x_wconf 84' lang='lat' dir='ltr'><em>a</em></span> <span class='ocrx_word' id='word_1_803' title='bbox 1105 2819 1205 2855; x_wconf 77' lang='lat' dir='ltr'><strong>patre</strong></span> <span class='ocrx_word' id='word_1_804' title='bbox 1219 2825 1293 2846; x_wconf 90' lang='lat' dir='ltr'><strong>cum</strong></span> <span class='ocrx_word' id='word_1_805' title='bbox 1309 2814 1435 2846; x_wconf 78' lang='lat' dir='ltr'><strong>duabus</strong></span> <span class='ocrx_word' id='word_1_806' title='bbox 1449 2812 1616 2843; x_wconf 72' lang='lat' dir='ltr'><strong>sororibus</strong></span> <span class='ocrx_word' id='word_1_807' title='bbox 1629 2815 1660 2840; x_wconf 85' lang='lat' dir='ltr'><strong>et</strong></span> 
     </span>
     <span class='ocr_line' id='line_1_130' title="bbox 928 2854 1662 2898; baseline -0.007 -9"><span class='ocrx_word' id='word_1_808' title='bbox 928 2858 1050 2889; x_wconf 77' lang='lat' dir='ltr'><strong>duobus</strong></span> <span class='ocrx_word' id='word_1_809' title='bbox 1058 2856 1242 2896; x_wconf 77' lang='lat' dir='ltr'><strong>fratribus.</strong></span> <span class='ocrx_word' id='word_1_810' title='bbox 1258 2858 1296 2890; x_wconf 80' lang='lat' dir='ltr'><strong>de</strong></span> <span class='ocrx_word' id='word_1_811' title='bbox 1317 2867 1378 2898; x_wconf 83' lang='lat' dir='ltr'><strong>quo</strong></span> <span class='ocrx_word' id='word_1_812' title='bbox 1393 2856 1456 2887; x_wconf 86' lang='lat' dir='ltr'><strong>vid.</strong></span> <span class='ocrx_word' id='word_1_813' title='bbox 1474 2854 1518 2887; x_wconf 89' lang='lat' dir='ltr'><strong>P.</strong></span> <span class='ocrx_word' id='word_1_814' title='bbox 1538 2854 1662 2886; x_wconf 69' lang='lat' dir='ltr'><strong>Manu-</strong></span> 
     </span>
     <span class='ocr_line' id='line_1_131' title="bbox 929 2898 1215 2932; baseline -0.003 0"><span class='ocrx_word' id='word_1_815' title='bbox 929 2901 996 2932; x_wconf 79' lang='lat' dir='ltr'><strong>tius</strong></span> <span class='ocrx_word' id='word_1_816' title='bbox 1007 2900 1052 2931; x_wconf 77' lang='lat' dir='ltr'><strong>ad</strong></span> <span class='ocrx_word' id='word_1_817' title='bbox 1069 2898 1134 2931; x_wconf 71' lang='lat' dir='ltr'><strong>Cic.</strong></span> <span class='ocrx_word' id='word_1_818' title='bbox 1151 2900 1173 2931; x_wconf 82' lang='lat' dir='ltr'><strong>l.</strong></span> <span class='ocrx_word' id='word_1_819' title='bbox 1187 2909 1215 2931; x_wconf 82' lang='lat' dir='ltr'><strong>c.</strong></span> 
     </span>
    </p>

    <p class='ocr_par' dir='ltr' id='par_1_30' title="bbox 976 2945 1035 2973">
     <span class='ocr_line' id='line_1_132' title="bbox 976 2945 1035 2973; baseline 0 0"><span class='ocrx_word' id='word_1_820' title='bbox 976 2951 1001 2973; x_wconf 72' lang='lat' dir='ltr'><strong>e</strong></span> <span class='ocrx_word' id='word_1_821' title='bbox 1015 2945 1035 2973; x_wconf 83' lang='lat'>2</span> 
     </span>
    </p>
   </div>
  </div>
 </body>
</html>
