1804 3178
589 104 735 133 mnnx
765 104 1058 134 LAT1N1TAT10.

121 189 296 230 Meu-Mne,
313 195 412 230 artes,
427 191 506 223 doli.
527 191 627 223 Dom.
647 194 696 223 11.
721 191 805 222 desi·

78 240 163 265 nunt
179 234 292 266 iisdem
311 237 468 266 machinis
487 245 617 275 sperare
639 245 692 265 me
711 244 804 274 posse

80 274 285 309 labefactari.
311 279 352 309 ef.
377 279 454 310 Nat.
477 278 519 309 l).
538 278 582 308 iii.
598 280 650 312 29.
675 278 805 308 *Potin

81 320 179 352 cons.
196 324 225 352 (Σ.
250 323 391 353 amicam
403 322 443 352 de
456 322 615 352 »trachinis
625 322 718 352 emit.
737 320 807 351 Sal-

82 373 164 395 mas.
189 365 230 396 ad
252 364 353 396 Solin.
373 375 446 405 pag.
470 368 543 396 851.
568 365 808 405 interpretatur

80 406 121 437 de
134 413 274 446 catasta,
287 409 319 439 in
333 418 398 448 qua
414 407 531 439 inclusi
547 408 677 438 venales
691 408 809 448 prosti-

80 452 185 482 terint
207 453 304 489 servi,
320 452 406 490 quod
430 451 538 490 οἴκημα
553 451 710 490 ιαἠίγυοι
733 451 808 481 Plu-

81 493 217 525 melius
238 495 340 532 dicat,
358 495 469 525 Livius
487 495 724 535 interpretetur
741 505 808 524 ma—

82 538 224 569 chinam.
264 538 318 568 Sic
343 538 445 568 etiam
473 539 612 568 (tasaub.
639 538 681 568 ad
708 538 809 568 Persii

83 580 153 611 Sat.
179 581 221 611 vi.
248 592 280 622 p.
308 591 352 611 m.
378 584 451 613 514.
480 581 518 611 de
546 581 595 611 hie,
621 581 808 612 Martialis:

83 633 165 664 quos
188 634 317 654 arcana:
340 629 473 655 servant
491 624 643 655 tabulata
665 630 810 655 catastae.

82 666 136 699 De
166 671 294 698 catasta
324 668 446 699 multos
479 667 591 699 laudat
621 668 812 699 Brouklius.

84 709 126 742 ad
140 709 266 742 Tibull.
284 711 316 741 ii.
333 712 364 742 6.

127 753 347 793 machinator,
365 755 516 785 inventor
532 755 576 786 rei
594 754 700 795 malae.
717 754 812 785 Rosc.

128 840 331 880 Machinarss
360 842 557 881 excogitare.
595 842 652 872 Or.
683 842 728 872 iii.
759 844 813 873 44.

85 885 266 916 machinati
299 890 379 916 sunt
408 885 449 915 ad
479 885 698 925 voluptatem.
733 885 812 915 Nat.

86 926 131 959 D.
162 929 196 958 ii.
228 931 280 959 51.
325 928 413 968 quod
445 929 676 969 perpetuitatis
714 939 814 959 causa

87 973 276 1003 machinata
291 976 342 1002 est
356 977 488 1002 natura.

131 1015 342 1046 Macrocotma.
367 1016 437 1046 Att.
459 1015 527 1045 xiii.
549 1017 601 1046 535.
624 1016 688 1046 xvi.
710 1019 741 1047 3.
765 1020 815 1045 est

88 1058 284 1090 membrana
305 1058 435 1098 longior
449 1066 483 1090 et
500 1059 614 1099 major.
630 1059 694 1090 vid.
711 1069 728 1089 c
744 1057 813 1089 Sal-

88 1101 193 1145 masio
214 1101 256 1132 ad
270 1102 404 1143 Vopisci
426 1103 574 1134 Firmum
597 1113 616 1133 a
631 1102 759 1133 Graevio
774 1102 815 1132 ad

86 1143 123 1176 h.
139 1144 162 1176 l.
177 1150 345 1186 excerpta.
559 1163 562 1166 ·

132 1188 297 1227 Mac-eure,
313 1189 454 1230 placare.
475 1189 553 1220 Vat.
575 1190 606 1220 6.
629 1190 712 1220 extis
735 1198 817 1229 pue-

91 1242 205 1264 rorum
243 1232 332 1263 Deos
370 1242 483 1263 manes
520 1237 667 1263 mactare
703 1232 819 1262 soleas.

91 1275 244 1308 ‘nocere
270 1286 336 1307 reo.
367 1276 473 1307 Flacc.
500 1277 552 1306 ⁶22.
583 1282 729 1308 mactare
759 1275 818 1306 ali-

98 1330 197 1360 quem
215 1320 359 1350 civitatis
376 1319 580 1350 testimonio.

135 1363 284 1402 Illae-ula,
300 1363 449 1394 foramen
465 1363 498 1393 in
514 1363 589 1393 reti.
611 1363 705 1394 Verr.
720 1373 750 1393 v.
770 1365 819 1394 ll.

91 1407 271 1438 reticulum
298 1407 438 1437 minutis
466 1408 610 1437 mucidis.
645 1406 698 1436 Sic
724 1405 818 1437 Varr.

90 1450 131 1483 R.
148 1450 187 1482 R.
202 1451 249 1481 iii.
271 1453 318 1481 11.
342 1456 412 1481 rete
429 1449 608 1490 grandibus
626 1451 772 1480 maculis.

136 1492 336 1531 Maculosus,
372 1494 522 1524 censoria
558 1497 639 1523 nota
675 1493 820 1530 infamis,

89 1537 200 1578 turpis
222 1537 322 1568 vitiis.
345 1536 415 1568 Att.
438 1537 459 1567 i.
480 1537 529 1568 16.
551 1538 705 1568 maculosi
727 1546 821 1567 sena-

54 1597 58 1601 -
90 1585 192 1613 tores.

136 1624 260 1664 Mdgis.
271 1623 423 1655 additum
441 1633 580 1654 numero
596 1633 655 1664 pro
667 1622 821 1663 amplius.

91 1667 191 1700 Rosc.
206 1668 281 1699 Am.
304 1670 350 1698 14.

136 1711 314 1751 Magister,
351 1710 509 1747 director,
547 1714 586 1740 ut
631 1709 728 1740 bodie
776 1710 825 1740 di-

93 1759 189 1786 cunt.
214 1755 306 1786 verr.
325 1754 370 1785 iii.
388 1757 440 1789 71.
467 1755 625 1793 magister
639 1754 823 1794 scripturae.

96 1799 141 1830 ib.
180 1798 215 1829 ii.
247 1800 301 1833 74.
341 1799 498 1837 magister
534 1797 714 1828 societatis.
748 1796 826 1827 ibid.

94 1845 150 1879 70.
187 1852 247 1883 pro
283 1843 439 1881 magistro
477 1841 511 1870 in
547 1842 737 1880 scriptura:
776 1844 828 1871 est

95 1885 363 1917 vice-Director.
409 1883 570 1915 Similiter
583 1883 743 1914 dicuntur
755 1893 827 1914 ma-

95 1930 195 1971 gistri
213 1927 452 1970 (auctionum),
468 1928 537 1966 qui,
555 1937 631 1957 cuin
656 1928 742 1958 bona
766 1927 825 1958 ali-

96 1973 192 2013 cujus
215 1971 407 2002 venduntur
428 1971 596 2008 auctione,
614 1970 654 2001 ab
678 1971 730 2008 iis,
745 1981 824 2010 quo-

99 2025 175 2048 rum
206 2015 360 2051 interest,
391 2014 656 2051 constituuntur,
684 2020 723 2044 ut
754 2014 825 2053 ejus

98 2060 147 2092 rei
170 2068 284 2090 curam
309 2058 506 2098 suscipiant,
529 2067 610 2096 quos
639 2057 735 2088 hodie
761 2058 828 2088 Cu·
852 2064 854 2067 '

99 2107 225 2135 ratores
269 2102 430 2132 bonorum
476 2099 656 2140 appellant.
709 2101 826 2141 Quint.

65 2162 70 2168 ·
101 2149 152 2178 15.
182 2147 254 2177 Att.
278 2146 299 2176 i.
327 2148 352 2175 1.
385 2145 425 2175 vi.
459 2147 485 2174 1.
521 2143 562 2174 ad
585 2143 662 2174 Div.
689 2144 745 2175 xii.
773 2147 827 2176 30.

99 2191 289 2229 ‘magister
313 2189 478 2228 equitum.
515 2188 586 2218 Att.
612 2187 656 2217 ix.
688 2189 737 2218 15.
776 2191 828 2218 est

100 2233 193 2274 quasi
220 2232 348 2272 collega
377 2231 559 2268 dictatoris,
587 2230 642 2269 qui
671 2241 748 2261 eum
780 2230 828 2261 fa-

99 2277 158 2310 cit.
203 2276 336 2308 Nomen
366 2274 444 2305 hinc
468 2274 584 2310 traxit,
604 2273 692 2312 quod
713 2275 749 2304 in
773 2285 829 2304 ex-

98 2321 207 2353 ercitu
240 2319 405 2359 equitatui
435 2322 565 2357 praeest.
611 2316 684 2356 lpse
713 2321 829 2348 autem

99 2363 246 2395 dictator
270 2363 430 2402 magister
455 2359 567 2402 populi
590 2359 724 2398 dicitur,
748 2359 829 2400 Leg.

100 2407 148 2438 iii.
163 2410 196 2438 4.

144 2450 392 2490 Magisterium,
423 2448 456 2478 in
488 2447 638 2477 convivio
667 2450 718 2477 est
747 2446 832 2485 ejus,

103 2493 160 2533 qui
177 2493 436 2533 modimperator
451 2491 586 2527 dicitur,
600 2499 738 2529 regnum
752 2490 832 2528 vini,

102 2542 143 2568 ut
163 2536 323 2568 Horatius
347 2536 405 2566 ait.
430 2535 513 2564 Cato
533 2536 581 2565 14.
608 2543 660 2563 me
676 2538 710 2563 et
726 2534 833 2571 magi-

101 2581 204 2612 eteria
219 2574 402 2615 delectant,
419 2588 438 2607 a
462 2577 643 2618 majoribus
667 2577 834 2607 instituta.

102 2623 224 2654 ‘Pi-ov.
249 2623 348 2654 Cons.
371 2625 420 2657 19.
446 2631 578 2651 morum
591 2621 838 2659 magisterium,

104 2669 156 2699 est
177 2666 346 2697 Censura:
372 2675 449 2696 nam
473 2668 508 2695 et
531 2663 656 2694 Censor
679 2667 836 2701 magister

106 2711 238 2740 {norum
255 2709 387 2740 dicitur.
402 2719 432 2739 v.
445 2708 589 2739 Gronov.
605 2707 646 2737 ad
661 2706 733 2737 Liv.
751 2706 837 2736 xxiv.

148 2795 371 2834 Affigistratus
397 2794 462 2826 dici
488 2797 522 2824 et
549 2794 634 2835 ipsos
661 2791 836 2830 Consules,

108 2839 284 2877 Praetores',
299 2838 424 2871 AEdiles
440 2839 500 2870 διε.
517 2842 552 2868 et
571 2846 685 2868 eorum
702 2846 838 2874 munus,

107 2885 227 2924 notum
249 2887 313 2914 eat.
333 2891 440 2915 unum
464 2881 578 2914 locum
600 2879 839 2917 adscribemus,

1490 100 1575 142 ³42

849 192 881 221 in
897 201 962 230 quo
978 197 1028 222 est
1045 192 1106 222 hoc
1122 192 1268 224 verbum.
1294 196 1385 228 Verr.
1403 199 1424 229 i.
1443 201 1491 229 19.
1514 210 1569 230 ac-

848 234 964 264 cedere
994 235 1035 265 ad
1067 238 1278 274 megistanas
1294 252 1304 269 :
1334 242 1421 280 quod
1450 243 1565 273 eodem

849 277 946 308 modo
974 276 1105 315 dicitur,
1133 286 1171 309 ut
1195 282 1348 314 accedere
1374 285 1413 314 ad
1436 295 1567 325 rempu-

848 321 981 351 blicam.
1012 322 1029 338 “
1042 321 1152 352 Lisins
1171 323 1315 362 pluribus
1333 327 1410 358 loeis
1429 328 1569 358 Procon-

848 364 935 394 sulcs
962 374 999 394 ac
1027 365 1244 405 Propraetores
1271 378 1336 399 non
1361 375 1513 401 numerat
1534 372 1570 402 in

851 409 1105 446 magistratibus.
1131 409 1194 438 vid.
1215 419 1244 439 v.
1266 421 1294 441 c.
1320 415 1427 444 xxviii.
1450 418 1502 445 38.
1534 420 1569 445 et

852 452 894 481 ibi
917 451 1027 490 Sigon.
1051 462 1088 482 ac
1106 451 1235 489 Vales.;
1261 459 1295 483 at
1315 455 1429 486 (Lice-ro
1452 468 1567 488 nume·

851 500 913 531 rat,
930 493 1022 525 verr.
1039 495 1083 525 iii.
1101 499 1152 530 79.
1177 495 1231 525 ubi
1248 507 1355 527 serino
1372 506 1422 530 est
1437 500 1475 530 de
1492 502 1571 532 scri-

852 538 892 568 bu
908 538 1112 578 proxinciali,
1124 546 1158 568 et
1174 540 1287 570 scriboe
1304 541 1460 573 dicuntur
1475 543 1572 574 babe-

853 591 886 612 re
902 581 1049 621 pericula
1066 583 1331 621 magiserutuum.

896 625 1084 665 illagnfice,
1097 635 1218 665 magno
1229 628 1350 658 animo.
1373 629 1466 659 Offic.
1485 630 1504 660 i.
1520 631 1574 662 26.

853 670 1024 708 magnifice
1046 670 1163 699 vixere.
1185 670 1225 699 ad
1246 671 1320 700 Div.
1336 671 1377 702 iv.
1393 675 1423 707 7.
1447 675 1576 713 mag-ni-

840 713 1052 751 ficeulissime
1068 712 1286 744 Consulatum
1303 724 1426 754 gerere.
1451 716 1520 747 Fin.
1532 717 1575 748 iv.

853 758 884 786 2⁷.
908 765 962 785 eas
978 756 1117 786 virtutes
1133 766 1190 786 nos
1207 758 1464 797 magnificentius
1477 770 1578 801 appe·

853 807 924 829 tere
936 804 969 829 et
985 800 1166 829 ardentius.
1188 800 1406 832 *honorifica
1430 803 1528 834 catil.
1540 805 1577 836 ii.

860 845 885 872 1.
910 842 1081 883 magnifice
1095 843 1245 874 vicimus.

897 885 1109 926 AMguficus,
1126 886 1336 918 honorificus.
1358 888 1434 920 Scn.
1451 899 1483 930 p.
1494 889 1535 921 R.
1550 893 1578 922 1.

855 939 954 967 magn
959 930 1150 969 [licentissim
1156 941 1210 960 nm
1226 930 1407 962 decretum.

897 973 1162 1012 Alagng'ficemtia,
1179 984 1317 1013 magnus
1333 977 1474 1007 animus.
1506 975 1577 1009 lnv.

857 1016 878 1047 i.
896 1017 946 1048 56.
970 1016 1034 1047 Off.
1051 1016 1072 1046 i.
1088 1019 1140 1047 21.
1165 1015 1234 1047 lnv.
1255 1018 1287 1047 ii.
1305 1022 1356 1049 54.
1379 1019 1458 1058 quid
1472 1021 1540 1050 sit?

899 1060 1177 1100 Magniloquentia
1195 1060 1342 1092 Homeri.
1366 1062 1405 1093 ad
1423 1062 1496 1094 Div.
1513 1063 1582 1095 xiii.

861 1106 908 1135 15.

902 1145 1059 1186 Magnus.
1085 1145 1127 1176 ad
1149 1146 1225 1177 Div.
1250 1148 1316 1178 xiii.
1341 1149 1393 1179 26.
1422 1159 1582 1189 magnum

859 1200 929 1220 esse
947 1190 1034 1230 apud
1048 1194 1081 1219 te
1097 1191 1240 1230 speravit
1257 1201 1345 1221 meas
1361 1192 1482 1223 literas.
1528 1194 1583 1223 Sic

859 1243 877 1263 e
901 1233 995 1264 MSS.
1019 1232 1124 1263 edidit
1144 1233 1323 1272 Victorius,
1339 1234 1454 1266 deletis
1476 1236 1584 1267 verbis

860 1276 988 1318 pondus
1006 1276 1195 1307 habituras:
1220 1287 1293 1316 quae
1317 1278 1393 1308 alibi
1416 1279 1508 1310 addit
1530 1279 1585 1310 Ci-

861 1330 956 1350 cero:
983 1325 1146 1360 putatque
1168 1319 1255 1350 hunc
1280 1321 1413 1352 modum
1430 1322 1583 1362 loquendi

861 1373 931 1394 esse
954 1362 1191 1403 elegantiorem
1209 1376 1216 1393 :
1242 1374 1340 1403 quem
1358 1365 1393 1396 P.
1410 1365 1585 1396 Manutius

863 1416 928 1437 non
945 1407 1024 1437 satis
1040 1407 1275 1446 concoquebat.
1312 1407 1383 1439 Nec
1398 1408 1584 1440 Victorium

862 1451 1012 1481 imitatus
1027 1455 1078 1480 est
1093 1448 1313 1488 Camerarius,
1326 1457 1384 1482 aut
1398 1452 1586 1493 Stephanus

863 1494 922 1524 διο.
961 1494 1021 1524 Est
1041 1498 1152 1524 autem
1175 1503 1282 1533 graeca
1296 1494 1404 1526 forma
1418 1495 1588 1536 loquendi,

863 1536 1183 1576 intelligendumque
1200 1539 1382 1576 negotium.

905 1578 1055 1621 lllctjalt‘s,
1077 1580 1141 1610 Pis.
1168 1584 1199 1614 9.
1229 1584 1279 1611 est
1301 1591 1417 1622 porcus
1440 1582 1588 1623 pinguis,

863 1625 919 1664 qui
939 1624 1035 1664 Majae
1051 1627 1226 1654 mactatur.
1456 1635 1459 1638 ⁴

908 1665 1078 1709 lilry'estas,
1093 1671 1144 1697 est
1160 1666 1285 1708 populi,
1300 1677 1398 1708 quam
1415 1668 1471 1707 qui
1486 1667 1591 1708 laedit,

865 1709 1044 1751 majestatis
1065 1720 1140 1741 reus
1163 1714 1223 1741 est.
1256 1711 1296 1741 de
1319 1721 1384 1751 quo
1405 1711 1543 1742 crimine
1558 1722 1590 1744 v.

867 1755 985 1785 Partit.
1001 1757 1053 1785 30.
1086 1754 1180 1784 Orat.
1197 1755 1232 1784 ii.
1250 1756 1301 1786 25.
1318 1758 1370 1790 39.
1405 1754 1498 1786 Verr.
1519 1755 1542 1785 i.
1559 1758 1591 1787 5.

868 1795 1232 1839 majestatisjudicium.
1248 1797 1304 1827 sed
1319 1797 1479 1828 tribuitur
1488 1799 1591 1829 etiam

868 1840 1016 1872 Consuli.
1048 1839 1131 1871 Phil.
1154 1841 1224 1871 xiii.
1246 1845 1278 1875 9.
1308 1840 1412 1872 *MiL
1436 1844 1488 1872 30.
1519 1851 1592 1882 pro,

867 1884 930 1915 nisi
953 1884 1009 1923 qui
1033 1883 1158 1914 nullam
1183 1884 1247 1914 vim
1272 1883 1377 1921 ducit,
1400 1893 1592 1924 numenque

868 1928 1030 1964 divinum,
1043 1927 1190 1958 Graevius
1207 1926 1300 1966 legit,
1314 1927 1376 1957 nisi
1393 1928 1448 1967 qui
1461 1926 1591 1958 nullam

867 1969 1069 2013 majestatem
1092 1970 1197 2001 ducit.
1220 1980 1252 2001 n.
1275 1970 1308 2001 d.
1330 1974 1366 2000 ut
1382 1968 1533 2012 majestas
1547 1971 1593 2002 sit

868 2014 1050 2052 div‘mita53
1089 2023 1189 2053 quam
1228 2013 1318 2044 verbi
1346 2015 1413 2044 vim
1443 2013 1594 2054 pluribus

868 2056 1028 2098 exemplis
1052 2057 1240 2088 confirmat.
1263 2056 1316 2087 Gl.
1340 2056 1466 2088 Philox.
1490 2055 1595 2099 maje-

866 2106 953 2132 slas:
976 2099 1102 2134 Suo‘rrnf.
1147 2100 1200 2130 Sic
1223 2106 1274 2130 est
1293 2109 1346 2140 ap.
1361 2100 1498 2131 Sueton.
1512 2100 1595 2132 Ner.

871 2148 897 2175 1.
929 2144 971 2174 cf.
1003 2143 1044 2174 de
1075 2143 1136 2174 hac
1166 2153 1244 2173 voce
1274 2142 1594 2183 disputatiunculam

867 2187 1019 2219 Salmasii
1048 2186 1090 2216 ad
1118 2186 1274 2217 Trebellii
1297 2185 1465 2217 Gallienus
1487 2197 1517 2218 c.
1545 2189 1598 2218 14.

869 2234 888 2253 ¹?
903 2230 1046 2270 dignitas
1070 2239 1194 2269 magna
1216 2229 1256 2260 ad
1279 2229 1354 2260 Div.
1377 2239 1428 2260 xv.
1453 2232 1484 2261 5.
1511 2235 1597 2261 extr.

869 2274 924 2305 ubi
953 2283 1060 2304 sermo
1086 2278 1137 2304 est
1160 2272 1199 2303 de
1226 2272 1352 2304 honore
1378 2282 1445 2303 non
1468 2273 1596 2304 meritis

869 2318 1006 2348 tributo.

913 2360 1017 2397 Mate,
1040 2360 1074 2390 in
1097 2358 1238 2389 emendo
1259 2363 1323 2396 est,
1345 2358 1444 2389 nimis
1475 2367 1600 2398 magno

871 2404 988 2444 pretio.
1006 2402 1046 2434 ad
1058 2404 1098 2442 Ω.
1111 2402 1162 2432 Fr.
1178 2403 1199 2432 ἰ.
1219 2405 1245 2433 1.
1260 2413 1289 2432 c.
1307 2405 1353 2432 11.
1370 2401 1502 2443 publica
1513 2404 1600 2433 malo

872 2447 1044 2477 redimere.
1057 2447 1091 2476 in
1108 2445 1291 2482 vendendo,
1308 2445 1406 2476 nimis
1422 2445 1490 2475 vili.
1507 2444 1604 2477 Verr-

874 2491 919 2521 iii.
936 2493 988 2524 98.
1013 2490 1098 2520 male
1113 2488 1263 2519 vendere.
1285 2489 1304 2507 *
1316 2499 1426 2529 parce,
1440 2489 1601 2520 tenuiter.

875 2533 952 2564 ibid.
977 2534 1062 2563 male
1088 2533 1236 2572 percepti
1262 2532 1402 2563 fructus.
1434 2531 1504 2563 *in
1530 2531 1603 2562 foro

874 2577 972 2607 variis
990 2576 1024 2606 in
1039 2575 1190 2606 formulis
1207 2579 1267 2606 est.
1296 2575 1420 2606 Caecin.
1437 2576 1490 2606 28.
1517 2576 1604 2606 malo

876 2619 984 2650 facere
1000 2618 1223 2658 sponsionem,
1241 2622 1297 2649 est.
1307 2627 1408 2649 causa
1422 2618 1552 2655 cadere,
1566 2618 1603 2649 in

877 2672 944 2702 qua
953 2662 1164 2703 sponsionem
1177 2661 1295 2692 fecisti.
1311 2662 1430 2702 Quint.
1445 2664 1494 2692 14.
1518 2663 1604 2692 male

878 2716 989 2745 agere,
1015 2709 1066 2735 est
1095 2706 1262 2735 actionem
1293 2704 1391 2736 alicui
1418 2704 1604 2742 intendere,

877 2759 978 2788 quam
1001 2749 1150 2778 obtinere
1175 2757 1241 2787 non
1264 2748 1380 2789 possis,
1401 2753 1439 2779 ut
1462 2746 1606 2779 formula

879 2792 990 2829 cadas,
1015 2791 1295 2831 quemadmodum
1325 2791 1459 2822 dicitur.
1491 2801 1520 2822 v.
1551 2789 1607 2820 ln-

878 2840 964 2876 terp.
981 2834 1023 2866 ad
1037 2835 1069 2866 b.
1087 2835 1108 2864 1.
1125 2835 1185 2866 sed
1197 2845 1226 2867 c.
1243 2836 1290 2868 16.
1305 2836 1356 2869 27.
1379 2839 1431 2867 est
1441 2833 1607 2872 fraudare.

881 2879 1032 2919 decipere
1049 2877 1143 2909 velle.
1213 2879 1216 2883 '
1456 2885 1458 2888 ’
