1800 3131
115 133 200 174 346

649 146 795 175 INDEX
827 147 1121 177 LATINITATIS.

130 230 240 270 Igitur
277 237 426 264 extrema
463 233 619 264 orationis
657 236 854 267 lineamenta
904 236 1055 268 liberales
1077 245 1206 267 omnes.
1229 235 1322 267 Orat.
1348 235 1394 266 iii.
1425 237 1626 270 34.innt1·u-

129 279 209 306 sunt
225 277 384 316 perfectio
408 280 443 307 et
457 281 613 308 venustas
629 287 761 309 summa
782 290 852 311 ora-

125 318 239 350 tionis.

173 363 320 402 Lingua.
345 365 401 395 Or.
419 364 466 396 iii.
482 367 534 396 30.
557 365 707 404 linguam
733 376 850 406 procu-

127 404 218 479 ἓεη»,
235 410 286 437 est
300 416 452 439 exercere
468 407 650 439 dictionem
663 409 851 440 decPaman-

151 460 181 481 ο.

170 493 300 525 Linere.
325 494 367 525 ad
381 495 420 535 Ω.
438 494 488 525 Fr.
504 495 538 525 ii.
558 498 607 526 11.
632 494 779 526 Lucretii
792 505 850 535 po-

125 538 238 569 emata
257 538 318 569 lita
332 542 411 569 sunt
426 539 541 569 multis
558 539 739 569 luminibus
757 539 850 579 iuge-

123 590 182 612 mi.

168 623 296 656 Linter.
321 625 416 656 Brut.
447 626 498 656 60.
530 624 619 664 loqui
650 635 689 655 ex
724 626 847 655 lintre:

122 666 145 700 i.
177 678 207 699 e.
236 669 387 707 obscure,
421 673 460 698 ut
497 668 639 708 intelligi
673 677 739 698 non
772 678 847 708 pos-

122 712 178 742 sis.
836 713 848 721 ”

167 754 383 786 Linlriculus.
421 753 490 785 Att.
524 765 555 785 x.
593 757 643 786 10.
676 763 738 794 ego
768 765 845 786 vero

120 799 297 836 nutricula,
312 799 339 828 si
356 798 446 828 navis
463 807 530 829 non
545 798 622 836 erit,
638 799 777 839 eripiam
791 808 844 829 me

120 842 181 873 &a

165 883 363 925 Liquacz'o.
385 884 521 915 Tuscul.
544 895 575 916 ν.
599 886 629 916 6.
663 894 744 925 quos
768 884 843 916 nul-

119 928 160 960 lae
178 928 289 959 futiles
305 928 432 959 laetitiae
449 928 614 969 languidis
631 928 844 970 liquqsizcimzt

118 972 356 1013 voluptatibus.

163 1016 364 1056 Liquescere.
391 1014 492 1046 Tusc.
526 1016 560 1046 ii.
591 1017 644 1047 22.
676 1017 845 1057 liquescere

118 1059 272 1091 mollitia.

161 1103 311 1144 Liquido,
327 1113 404 1133 cum
428 1103 550 1133 fiducia
564 1103 721 1143 quadam,
739 1108 843 1142 certo,

117 1148 189 1178 sine
207 1148 416 1178 haesitatione
435 1157 472 1177 ac
498 1147 719 1177 dubitatione.
747 1147 842 1178 Vei-r.

116 1192 163 1222 iii.
188 1194 239 1225 59.
264 1191 385 1231 liquido
408 1190 528 1221 dicere.
551 1191 593 1221 ad
618 1191 694 1222 Div.
717 1192 760 1221 xi.
789 1192 842 1225 ⁶27.

116 1235 237 1275 liquido
261 1244 392 1274 negare.
415 1233 488 1264 Fin.
504 1235 538 1264 ii.
559 1237 608 1265 12.
641 1234 729 1274 quod
745 1244 784 1265 eo
804 1236 843 1265 li·

115 1279 245 1320 quidius
258 1278 371 1316 faciet,
386 1278 413 1308 si
426 1279 630 1318 perspexerit
645 1279 704 1308 &c.

160 1321 336 1362 Liquidus,
367 1332 481 1362 purus.
504 1321 600 1352 Brut.
630 1325 683 1356 79.
717 1321 842 1361 liquida

117 1367 236 1397 oratio.
261 1366 331 1396 Fin.
358 1365 380 1396 i.
411 1369 459 1396 18.
484 1365 615 1406 liquidae
638 1365 840 1405 voluptates,

115 1410 173 1441 Or.
199 1410 234 1440 ii.
261 1412 312 1440 38.
344 1409 503 1448 liquidum
530 1419 635 1448 genus
665 1410 840 1447 sermonis,

114 1454 295 1495 opponitur
309 1453 386 1483 exili
402 1456 437 1483 et
451 1452 553 1483 arido.

160 1497 308 1537 Liquier,
324 1506 383 1537 pro
398 1497 511 1536 linqui.
536 1496 614 1527 Div.
632 1497 653 1527 i.
666 1498 718 1528 22.

158 1541 229 1572 Lis.
252 1540 323 1571 Fin.
353 1541 388 1571 ii.
416 1542 465 1570 12.
491 1540 561 1570 lites
583 1541 733 1581 privatae,
760 1541 841 1570 sunt

113 1593 222 1615 eausae
247 1584 396 1625 privatae.
418 1583 438 1601 ³*
453 1583 607 1624 pecunia,
637 1583 676 1614 de
700 1593 766 1623 qua
789 1590 840 1614 est

107 1628 286 1668 judicium.
318 1627 430 1658 Rabir.
462 1627 552 1658 Post.
575 1630 606 1658 4.
637 1637 769 1658 summa
800 1628 839 1657 12·-

113 1673 210 1709 tium,
233 1676 285 1702 est
307 1671 486 1701 aestimatio
517 1672 594 1709 litis,
622 1681 694 1710 quae
718 1671 840 1701 dicitur

114 1715 248 1746 Cluent.
286 1715 335 1745 16.
374 1715 430 1745 ubi
462 1714 563 1745 ctiam
595 1719 647 1745 est
671 1715 838 1745 aestimare

113 1760 223 1791 litem.·
259 1757 346 1797 quod
375 1758 428 1796 fit,
452 1768 528 1788 cum
552 1768 685 1789 summa
707 1759 746 1788 fit
767 1767 839 1788 om-

112 1803 165 1833 nis
203 1802 273 1841 ejus
306 1803 471 1842 pecuniae,
501 1802 542 1832 de
577 1812 642 1841 qua
668 1802 837 1841 judicium

111 1849 181 1877 est:
206 1849 378 1885 tamquam
394 1845 428 1876 in
444 1855 544 1875 causa
567 1845 607 1875 de
632 1845 837 1886 repetundis,

110 1890 146 1920 in
170 1899 235 1929 qua
257 1889 296 1920 lis
327 1889 449 1920 dicitur
470 1889 643 1926 aestimari,
667 1899 743 1919 cum
767 1898 838 1918 om·

111 1934 206 1965 nium
237 1932 417 1971 furtorum,
441 1942 513 1976 quae
537 1933 578 1963 ab
601 1932 711 1972 aliquo
745 1942 837 1972 repe-

111 1982 247 2014 tuntur,
270 1986 402 2007 summa
428 1977 480 2007 fit.
516 1986 545 2006 v.
578 1977 652 2007 Act.
687 1977 709 2007 i.
742 1977 836 2007 Verr.

114 2020 177 2051 ult.
232 2021 361 2052 Dicunt
395 2024 511 2050 autem
547 2021 714 2051 aestimare
749 2022 838 2050 litem

110 2064 209 2095 alicui
233 2070 268 2094 et
290 2064 441 2105 alicujus.
463 2063 557 2094 Verr.
581 2064 623 2095 iv.
653 2067 701 2095 10.
725 2073 756 2094 v,
784 2067 833 2099 19.

109 2108 244 2139 Cluent.
260 2111 313 2139 41.

153 2151 286 2190 Literoe,
311 2152 437 2192 lingua.
462 2149 543 2190 Leg.
567 2150 590 2181 i.
612 2151 642 2183 2.
667 2150 761 2181 abest
783 2149 836 2180 hi-

108 2196 210 2226 storia
233 2197 333 2226 literis
356 2196 488 2225 nostris.
512 2193 629 2225 *libri.
652 2195 729 2226 Div.
745 2194 779 2225 ii.
803 2196 834 2225 2.

108 2248 225 2279 graecae
259 2239 300 2270 de
335 2238 545 2280 philosophia
587 2239 696 2270 literae.
738 2237 834 2269 Brut.

109 2283 163 2313 64.
186 2284 288 2314 literis
311 2281 517 2313 illustratum
541 2291 645 2322 genus
678 2281 833 2322 scriptio-

109 2326 171 2357 nis.
194 2326 236 2357 ad
257 2327 333 2358 Div.
357 2326 413 2357 vii.
442 2329 488 2360 19.
512 2325 640 2356 nullam
664 2332 770 2356 artem
795 2327 834 2356 li-

109 2371 197 2407 ieris,
234 2370 305 2400 sine
338 2370 694 2410 interprete—percipi
725 2378 832 2410 posse.

108 2413 264 2444 *tabulae
287 2418 322 2444 et
351 2413 476 2444 chartae
505 2414 639 2454 scriptae
677 2422 833 2452 quaecun-

109 2466 185 2496 que.
207 2457 288 2497 Leg.
314 2457 359 2487 iii.
384 2459 437 2489 20.
469 2456 610 2497 publicis
633 2458 734 2487 literis
755 2466 834 2486 con-

107 2500 272 2540 signatam
290 2501 485 2531 memoriam
502 2500 670 2540 publicam
691 2509 758 2530 non
775 2499 834 2530 ha-

107 2544 237 2574 bemus.
270 2541 388 2583 Quint.
423 2547 472 2575 11.
518 2545 619 2574 literoe
652 2544 834 2574 societatis.

106 2587 238 2618 Verrin.
270 2588 315 2618 iii.
346 2591 398 2622 71.
430 2589 532 2618 lieeroe
564 2588 831 2628 publicanorum.

110 2631 146 2662 in
171 2631 281 2661 Caecil.
306 2636 336 2666 9.
361 2633 462 2662 literoe
484 2632 519 2661 in
541 2631 692 2662 Verrem.
717 2630 830 2662 Nota:

107 2675 144 2706 in
165 2673 313 2704 Veri-inis
335 2675 505 2705 interdum
527 2675 651 2705 tabulae
674 2679 709 2705 et
732 2676 833 2705 litera>

99 2719 308 2759 junguntur,
330 2718 417 2757 quod
439 2719 497 2748 ubi
520 2722 584 2756 est,
605 2718 728 2749 tabulae
752 2722 833 2748 sunt

109 2767 323 2802 acceptorum
356 2765 391 2791 et
422 2771 644 2801 expensorum
678 2761 830 2800 Codices,

107 2805 213 2837 literae
236 2804 310 2835 aliae
333 2805 516 2845 scripturae.
557 2805 731 2836 Interdum
755 2816 832 2836 vero

106 2859 176 2880 uno
198 2848 388 2879 tabularum
416 2849 549 2878 nomine
572 2850 687 2880 omnia
709 2859 832 2888 genera

107 2893 363 2934 scripturarum,
387 2896 423 2922 et
444 2891 616 2922 literarum
651 2893 750 2924 verbo
780 2896 829 2923 et-

105 2937 173 2969 iam
195 2936 319 2968 tabulae
341 2935 683 2978 comprehenduntur.
704 2936 724 2957 ²*
739 2940 826 2971 artes

905 286 959 311 cta
986 281 1086 311 ιὶίενὶσ
1108 280 1308 318 eloquentia.
1333 279 1374 309 ad
1397 278 1473 310 Div.
1497 291 1547 312 xv.
1572 283 1625 313 21.

905 325 1007 354 literoe
1026 324 1214 355 reconditae.
1233 323 1274 352 cs.
1293 321 1388 353 Rosc.
1413 322 1451 354 A.
1463 326 1515 355 41.
1528 324 1628 357 Arch-

903 367 934 397 6.
959 368 1018 397 dcc.
1058 367 1146 398 Hinc
1168 366 1321 397 *Graevae
1347 368 1446 397 litera*
1468 371 1547 398 sunt
1571 377 1624 399 ar·

900 414 952 440 tes
975 410 1167 441 Graecorum
1192 411 1282 441 libris
1307 410 1492 441 illustratae.
1510 410 1626 443 -Acad.

902 453 923 483 i.
948 454 977 485 2.
1002 454 1044 483 iv.
1072 457 1120 484 11.
1161 455 1217 485 Or.
1242 454 1263 484 i.
1293 457 1341 485 18.
1367 454 1399 484 ii.
1423 457 1453 488 7.
1487 454 1569 485 Cato
1597 457 1624 485 1.

902 497 961 526 ἃς.
987 501 1022 527 et
1044 497 1158 528 latinae
1182 499 1284 528 litera?
1318 497 1431 527 latinis
1465 496 1557 529 libris
1586 497 1628 528 il·

899 539 1050 570 lustratae
1081 547 1179 571 artes.
1212 540 1310 571 Acad.
1335 541 1355 571 i.
1381 544 1412 572 3.
1443 540 1537 572 Brut.
1570 544 1624 576 93.

899 584 1003 613 literoe
1032 593 1091 622 pro
1126 593 1244 624 genere
1278 590 1464 624 ponuntur,
1503 584 1623 615 deinde

897 625 1118 667 philosophia,
1145 627 1201 665 jus
1235 627 1343 666 civile,
1378 627 1528 666 historia,
1563 627 1625 659 &m

899 670 918 687 *⁵
933 670 1069 700 Dicitur
1090 675 1206 700 tamen
1229 672 1330 701 etiam
1348 670 1388 701 de
1411 671 1552 712 singulis
1568 680 1625 711 ge·

899 714 1045 750 neribus,
1075 718 1116 744 ut
1147 713 1186 744 de
1221 713 1459 745 Grammatica.
1490 714 1561 746 Inv.
1601 715 1624 746 i.

897 759 950 788 25.
981 757 1074 788 Orat.
1098 757 1118 787 i.
1144 760 1175 789 3.
1209 757 1254 787 iii.
1282 760 1330 787 10.
1361 758 1424 788 Off.
1448 758 1469 789 i.
1494 761 1547 793 37.
1583 758 1623 789 de

896 800 1115 841 philosophia.
1146 799 1240 831 Balb.
1268 803 1294 831 1.
1326 800 1417 831 Sext.
1451 804 1503 833 51.
1542 801 1624 833 Har.

898 843 938 874 R.
962 848 993 878 9.
1019 845 1078 874 ἃς.
1103 844 1142 874 de
1166 844 1313 883 reliquis,
1337 847 1458 884 praeter
1479 844 1624 885 philoso-

898 887 1023 927 phiam,
1047 888 1173 918 artibus
1190 887 1391 918 liberalibus.
1415 887 1480 918 Pis.
1497 890 1549 922 29.
1572 892 1624 919 est

898 936 1012 961 autem
1036 931 1089 962 hic
1114 941 1179 962 non
1197 930 1405 972 philosophia
1427 931 1548 969 solum,-
1564 932 1624 964 sed

895 975 997 1005 etiam
1015 976 1117 1006 literis
1132 974 1326 1016 perpolitus.
1342 975 1362 993 ¹³
1378 974 1538 1015 epistolae.
1551 974 1624 1007 Att.

894 1018 938 1048 xi:
964 1021 994 1049 5.
1019 1019 1182 1049 conficere
1205 1018 1316 1059 plures
1340 1019 1452 1050 literas
1474 1028 1540 1049 non
1564 1029 1624 1060 po-

892 1062 957 1092 tui.
1003 1061 1042 1092 iis
1077 1066 1212 1093 tantum
1251 1062 1418 1103 rescripsi,
1451 1072 1471 1093 a
1501 1063 1622 1102 quibus

895 1115 1100 1146 acceperam.
1123 1105 1228 1136 ¹¹‘Inv.
1263 1106 1296 1136 ii.
1331 1110 1416 1136 extr.
1450 1105 1504 1136 hic
1538 1106 1624 1138 liber

895 1158 962 1179 non
993 1158 1110 1189 parum
1143 1150 1293 1180 continet
1326 1150 1513 1187 literarum,
1536 1150 1557 1181 i.
1591 1160 1622 1181 e.

894 1194 972 1223 satis
1006 1192 1123 1232 longus
1157 1198 1219 1223 est.
1249 1192 1324 1223 *de
1347 1193 1472 1233 scripto
1504 1202 1550 1224 sc.
1584 1194 1621 1225 iu

894 1235 1033 1276 legibus.
1058 1237 1178 1267 Partit.
1200 1236 1252 1267 36.
1276 1239 1328 1272 39.
1356 1236 1435 1266 ibid.
1461 1239 1514 1271 37.
1546 1237 1619 1268 sine

895 1281 996 1311 literis
1020 1285 1083 1317 est,
1107 1290 1174 1310 non
1196 1280 1328 1321 scriptis
1350 1279 1490 1320 legibus.
1511 1279 1531 1299 *
1548 1280 1621 1311 Cae-

866 1324 959 1354 'cin.
991 1325 1044 1354 23.
1085 1324 1191 1354 verbis
1221 1328 1257 1354 et
1290 1325 1392 1354 literis
1424 1327 1460 1354 et
1486 1333 1621 1355 summo

887 1367 965 1406 jure
984 1367 1208 1398 contenditur.

936 1411 1095 1442 Literate.
1127 1411 1221 1442 Brut.
1246 1412 1300 1442 28.
1330 1411 1493 1441 literatius
1514 1409 1619 1450 loqui,

893 1459 945 1485 est
967 1455 1167 1492 accuratius,
1183 1454 1290 1494 magis
1313 1464 1352 1484 ex
1375 1454 1499 1494 regulis
1523 1455 1618 1493 artis,

891 1497 1032 1528 doctius.
1056 1498 1138 1529 Har.
1161 1498 1200 1528 R.
1225 1501 1254 1529 8.
1280 1499 1408 1528 literate
1431 1497 1620 1538 respondis-

892 1551 973 1572 sem.
997 1541 1146 1572 Graevius
1169 1541 1295 1572 dictum
1321 1544 1419 1581 putat
1441 1551 1501 1582 pro
1533 1541 1619 1582 poli-

892 1588 938 1623 te,
963 1585 1147 1625 eleganter,
1181 1595 1241 1626 per
1273 1585 1433 1615 ironiam:
1457 1585 1515 1616 sed
1538 1594 1618 1615 con-

891 1633 1026 1659 textum
1039 1628 1262 1659 consideranti
1277 1628 1451 1659 videbatur
1464 1638 1535 1659 esse
1549 1639 1556 1658 ε
1575 1627 1618 1659 ad

891 1674 1032 1704 literam.
1067 1672 1184 1703 Cicero
1205 1677 1340 1711 rogatus
1360 1671 1401 1702 ab
1417 1671 1616 1709 adversario,

890 1717 984 1755 cujus
1016 1723 1103 1747 esset
1129 1716 1295 1746 civitatis?
1328 1714 1514 1756 respondit,
1543 1716 1616 1754 eju!

889 1770 964 1799 quae
979 1770 1091 1791 carere
1106 1760 1176 1799 ipso
1187 1769 1255 1790 non
1272 1762 1393 1799 posset.
1417 1757 1552 1789 Clodius
1564 1759 1617 1790 in·

890 1804 1031 1842 gemuit.
1072 1803 1162 1844 Quid
1201 1803 1306 1843 igitur
1352 1802 1613 1842 responderem?

893 1847 1012 1886 pergit.
1030 1857 1083 1877 me
1107 1848 1213 1877 civem
1239 1856 1309 1877 esse
1333 1846 1551 1877 Romanum?
1577 1847 1617 1877 li-

887 1895 990 1921 terate
1004 1890 1256 1931 respondissem.
1279 1890 1344 1920 Pis.
1361 1890 1415 1921 ⁶25:
1438 1890 1566 1920 literate
1580 1892 1616 1921 et

887 1935 970 1964 scite
1002 1935 1195 1974 perscriptae
1226 1935 1384 1964 rationes.
1408 1934 1535 1964 ‘Brut
1561 1933 1614 1965 56.

888 1978 1089 2018 scriptorum
1106 1982 1255 2008 veterum
1283 1978 1412 2008 literate
1433 1977 1574 2017 peritus,
1591 1976 1614 2007 i.

887 2031 914 2051 e.
933 2026 971 2052 ut
987 2030 1076 2052 nunc
1091 2021 1222 2058 dieunt,
1245 2030 1338 2051 more
1362 2024 1399 2050 et
1424 2020 1613 2051 subtilitate

887 2065 1100 2099 Criticorum.
1123 2065 1181 2096 Or.
1205 2065 1240 2095 ii.
1265 2065 1319 2097 66.
1341 2063 1427 2095 belle
1451 2067 1485 2095 et
1501 2065 1613 2095 litem-

886 2112 916 2139 te
932 2109 1031 2139 dicta.

929 2151 1139 2190 Literatufia,
1157 2152 1332 2193 scriptura.
1356 2150 1476 2182 Partit.
1492 2153 1524 2185 7.
1542 2160 1612 2181 me-

886 2197 994 2226 moria
1010 2201 1062 2227 est
1086 2197 1220 2236 gemina
1243 2192 1556 2227 literatura—Nam
1572 2199 1613 2225 ut

885 2239 944 2270 illa
958 2244 1087 2272 constat
1110 2249 1128 2270 e
1152 2240 1239 2270 notis
1261 2239 1436 2270 literarum
1455 2244 1491 2268 et
1503 2247 1543 2268 ex
1558 2246 1613 2276 eo,

885 2283 920 2313 in
931 2294 997 2322 quo
1015 2283 1255 2325 imprimuntur
1270 2292 1318 2313 eae
1335 2286 1425 2312 notae
1441 2282 1501 2312 διο.

928 2327 1112 2365 Literatus,
1135 2327 1253 2357 doctus
1282 2326 1317 2356 in
1341 2325 1453 2365 aliquo
1476 2334 1611 2365 genere.

884 2370 941 2401 Or.
966 2372 1013 2402 iii.
1051 2374 1100 2402 11.
1136 2368 1374 2401 ῖιῖίενὰίιζςεὶηηιε
1403 2372 1610 2408 togatorum.

883 2414 972 2445 Mur.
996 2418 1026 2449 7.
1049 2419 1112 2445 tua
1138 2413 1293 2445 nobilitas
1319 2413 1511 2448 hominibus
1534 2413 1606 2443 lite-

884 2459 966 2491 ratis
981 2463 1015 2488 et
1030 2458 1196 2488 historicis
1212 2461 1263 2488 est
1278 2457 1400 2487 notior.
1417 2454 1437 2474 ⁴*
1449 2455 1506 2495 qui
1520 2455 1612 2495 lege·

883 2511 918 2532 re
950 2506 1072 2542 potest.
1095 2501 1174 2532 Nat.
1197 2501 1241 2532 D.
1267 2501 1314 2531 iii.
1336 2504 1367 2535 9.
1393 2499 1456 2529 hoc
1478 2499 1507 2529 si
1535 2498 1608 2540 pla·
1633 2505 1636 2506 ’

884 2549 938 2575 cet
969 2545 1041 2585 jam
1065 2546 1198 2582 efficies,
1229 2548 1269 2574 ut
1299 2542 1444 2574 mundus
1481 2543 1608 2583 optime

882 2588 1003 2619 librum
1028 2588 1138 2628 legere
1159 2588 1322 2618 videatur.
1348 2586 1492 2617 Zenonis
1515 2585 1607 2616 enim

882 2633 1030 2671 vestigiis
1059 2632 1123 2663 hoc
1151 2631 1251 2663 modo
1280 2630 1404 2670 poteris
1441 2629 1607 2660 rationem

883 2676 1080 2706 concludere
1094 2688 1101 2706 ε
1133 2675 1222 2715 quod
1244 2675 1413 2705 literatum
1429 2677 1493 2710 est,
1508 2672 1544 2703 id
1557 2675 1610 2705 est

882 2719 1015 2758 melius,
1030 2729 1130 2759 quam
1154 2718 1242 2759 quod
1264 2727 1332 2747 non
1356 2719 1523 2748 literatum
1545 2720 1608 2748 est.

881 2762 901 2781 ’ἕ
917 2763 1108 2803 intelligens
1134 2762 1257 2802 linguae
1286 2760 1440 2800 alicujus,
1465 2764 1505 2793 ut
1521 2760 1607 2792 bene

881 2805 973 2846 loqui
1003 2817 1042 2838 ac
1067 2806 1210 2837 scribere
1235 2805 1351 2845 possit.
1379 2804 1475 2835 Offic.
1505 2803 1527 2834 i.
1552 2806 1608 2838 37.

881 2860 936 2880 eos
959 2851 1124 2891 exquisito
1150 2848 1279 2888 judicio
1304 2848 1354 2879 uti
1377 2851 1513 2889 putares
1536 2847 1607 2878 liee-

881 2903 1021 2925 rarum:
1044 2902 1248 2933 quamquam
1271 2895 1368 2923 erant
1383 2891 1531 2922 literati.-
1547 2889 1607 2922 sed

881 2941 916 2969 et
939 2938 1008 2972 alii.
1031 2938 1066 2974 hi
1088 2940 1203 2972 autem
1225 2937 1353 2981 optime
1367 2935 1484 2982 lingua
1497 2933 1607 2970 latina*
