1804 3235
14 503 22 509 a

686 153 832 183 mmsx
853 154 1028 183 tecum.
1617 149 1671 186 83

152 251 239 275 eum
262 240 459 284 appellatur.

504 240 612 280 Hujus
636 241 717 282 legin
740 243 894 282 fre-quens
936 247 1070 282 ceperat
1089 251 1107 271 a
1131 242 1272 280 Caesare,
1289 253 1331 274 ne
1354 244 1413 275 sibi
1439 245 1472 275 in
1495 246 1671 276 tribunatu

160 287 289 319 mentio
304 297 357 327 ap.
374 287 523 316 (Lice-ron.
541 296 569 315 v.
587 296 616 315 c.
633 295 691 325 pro
708 285 780 316 Mil.
797 296 824 316 c.
843 288 894 315 30.
936 286 1174 316 adversaretur.
1215 287 1310 316 Hanc
1327 288 1512 318 mercedum
1530 299 1569 319 nc
1586 290 1670 319 frus-

154 330 196 362 -ἰυ
213 330 308 361 Brut.
325 341 353 360 c.
371 332 423 360 56.
446 333 498 359 88.
521 330 648 368 quest.
669 329 768 359 Tunc.
793 329 826 360 ii.
843 333 895 359 ¹2⁴.
935 332 988 358 tra
1000 329 1163 369 accepisse
1176 336 1207 358 ct
1224 331 1430 370 Pompeianis
1445 330 1554 370 aliqua
1571 334 1671 362 ratio·

160 374 223 405 ἃς.
267 374 329 403 Sed
362 374 395 403 in
428 371 500 402 loco
531 379 697 412 postremo
722 372 895 410 Boiu-rius,

154 415 222 448 <vie
234 426 400 453 summus,
418 415 559 454 intelligi
585 415 654 445 vult
672 416 768 446 aliam
789 416 895 456 legem

161 458 295 491 Variam
327 460 366 490 de
388 461 509 489 asu-estu
524 471 533 488 .-
564 459 652 497 quod
675 459 824 490 Vah-rins
849 460 895 491 M.

161 503 208 535 iii.
225 508 256 538 7.
273 503 320 534 Μ.
338 503 521 533 Antonium
545 502 584 532 de
609 503 738 532 incestu
763 513 896 534 accus-‘1-

159 552 236 578 tum
252 546 368 583 tradit,
384 556 527 585 eumque
545 545 654 576 locuni
672 547 736 577 buc
754 546 896 577 rctnlcre

162 591 372 631 interpretes.
416 589 480 619 Sed
497 596 686 630 temporum
704 592 788 620 ratio
801 590 896 621 facile

160 634 273 673 arguit
303 633 389 664 hane
414 633 628 664 sententiam.
674 634 789 664 Cicero
815 635 896 664 (licit

160 686 196 708 te
227 677 342 708 ddisse
373 676 557 706 Antonium
590 687 649 717 pro
671 687 705 707 se
729 678 894 708 dicentem

161 730 297 752 causam
328 719 400 760 lege
430 719 539 750 Varia.
584 721 629 750 At
660 722 828 751 accusatio
856 722 896 751 de

161 763 293 795 incestu
310 764 401 793 sacta
416 770 465 793 cst
478 774 565 793 anno
577 770 752 803 quaesturae
766 765 896 804 provin-

162 806 269 845 cialis,
299 817 398 846 quam
432 806 567 847 Pighius
600 807 699 838 refert
727 807 768 837 ad
792 808 830 838 Α.
856 808 896 839 U.

161 858 265 882 Dexi..
288 861 353 890 quo
377 851 492 881 Cicero
521 857 619 881 natus
643 851 790 881 nondum
814 856 897 882 erat.

161 892 305 925 Necesse
322 894 425 934 igitur
445 900 509 931 est,
525 900 563 924 ut
587 894 673 924 idem
697 902 771 934 post
793 896 896 925 etiam

160 944 338 969 accusatus
353 938 398 968 sit
413 937 453 967 de
471 938 645 976 majestate
661 948 679 967 e
696 937 768 977 lege
785 937 896 977 Varia,

161 990 240 1012 cum
259 981 375 1011 Cicero
383 982 455 1020 jam
472 980 580 1011 forum
597 982 774 1021 attigisset.

205 1023 363 1061 Virrium,
387 1024 432 1055 Ρ.
463 1023 589 1054 Vatinii
610 1024 700 1054 Trib.
726 1025 768 1065 pl.
792 1025 830 1055 A.
855 1025 896 1056 U.

161 1075 303 1099 nexem.
326 1067 461 1098 consule
486 1067 614 1098 Caesare
642 1068 721 1105 lata,
744 1069 782 1098 de
807 1079 897 1108 repe-

160 1111 292 1144 tundis.-
316 1117 356 1141 ut
371 1111 628 1151 repetundarum
640 1112 770 1151 judicio
782 1112 897 1143 liceret

161 1153 292 1185 alterna
314 1154 452 1184 consilia
474 1155 621 1193 rejicere,
639 1155 726 1186 unde
751 1157 822 1196 ipsa
844 1158 898 1186 lez·

161 1197 202 1229 de
230 1199 368 1229 alternis
396 1200 535 1229 consiliis
566 1196 748 1237 rejiciendis
774 1199 898 1229 dicitnr

161 1240 197 1272 in
218 1240 331 1272 Vatin.
354 1252 383 1272 c.
411 1245 459 1272 ll.
509 1242 646 1273 Consilia
671 1249 749 1273 sunt
766 1243 896 1282 judices

161 1294 291 1323 omnes,
313 1295 395 1324 quos
428 1292 550 1325 praetor
574 1287 711 1316 sortitus
735 1293 809 1324 est;
842 1297 897 1316 eos

142 1338 277 1367 ,omnes
294 1339 334 1359 ex
358 1329 419 1359 hac
443 1328 515 1368 lege
537 1329 638 1359 semel
662 1330 796 1368 rejicere
819 1330 897 1360 licet

161 1381 231 1409 reo,
247 1371 350 1402 semel
365 1373 570 1411 accusatum
602 1383 677 1403 cum
702 1381 801 1404 antea
817 1383 898 1403 non-

161 1414 271 1446 nullos
286 1422 420 1446 tantum
438 1418 572 1454 rejicere
595 1415 709 1446 liceret
725 1427 765 1447 ex
781 1417 896 1447 eodem

161 1458 300 1489 consilio
320 1459 465 1498 utrique,
481 1469 621 1498 quorum
645 1459 718 1490 loca
739 1461 898 1490 subsorti-

160 1501 255 1533 tione
292 1503 443 1543 praetoiis
482 1502 705 1543 replebantur.
757 1504 898 1535 Alter-na

160 1546 293 1579 consilia
311 1544 444 1586 rejicere
459 1556 537 1585 ergo
560 1552 610 1576 est
626 1546 714 1577 idem
732 1557 769 1577 ac
785 1549 898 1578 alteri-

159 1598 202 1620 us
216 1586 351 1630 rejicere
365 1591 518 1620 consiliu:
542 1595 581 1620 ut
598 1589 689 1620 Verr.
706 1591 745 1621 ii.¹
759 1594 806 1622 13.
823 1602 895 1621 cum

160 1633 298 1663 alteruoe
313 1634 459 1664 civitates
472 1631 600 1673 rejectoe
614 1639 716 1664 essent
726 1648 738 1667 ;
771 1645 829 1674 pro
852 1635 898 1665 al-

159 1677 278 1715 ternis,
301 1677 405 1707 semel
434 1677 475 1707 ab
504 1684 708 1716 accusatore,
728 1678 831 1708 semel
858 1679 897 1709 ab

163 1728 231 1750 reo.

206 1762 352 1794 VATniiA
375 1762 523 1801 ejusdem
544 1764 684 1801 tribuni,
701 1774 767 1803 qua
791 1764 897 1795 Caesa-

162 1806 203 1844 ri,
216 1807 270 1837 cui
281 1807 352 1846 jam
369 1806 441 1846 lege
459 1807 653 1847 Sempronia
668 1808 708 1838 tle
721 1809 897 1847 provinciis

160 1849 305 1880 Senatus
320 1850 463 1880 Galliam
476 1851 668 1882 ulteriorem
685 1852 897 1889 attribuerat,

160 1893 265 1924 etiam
295 1894 430 1925 citerior
458 1904 535 1925 cum
567 1894 698 1934 Illyrico
728 1902 761 1925 et
791 1897 897 1926 tribus·

161 1935 348 1976 legionibus
377 1939 616 1978 stipendiisque
647 1939 681 1969 in
712 1939 897 1979 quinquen-

164 1981 259 2010 nium
274 1980 354 2011 data
367 1986 430 2018 est,
448 1982 481 2011 in
498 1981 610 2012 Vatin.
626 1994 654 2012 c.
677 1985 723 2012 12.
769 1982 819 2013 De
836 1983 896 2012 hac

161 2022 234 2063 lege
245 2024 347 2054 etiam
361 2025 541 2065 capiendus
556 2025 648 2056 locus
659 2025 791 2056 videtur
806 2037 834 2057 c.
851 2030 897 2059 15.

160 2066 219 2097 ubi
242 2067 455 2107 reprehendit
475 2069 590 2099 Cicero
613 2069 799 2106 Vatinium,
815 2071 900 2109 qumi

159 2120 223 2141 cua
253 2111 324 2150 lege
339 2110 460 2151 saccus
483 2113 526 2142 eit
549 2114 678 2151 legatus
706 2114 840 2144 cmm-ts
863 2115 897 2143 ιἰι

167 2153 291 2184 Gallia.
345 2154 431 2185 Nam
463 2155 550 2194 quod
580 2156 754 2186 Manutius
784 2161 895 2196 putat,

159 2196 268 2237 legem
285 2197 326 2227 ab
341 2208 380 2228 eo
395 2197 512 2236 latam,
528 2205 567 2229 ut
589 2199 690 2239 legati
714 2201 897 2239 provincia-

159 2239 207 2271 les
237 2250 258 2270 a
285 2241 408 2281 populo
433 2249 638 2279 crearentur,
663 2242 754 2273 nullo
778 2243 896 2274 idoneo

158 2283 355 2316 testimonio
370 2285 590 2316 demonstrari
606 2292 728 2326 potest.

203 2326 347 2358 VATmiA
364 2327 429 2358 alia
444 2330 584 2368 rogatio,
599 2329 657 2360 sed
673 2339 739 2360 non
755 2329 895 2370 perlata,

160 2376 367 2402 memoratur
381 2372 414 2401 in
432 2372 508 2403 Vat.
523 2383 552 2402 c.
575 2379 606 2408 9.
629 2383 676 2412 sq.
701 2383 766 2412 qua
788 2373 895 2404 latum

158 2419 223 2452 est,
245 2418 284 2444 ut
314 2416 454 2454 quaestio
476 2416 654 2447 haberetur
676 2417 715 2447 de
740 2417 791 2454 iis,
814 2427 895 2456 quos

159 2456 198 2488 L.
229 2457 374 2496 Vettius,
403 2459 460 2498 qui
498 2460 531 2489 in
569 2466 688 2490 senatu
726 2460 894 2490 confessus

159 2506 261 2539 esset,
275 2511 310 2531 se
326 2512 403 2532 cum
419 2502 487 2532 telo
502 2503 603 2534 fuisse
615 2511 648 2533 ct
667 2503 728 2533 Cn.
745 2504 895 2543 Pompei-

159 2554 218 2575 nm
241 2545 391 2576 occidere
417 2545 570 2585 voluisse,
595 2547 773 2587 participes
804 2546 894 2578 illius

158 2587 289 2619 consilii
305 2588 405 2619 fuisse
421 2589 556 2620 diceret.

199 2631 259 2663 De
273 2640 306 2662 vn
324 2631 425 2672 leges,
443 2633 556 2664 Plotia
571 2639 604 2663 et
624 2633 775 2663 Lutatio.

202 2674 325 2705 Vnam
350 2675 419 2706 lata
441 2686 460 2706 a
488 2677 521 2708 C.
549 2676 698 2713 Curione,
722 2676 836 2706 Paullo
859 2682 894 2707 et

157 2717 319 2749 Marcello
335 2718 425 2750 Coss
441 2720 479 2750 A.
497 2719 536 2750 U.
554 2728 675 2750 ocem.
692 2720 730 2750 ‘le
746 2722 807 2750 viis
823 2730 893 2750 mu-

156 2761 296 2798 niendis,
322 2771 389 2792 non
419 2762 586 2794 dissimilis
615 2764 762 2802 Agrariae
793 2763 894 2793 Rulli.

159 2803 282 2835 euplius
298 2814 350 2845 ep.
366 2807 410 2837 6.·
427 2807 477 2837 Ad
494 2807 579 2837 hanc
595 2807 766 2837 ferendam
785 2806 892 2845 legem

158 2848 239 2887 quid
254 2848 434 2880 Curionem
459 2850 643 2890 impulerit,
659 2850 755 2880 docet
771 2850 894 2890 Appia-

158 2899 222 2922 nus
237 2890 275 2922 B.
291 2891 329 2922 C.
345 2892 366 2922 l.
382 2893 416 2923 ii.
432 2903 464 2933 p.
487 2895 562 2927 73‘2.
578 2893 630 2924 ed.
645 2893 732 2924 Tou.
763 2892 892 2932 Nempe

155 2934 246 2974 quod
260 2944 325 2966 aere
339 2935 449 2969 aliano
463 2947 638 2979 oppressus
648 2937 826 2979 pecuniam
839 2946 894 2967 ac-

939 373 979 401 n‘e
995 372 1157 402 adversari
1172 375 1350 410 videretur,
1363 374 1449 412 quod
1466 375 1559 404 iat-ih·
1572 375 1670 405 intel-

939 414 1075 450 ligebat,
1087 426 1141 445 eos
1160 416 1235 446 linit·
1250 417 1312 451 legi
1330 425 1569 456 repugnaturos
1582 428 1667 448 esse:

940 458 1093 497 Εἷσηνγιῖτο
1107 460 1282 502 βαρυτάταις
1298 458 1363 490 ὄδῦν
1379 460 1498 489 'ozae-7⁹
1521 461 1668 494 ἱπισιιιυιίς

1025 502 1034 512 Ι
1218 504 1224 512 x
1319 504 1325 513 x
1376 503 1383 513 Ι
1413 503 1418 511 ³
1459 504 1465 512 Ι
1534 505 1540 513 Ι
1645 504 1650 513 Ι

938 513 969 531 'Y‘
985 514 1034 531 lm
1057 514 1258 537 nzoearxwae,
1275 517 1325 533 nl}
1348 515 1434 532 Βυγθ.
1457 515 1595 536 trlfoe‘rnr
1617 517 1669 533 “U—

939 544 993 574 τῦν
1007 545 1053 574 ir>
1069 546 1227 579 πενταετὶς
1243 543 1317 575 sinai·
1344 556 1415 585 qua·
1436 548 1533 576 verba
1554 547 1670 576 simili-

938 587 1090 618 tudinem
1128 590 1198 627 ejus
1234 599 1311 619 cum
1350 589 1493 620 Servilia
1522 591 1671 628 Agraria

940 631 1035 661 lcum
1058 632 1137 662 satis
1162 632 1403 663 demonstrant.
1449 633 1511 662 Sed
1535 633 1672 663 fortasse

939 675 1040 704 etiam
1057 675 1172 705 eadem
1189 682 1387 706 ornamenta
1399 677 1673 716 potestatis‚ean-

939 717 1014 748 dem
1049 724 1250 758 potestatem
1283 721 1315 749 in
1354 720 1530 759 provinciis
1568 720 1673 757 dedit,

939 771 1038 800 quam
1056 764 1108 792 lez·
1125 762 1277 793 Seu-ilia.
1304 763 1351 793 Ex
1367 774 1420 803 ep.
1439 763 1480 793 ad
1496 763 1567 793 Att.
1584 764 1624 793 vi.
1646 767 1672 793 l.

940 805 998 835 ἃς.
1017 805 1097 834 mihi
1114 806 1244 836 videtur
1260 806 1370 846 colligi
1388 816 1492 846 posse,
1509 807 1672 836 constitu-

938 853 1012 878 tum
1026 849 1126 878 fuisse
1139 849 1280 889 vectigal
1291 851 1406 880 aerario
1418 849 1624 886 solvendum,
1637 850 1672 880 in

939 891 1102 929 vehicula,
1115 893 1240 930 esseda,
1254 893 1382 931 rhedas,
1395 893 1542 930 lecticas,
1559 903 1673 932 equos,

940 936 999 966 &ta
1023 936 1140 974 quibus
1164 937 1198 966 in
1226 937 1399 967 itineribus
1423 943 1610 974 uterentur,
1634 942 1673 967 ut

939 989 979 1009 ea
994 981 1134 1019 pecunia
1150 980 1183 1009 in
1200 980 1258 1010 viis
1283 980 1472 1011 muniendis
1496 990 1672 1010 consume-

939 1028 1041 1052 retur.
1064 1022 1150 1053 Nam
1168 1033 1244 1053 cum
1257 1023 1379 1053 Vedius
1393 1024 1543 1054 Ciceroni
1559 1024 1672 1054 obvius

939 1066 1046 1096 factus
1062 1073 1147 1096 esset
1165 1077 1240 1096 cum
1265 1067 1392 1098 duobus
1412 1067 1533 1097 essedis
1548 1072 1582 1097 et
1598 1066 1672 1097 rhe-

939 1109 992 1147 da,
1016 1110 1108 1148 equis
1131 1110 1264 1148 juncta,
1287 1116 1322 1140 et
1347 1110 1467 1140 lectica
1488 1115 1523 1140 et
1545 1109 1674 1140 familia.

940 1162 1084 1192 magna3
1108 1153 1226 1183 horum
1244 1164 1343 1184 causa
1361 1154 1442 1184 dicit
1466 1154 1594 1191 Cicero,
1610 1153 1674 1184 Ve-

939 1196 992 1226 dio
1007 1196 1200 1227 solvendum
1217 1207 1256 1227 ex
1280 1196 1351 1237 lege
1376 1197 1541 1234 Curionis,
1557 1197 1584 1228 si
1600 1207 1673 1237 per-

939 1240 1079 1276 sei-atur,
1095 1241 1250 1270 sestertia
1271 1246 1425 1270 centena.
1470 1240 1508 1270 ld
1530 1239 1674 1280 vectigal

938 1283 1046 1313 simile
1062 1284 1179 1313 fuisset
1195 1294 1234 1314 ex
1251 1291 1344 1324 parte
1361 1285 1404 1320 ei,
1416 1283 1503 1323 quod
1520 1293 1577 1314 nos
1592 1283 1674 1314 dici-

940 1336 1014 1357 mus
1050 1327 1181 1364 Gelez'te,
1205 1327 1292 1366 quod
1323 1327 1355 1357 in
1379 1328 1446 1358 vias
1477 1327 1673 1357 muniendas

940 1370 1156 1410 impenditur,
1179 1370 1240 1401 hoc
1267 1375 1358 1400 certe
1380 1371 1440 1401 sub
1463 1369 1564 1400 titulo
1587 1371 1674 1410 exigi

939 1413 1034 1444 solet.
1080 1414 1222 1453 Quidam
1240 1413 1325 1444 hanc
1343 1413 1451 1453 legem
1469 1413 1554 1443 male
1573 1413 1674 1444 Vivu-

938 1459 1026 1488 rium
1043 1464 1100 1487 aut
1121 1457 1296 1488 Ve‘nam‘am
1319 1462 1378 1488 aut
1402 1457 1595 1488 Vineariam
1617 1467 1676 1498 ap-

938 1500 1077 1541 pellant.
1101 1511 1129 1531 v.
1154 1501 1361 1531 Contarenus
1385 1501 1425 1531 de
1449 1500 1559 1532 Frum.
1575 1499 1675 1541 Larg.

939 1555 968 1575 c.
983 1550 1014 1579 9.
1032 1543 1120 1584 Lips.
1138 1543 1244 1575 Elect.
1261 1545 1282 1574 i.
1300 1548 1330 1576 8.

983 1587 1115 1625 V1LL1A,
1132 1598 1160 1618 v.
1176 1588 1332 1618 Annales.

982 1631 1150 1669 Vocosm,
1183 1630 1253 1661 lata
1288 1641 1308 1661 a
1336 1631 1379 1672 ρ.
1413 1630 1546 1661 Vocom'o
1577 1631 1673 1662 Sata

937 1674 1028 1705 Trib.
1046 1674 1090 1715 pl.
1106 1675 1144 1705 A.
1159 1674 1198 1704 U.
1216 1682 1379 1706 mxxxiv.
1394 1674 1556 1706 suadente
1573 1675 1672 1705 Cato-

940 1728 992 1749 ne.
1039 1719 1098 1749 Est
1129 1719 1390 1755 testamentaria,
1421 1718 1460 1748 (le
1491 1717 1672 1750 mulierum

939 1761 1196 1792 hereditatibus:
1236 1771 1302 1801 qua
1330 1761 1496 1792 sancitum
1527 1766 1592 1799 est,
1622 1767 1674 1800 ut,

938 1807 994 1845 qui
1012 1809 1084 1845 past
1107 1806 1147 1836 A.
1173 1805 1381 1835 Postumium
1399 1809 1430 1834 et
1445 1805 1489 1846 Q.
1513 1805 1674 1836 Fulvium

945 1850 1093 1880 censores
1108 1860 1221 1880 census
1236 1853 1327 1886 esset,
1343 1859 1383 1879 ne
1406 1849 1553 1879 heredem
1568 1849 1672 1888 virgi-

939 1903 1026 1929 nem,
1049 1902 1128 1923 neve
1157 1893 1340 1929 mulierem,
1347 1892 1492 1932 fuceret.
1538 1892 1606 1922 Cic.
1638 1893 1671 1922 in

939 1936 1030 1966 Verr.
1048 1937 1068 1966 i.
1088 1938 1140 1967 452.
1166 1946 1247 1966 neve
1270 1935 1391 1966 mulier
1413 1935 1515 1973 legati
1539 1936 1673 1966 nornine

939 1979 1012 2020 plus
1029 1986 1174 2019 caperet,
1191 1989 1290 2018 quam
1308 1979 1411 2009 heres.
1429 1978 1507 2008 ibid.
1522 1980 1574 2009 43.
1609 1978 1673 2009 Ea-

939 2023 1013 2053 dem
1031 2023 1082 2052 lex
1100 2023 1255 2053 landatur
1269 2033 1327 2063 pro
1343 2021 1446 2052 Balbo
1462 2032 1490 2052 c.
1503 2026 1532 2053 8.
1544 2021 1584 2052 de
1602 2022 1672 2052 Fin.

939 2067 972 2097 ii.
995 2070 1040 2101 17.
1057 2066 1096 2096 de
1113 2066 1243 2096 Senect.
1268 2076 1296 2096 c.
1313 2069 1342 2096 5.
1393 2065 1484 2095 (ensi
1501 2075 1518 2095 e
1535 2064 1672 2096 Voconii

939 2117 1052 2140 mente
1065 2111 1135 2140 sine
1148 2110 1248 2140 dubio
1259 2114 1354 2139 erant
1366 2110 1460 2146 cives,
1470 2108 1556 2148 quod
1566 2110 1672 2139 nemi-

939 2154 971 2184 ni
984 2154 1103 2183 licebat
1111 2153 1237 2183 deferre
1247 2153 1287 2182 ad
1298 2153 1474 2183 Censorem
1486 2162 1553 2182 rem
1564 2161 1672 2191 suam,

938 2198 1000 2227 nisi
1024 2198 1079 2237 qui
1102 2197 1181 2227 civis
1205 2197 1299 2227 Rom.
1322 2202 1419 2226 esset.
1465 2195 1528 2226 Sed
1552 2196 1586 2225 in
1610 2195 1672 2226 hoe

937 2242 1035 2271 verbo
1051 2240 1355 2276 calumniabantur,
1365 2241 1420 2278 qui
1438 2249 1506 2270 reni
1519 2248 1613 2269 suam
1631 2238 1672 2269 ad

937 2294 1072 2314 uxorem
1091 2290 1149 2314 aut
1173 2283 1275 2313 filiam
1298 2283 1476 2313 transferre
1500 2287 1672 2322 cuperent.

938 2327 1025 2358 Nam
1049 2338 1124 2358 cum
1150 2327 1214 2357 illis
1237 2326 1454 2367 temporibus,
1478 2325 1528 2356 lex
1553 2335 1671 2356 census

937 2371 1104 2408 Serviana,
1136 2371 1175 2401 de
1208 2369 1386 2400 vendendis
1417 2369 1572 2406 incensis,
1603 2379 1671 2400 non

937 2416 1053 2445 acerbe
1083 2423 1141 2444 aut
1170 2423 1279 2443 severe
1309 2413 1390 2443 satis
1414 2419 1613 2450 servaretur,
1636 2420 1669 2442 et

937 2458 1034 2489 multi
1052 2459 1138 2488 cives
1154 2457 1250 2488 Rom.
1263 2457 1389 2486 incensi
1402 2462 1524 2493 essent,
1542 2458 1669 2496 [causas

937 2502 1001 2532 vid.
1018 2512 1069 2542 ap.
1086 2501 1234 2531 Pei-iton.
1249 2499 1332 2530 libro
1356 2509 1431 2530 mox
1455 2499 1670 2529 memorando

937 2555 968 2585 p.
989 2548 1071 2579 199.)
1092 2545 1137 2580 hi,
1150 2544 1205 2583 qui
1222 2544 1381 2574 feminam
1401 2543 1553 2573 heredem
1570 2543 1670 2572 facie-

936 2589 1030 2625 bant,
1047 2594 1221 2628 propterea
1240 2597 1274 2617 se
1298 2587 1370 2626 lege
1394 2586 1540 2616 Voconia
1562 2587 1669 2616 teneri

936 2633 1116 2671 negabant,
1133 2630 1219 2670 quod
1243 2631 1368 2660 incensi
1393 2635 1514 2660 essent.
1560 2629 1668 2668 Atque

936 2675 997 2706 hac
1028 2675 1198 2704 calumnia
1225 2674 1313 2703 verbi
1335 2684 1457 2703 tensus
1486 2672 1668 2703 eludebant

935 2718 1057 2757 legem,
1074 2718 1272 2748 Praetoribus
1295 2716 1445 2747 facilibus
1468 2717 1502 2746 in
1527 2726 1560 2746 re
1577 2716 1668 2745 dura.

935 2761 1022 2792 Nam
1047 2771 1087 2792 ex
1109 2761 1256 2792 Verrinze
1280 2760 1301 2790 l.
1328 2771 1355 2790 c.
1380 2759 1521 2798 intelligi
1546 2764 1668 2798 potest,

936 2810 1092 2845 praetores
1122 2810 1200 2835 ante
1231 2803 1367 2834 Verrem
1397 2811 1512 2833 omnes
1543 2812 1582 2832 ex
1606 2802 1667 2831 hac

935 2848 1106 2878 calumnia
1123 2847 1317 2884 decrevisse,
1332 2852 1367 2876 et
1389 2846 1590 2876 hereditates
1606 2845 1668 2875 hoo

937 2892 1034 2922 modo
1049 2892 1091 2921 ad
1108 2891 1191 2921 filias
1213 2889 1431 2929 mulieresque
1454 2889 1594 2919 transire
1612 2898 1667 2927 po-

934 2935 1048 2966 tuisse.
1078 2934 1145 2977 Qui
1160 2941 1274 2966 autem
1292 2934 1382 2965 censi
1397 2939 1506 2971 eram,
1523 2931 1668 2969 adeoque

942 2987 967 3010 D
