1804 3178
597 85 742 114 {Nnnx
774 87 1069 119 LATlslTArls.

85 178 142 219 qui
161 186 257 217 agros
280 174 448 213 dividunt,
464 172 653 204 confundit.
702 173 819 212 ltaque

84 222 240 253 existimo
269 221 423 250 divt'som
458 218 561 248 fuisse
591 217 739 253 eosdem,
762 218 819 255 qui

85 265 272 296 diribitores
300 262 512 294 tabellarum.
560 260 677 302 Neque
713 260 820 298 video,

85 308 175 349 quod
206 308 298 339 aliud
335 315 440 347 genus
473 314 653 345 operarum
688 313 822 345 campe-

85 353 207 383 strium
223 361 262 383 eo
279 350 415 382 nomine
432 348 573 387 intelligi
592 348 707 389 possit.
731 348 819 379 Nam

89 396 177 437 quod
193 397 228 428 in
246 395 356 426 Pison.
376 396 427 425 15.
462 392 650 423 diribitores
669 397 749 422 sunt
767 392 823 422 ho·

88 441 176 483 nesti
200 445 236 470 et
257 436 418 469 senatorii
442 437 517 475 viri,
542 436 575 466 id
599 436 825 466 extraordina-

88 485 175 515 rium
198 486 269 513 est:
301 491 362 512 nec
391 482 463 511 istae
487 489 597 522 operte
621 485 824 521 campestres

89 527 196 558 fuere.

109 598 114 605 ,
131 570 332 603 Βίων-ἥκω.
359 569 454 599 Orat.
470 568 517 599 iii.
535 571 584 602 19.
607 568 661 598 Sic
675 577 717 598 cx
733 576 825 597 com-

87 614 184 646 muni
208 613 412 654 sapientium
438 613 524 652 jugo
554 616 634 641 sunt
657 611 825 642 doctrina-

88 667 162 690 rum
187 657 279 688 faeta
293 657 444 687 divortia.
469 656 501 686 h.
519 666 547 686 e.
570 660 671 686 sectae
688 654 826 685 diverse

88 708 173 733 orte
187 705 278 732 sunt.

131 745 314 777 Diuturne.
354 743 396 774 ad
418 743 496 774 Div.
520 743 562 773 vi.
587 745 640 774 20.
670 742 827 773 diuturne

88 788 171 822 fore.
200 788 265 820 Sed
280 799 311 818 v.
326 793 397 818 not.

134 833 307 864 Divulsus.
335 832 467 861 divulsa
493 833 712 871 opponuntur
734 828 827 859 reda-

90 877 153 907 ctis
177 876 218 907 ad
242 875 324 907 artis
346 875 502 905 formam.
540 873 598 904 Or.
623 873 644 904 i.
667 876 721 903 42.
759 883 824 911 ars,

89 930 164 961 quae
188 930 260 951 rem
283 917 482 950 dissolutam
499 918 724 957 divulsamque
745 925 827 947 con—

90 964 289 1005 glutinaret.

133 1008 201 1045 Do,
224 1017 294 1045 are,
318 1005 418 1045 hujus
449 1005 539 1035 verbi
563 1009 634 1034 tam
657 1004 767 1036 varius
790 1009 824 1034 et

90 1051 266 1091 multiplex
294 1059 374 1080 usus
403 1054 468 1087 est,
492 1049 544 1078 vix
571 1053 610 1078 ut
635 1048 743 1078 omnis
769 1047 827 1078 illa

90 1097 234 1126 varietas
251 1092 507 1124 commemorari
524 1091 640 1132 possit.
667 1091 751 1132 Quae
768 1101 827 1121 no-

91 1140 140 1170 bis
164 1139 335 1180 praecipua
357 1146 480 1177 genera
502 1137 572 1166 visa
593 1140 688 1173 suut,
711 1136 827 1166 affere-

91 1193 177 1214 mus.
204 1182 359 1212 *dieitur
374 1181 409 1211 in
423 1179 698 1221 philosophorum
715 1179 828 1221 dispu-

90 1226 291 1263 rationibus,
315 1234 376 1266 pro
398 1223 592 1255 concedere.
625 1223 696 1253 Pin.
719 1233 751 1253 v.
774 1225 827 1255 23.

90 1272 200 1312 prima
230 1270 256 1301 si
288 1269 425 1306 deden-is,
449 1268 562 1299 danda
591 1273 674 1297 sunt
701 1267 826 1298 omnia.

92 1315 134 1346 cf.
155 1314 226 1345 lnv.
242 1315 265 1344 i.
281 1316 334 1344 31.
364 1316 383 1334 *
395 1311 454 1342 sed
469 1321 530 1352 pro
549 1311 731 1341 concedere
748 1310 830 1341 dici-

90 1364 150 1390 tur
164 1358 269 1388 etiam
292 1367 332 1387 eo
354 1365 467 1393 sensu,
483 1365 548 1395 quo
571 1355 681 1395 ipsum
706 1355 830 1385 dicitur

93 1401 279 1439 interdum,
295 1410 352 1441 up.
367 1410 428 1441 pro
446 1400 578 1430 veniam
593 1398 676 1429 dare
691 1397 828 1429 alterius

90 1456 200 1476 causa„
243 1445 356 1484 Ligar.
391 1445 440 1474 12.
484 1448 525 1474 ut
554 1442 747 1472 concessisti
777 1442 825 1472 M.

89 1489 291 1522 Marcellum
307 1488 459 1525 Senatui,
477 1487 524 1517 sic
540 1487 584 1517 da
606 1485 698 1516 hunc
721 1496 828 1527 popu-

91 1533 134 1565 lo.
165 1533 250 1564 *est
273 1541 372 1573 porro
394 1532 532 1562 verbum
556 1530 698 1560 forense.
729 1530 827 1561 Rosc.

91 1578 187 1609 Com.
212 1579 240 1607 1.
271 1576 310 1606 lis
329 1576 432 1606 daem·
454 1574 647 1605 secundum·
664 1583 729 1604 eas.
762 1573 827 1605 huc

91 1621 266 1663 pertinent
288 1620 391 1650 etiam
419 1619 512 1649 haec:
539 1618 708 1657 judicium
732 1619 825 1656 dare,

83 1665 219 1706 judices
244 1665 338 1702 dare,
364 1668 468 1693 testes
497 1662 590 1699 dare,
618 1662 825 1702 cognitorem

90 1710 184 1746 dare,
200 1708 429 1748 cognitionem
446 1707 528 1737 dare
551 1707 611 1736 διε.
641 1705 682 1736 de
705 1706 826 1745 quibus

90 1753 202 1784 dicere
225 1761 292 1782 non
316 1757 369 1781 est
392 1759 537 1780 necesse.
575 1750 827 1791 *constituere,

90 1797 213 1828 dicere.
248 1795 320 1826 Att.
344 1795 365 1824 i.
394 1797 442 1825 10.
479 1792 628 1824 Tulliola
651 1793 713 1824 tibi
737 1793 825 1824 diem

90 1841 163 1878 dat,
192 1848 386 1881 sponsorem
416 1836 575 1878 appellat.
611 1847 641 1867 v.
673 1837 753 1867 dies.
792 1843 827 1867 et

89 1884 180 1916 conf.
195 1883 327 1915 Duker.
342 1882 385 1912 ad
402 1881 485 1912 Flor.
500 1881 547 1912 iii.
564 1884 595 1913 3.
623 1884 672 1912 14.
702 1882 721 1899 ²*
733 1881 768 1911 in
791 1890 826 1911 re

90 1927 230 1959 militari
252 1927 334 1957 dare
358 1925 496 1956 nomina
518 1924 690 1962 dicuntur,
711 1925 768 1964 qui
791 1934 824 1955 se

91 1971 253 2003 militaria
267 1969 436 2010 stipendia
450 1968 598 1999 facturos
611 1969 824 2009 profitentur,

89 2023 268 2058 propterea
287 2013 377 2054 quod
397 2021 523 2043 nomen
547 2021 647 2043 suum
671 2012 769 2043 scribi
794 2013 827 2042 in

90 2059 167 2090 albo
197 2058 336 2090 militari
368 2057 555 2097 patiuntur.
595 2055 681 2087 Phil.
710 2057 767 2086 vii.
795 2059 827 2086 4.

92 2103 221 2134 ‘Gran
236 2103 272 2133 ii.
290 2105 317 2132 1.
346 2100 556 2131 sermonibus
578 2109 614 2130 se
635 2100 728 2138 dare,
752 2101 775 2130 i.
798 2109 828 2130 e.

90 2146 263 2178 interesse.
303 2145 412 2176 simile
441 2150 493 2174 est
522 2143 599 2182 hoc,
630 2143 709 2183 Agr.
735 2143 770 2174 ii.
799 2146 829 2175 5.

90 2200 170 2222 cum
200 2189 414 2221 familiariter
443 2197 497 2218 me
530 2188 565 2217 in
599 2186 735 2218 illorum
761 2196 831 2218 ser-

93 2243 228 2266 monem
262 2233 469 2264 insinuarem
509 2241 547 2261 ac
583 2232 710 2262 darem.
755 2231 828 2262 *ad

91 2278 170 2310 Div.
186 2278 245 2309 xii.
263 2277 315 2309 16.
346 2286 413 2307 non
429 2280 560 2316 putare,
578 2284 631 2305 me
655 2275 718 2306 hoc
739 2275 828 2306 auri·

92 2321 156 2354 bus
178 2322 246 2353 tuis
269 2322 369 2352 dure.-
393 2320 426 2361 h.
443 2329 472 2349 e.
493 2323 669 2359 propterea
690 2323 827 2350 tantum

91 2365 250 2404 scribere,
266 2364 355 2405 quod
378 2367 512 2403 gratum
535 2363 605 2394 for'e
629 2366 761 2403 putem,
777 2372 829 2394 as-

91 2409 246 2440 sentandi
262 2418 372 2440 causa.
391 2411 409 2430 θ
424 2407 465 2438 ad
481 2407 557 2438 Div.
576 2417 605 2437 v.
626 2409 674 2438 13.
689 2406 750 2437 dus
765 2407 828 2437 mi-

94 2453 128 2484 hi
138 2453 308 2492 jucundas
324 2451 581 2483 recordationes.
608 2450 627 2468 ⁸
637 2449 829 2488 conciliare,

93 2498 242 2528 amicum
259 2496 407 2527 reddere.
431 2495 502 2526 Att.
519 2505 550 2524 x.
565 2497 597 2525 4.
622 2493 748 2534 Oppios
762 2493 829 2524 Te-

93 2541 212 2572 rentiae
228 2541 330 2572 dabis.
361 2540 380 2558 *
391 2539 472 2570 dare
487 2547 521 2568 se
538 2538 638 2568 alicui
654 2537 827 2575 dicuntur,

93 2585 150 2624 qui
175 2584 217 2616 ad
239 2594 319 2614 eum
342 2593 377 2614 se
401 2581 585 2623 applicant,
607 2581 663 2621 qui
687 2582 718 2611 ei
742 2581 829 2620 grati

93 2637 165 2659 esse
188 2627 342 2658 laborant
370 2627 462 2658 omui
488 2626 634 2665 obsequii
662 2622 828 2664 officiique

94 2681 228 2712 genere.
259 2671 404 2712 Harusp.
422 2670 461 2700 R.
478 2671 531 2700 22.
563 2670 624 2700 nisi
645 2678 680 2699 se
695 2668 829 2698 dedisset

95 2715 148 2746 iis.
178 2714 221 2746 ad
243 2714 321 2746 Div.
338 2715 371 2745 ii.
390 2717 420 2746 8.
453 2714 497 2744 da
514 2720 549 2744 te
565 2712 713 2744 homini:
739 2721 829 2742 com-

93 2757 278 2799 plectetur,
302 2758 385 2789 mihi
412 2757 519 2788 crede.
550 2757 661 2788 Rabir.
685 2756 773 2786 Post.
797 2757 830 2786 2.

95 2801 251 2833 Rabirius
271 2802 398 2833 dicitur
412 2802 482 2841 regi
497 2810 532 2831 se
547 2801 679 2836 dedisse,
696 2798 784 2839 quod
799 2799 829 2829 ei

96 2846 257 2886 pecunias
272 2845 471 2876 crediderat.
494 2844 606 2876 Rabir.
623 2844 712 2874 Post.
724 2846 755 2874 3.
771 2843 831 2873 du·

94 2898 133 2921 re
146 2898 181 2920 se
197 2889 392 2921 auctoritati
408 2892 555 2921 senatus.
577 2887 830 2919 ‘committer-e.

1508 90 1584 128 281

865 177 954 225 ξυνα.
978 180 1030 206 5³.
1061 177 1140 208 dare
1160 189 1194 210 se
1220 183 1359 223 populo:
1393 185 1431 214 de
1459 187 1509 224 iis.
1533 187 1590 227 qui

868 229 902 248 ιιι
918 219 1089 251 theatrum
1105 224 1254 256 veniunt.
1301 226 1385 256 Nam
1409 229 1438 258 lu
1459 242 1485 257 st
1507 239 1592 261 nnm-

867 272 967 302 quam
999 265 1214 297 committunt
1247 270 1383 309 populo,
1414 281 1488 302 cuni
1522 284 1591 313 spi·-

868 313 958 344 rant,
975 317 1008 336 se
1034 317 1098 337 uon
1123 310 1332 342 exsiluilatnm
1351 314 1401 344 iri.
1433 315 1500 344 ‘ad
1518 317 1590 346 Div.

869 350 938 380 xiii.
958 354 982 381 1.
1005 351 1085 381 dure
1100 361 1133 380 se
1151 353 1192 382 ad
1209 353 1475 396 lenit:itu-ni,pro,
1494 359 1593 388 lenio-

870 404 940 423 rem
960 395 1041 425 fivri.
1075 395 1091 412 ⁴
1104 395 1251 426 studium
1275 409 1372 429 suum
1391 402 1539 432 conse-tre·
1555 403 1595 433 ad

870 437 1010 478 aliquid,
1027 438 1148 469 dicitur
1163 440 1243 470 dare
1265 452 1299 470 se
1319 442 1358 472 ad
1375 442 1510 482 aliquid,
1527 455 1595 474 enz-

870 482 979 521 cipere
997 481 1132 522 aliquid.
1163 483 1197 513 iu
1216 484 1327 514 Caecil.
1345 487 1375 515 Q,
1407 488 1461 526 qui
1480 498 1530 518 uie
1555 489 1595 519 ad

869 525 1092 556 defendendus
1110 527 1260 557 homines
1277 529 1318 558 ab
1338 528 1474 560 incunte
1491 532 1596 561 adole-

871 571 998 600 scentia
1020 570 1183 601 dedissem.
1216 571 1274 602 Or.
1295 572 1340 602 iii.
1361 574 1411 603 16.
1443 573 1597 613 eloquen-

870 613 930 651 tia,
947 615 1120 652 varietate,
1144 615 1252 655 copia,
1275 625 1375 655 quam
1399 625 1433 646 se
1457 627 1598 657 eumque

869 658 904 687 in
928 664 1057 698 partem
1078 658 1226 695 dedisset,
1243 660 1393 690 omnium
1417 660 1481 691 fuit
1504 662 1599 691 facile

871 701 1036 742 princeps.
1062 702 1245 733 ‘tribum-e.
1270 702 1352 733 Suu.
1375 706 1422 734 14.
1444 713 1510 734 non
1527 715 1600 745 pos-

871 753 945 775 sum
969 749 1102 776 tamum
1121 746 1254 785 ingenio
1278 756 1352 777 meo
1368 747 1460 785 dare,
1478 754 1516 778 ut
1541 750 1599 778 (ke.

871 788 938 818 ‘in
973 786 1154 829 delega'tda
1190 792 1343 830 pecunia,
1378 798 1411 821 et
1445 791 1600 822 solvenda

873 841 940 862 non
978 842 1018 862 ex
1050 843 1126 863 area
1155 832 1212 863 sed
1243 844 1301 875 per
1331 835 1600 874 attributionem,

871 876 972 906 etiam
998 877 1079 907 dare
1103 877 1234 907 dicitur.
1273 877 1378 908 Plan-c.
1409 881 1459 909 15.
1497 888 1602 919 quau·

870 924 946 950 tum
963 921 1024 950 sibi
1041 920 1189 951 ablatum
1206 921 1287 952 dicit
1311 921 1408 953 homo
1425 922 1601 964 impuden-

870 964 1033 1002 tissimus,
1056 967 1188 995 tantum
1216 975 1387 1006 nunquam
1413 972 1464 996 est
1486 975 1601 1004 ausus,

871 1014 910 1038 ut
926 1007 1075 1046 haberet,
1091 1014 1218 1049 optare.
1265 1010 1314 1040 Ab
1336 1010 1375 1040 A.
1392 1010 1528 1040 Sextilio
1551 1010 1601 1041 di-

870 1052 918 1082 cit
940 1061 974 1082 se
997 1052 1117 1083 dedisse
1139 1056 1173 1082 et
1196 1062 1215 1082 a
1236 1053 1303 1083 suis
1327 1053 1496 1084 fratribus.
1541 1054 1600 1084 Po-

870 1096 939 1125 tuit
965 1095 1123 1126 Sextilius
1148 1096 1239 1127 dare.
1283 1097 1337 1127 Sic
1360 1097 1457 1128 Rosc.
1486 1098 1523 1127 A.
1546 1098 1600 1131 27.

873 1138 962 1169 unde
988 1144 1048 1170 aut
1073 1145 1237 1179 quantum
1264 1140 1388 1171 dedisti.
1425 1140 1600 1171 ‘fabulam

873 1183 956 1213 dare
976 1187 1027 1212 est
1048 1182 1180 1220 docere,
1197 1183 1236 1213 de
1261 1184 1451 1214 auctoribus
1474 1183 1601 1215 fabula—

872 1235 960 1257 rum.
990 1226 1085 1257 Brut.
1113 1230 1162 1258 18.
1193 1226 1303 1258 Livius
1327 1228 1436 1258 minor
1457 1227 1521 1258 fuit
1542 1227 1603 1258 ali-

874 1274 1000 1310 quanto
1028 1271 1068 1307 is,
1093 1271 1148 1310 qui
1176 1272 1302 1311 primus
1328 1271 1474 1301 fabulam
1501 1272 1600 1310 dedit,

873 1323 974 1353 quam
990 1315 1026 1352 ii,
1044 1315 1099 1353 qui
1118 1314 1241 1345 multas
1266 1315 1448 1346 docuerant
1466 1316 1525 1346 ἀς.
1556 1315 1599 1346 cf.

874 1357 1009 1388 Cluent.
1034 1360 1086 1388 31.
1116 1359 1135 1376 ί
1154 1358 1274 1389 dicere.
1312 1358 1413 1389 Acad.
1437 1359 1458 1389 i.
1484 1362 1514 1390 3.
1545 1358 1602 1390 sed

873 1402 917 1432 da
933 1401 1015 1432 mihi
1033 1411 1133 1433 nunc.
1180 1403 1232 1432 Sic
1250 1402 1340 1442 Virg.
1356 1403 1398 1433 da
1411 1402 1528 1443 Tityre
1544 1412 1602 1433 no-

873 1445 934 1476 bis.
965 1445 1124 1476 *docere.
1155 1446 1227 1477 Att.
1250 1446 1305 1476 xii.
1330 1449 1360 1477 5.
1388 1446 1478 1476 dahis
1500 1446 1603 1486 igitur

872 1489 1096 1526 tribunatum,
1127 1495 1174 1526 et,
1212 1490 1237 1519 si
1277 1490 1414 1530 poteris,
1449 1489 1602 1521 Tubulus

875 1543 940 1572 quo
962 1533 1100 1563 crimine
1125 1534 1184 1563 ἅς.
1214 1533 1323 1564 *Nan
1348 1533 1388 1564 D.
1407 1534 1452 1564 iii.
1469 1534 1522 1564 ⁶26.
1553 1535 1602 1564 ita

874 1578 932 1607 dut
948 1586 982 1607 se
1002 1586 1071 1607 res:
1098 1576 1128 1606 h.
1145 1587 1173 1606 e.
1199 1577 1246 1607 ita
1269 1576 1402 1614 accidit,
1421 1579 1467 1607 ita
1488 1587 1602 1617 proee-

874 1620 933 1651 dit.
965 1630 995 1650 v.
1011 1620 1112 1650 Gron.
1133 1621 1173 1650 ad
1197 1620 1267 1650 Liv.
1291 1621 1401 1650 xxviii.
1426 1623 1456 1652 5.
1488 1621 1602 1652 *dare

873 1674 907 1694 se
939 1665 1042 1694 etiam
1071 1664 1243 1704 eleganter
1280 1665 1450 1701 dicuntur,
1483 1665 1601 1703 quibus

873 1707 970 1738 facile
997 1707 1123 1747 aliquid
1153 1707 1402 1748 persuademus,
1427 1708 1514 1747 quod
1541 1718 1602 1739 suu

872 1758 990 1792 sponte
1015 1751 1047 1781 in
1072 1761 1126 1781 ens
1150 1757 1260 1792 partes
1286 1751 1460 1782 inclinant.
1490 1751 1547 1782 Or.
1565 1752 1600 1783 ii.

871 1798 924 1827 44.
941 1796 967 1825 si
980 1806 1014 1825 se
1030 1796 1110 1825 dant
1125 1795 1263 1834 judices,
1276 1800 1310 1824 et
1320 1805 1380 1825 sua
1396 1801 1526 1835 sponte,
1537 1799 1601 1835 quo

873 1838 1089 1880 impellimus,
1127 1838 1301 1869 inclinant.
1341 1839 1601 1869 *Constructio-

872 1883 924 1913 nis
947 1892 1047 1913 causa
1071 1882 1140 1913 haec
1163 1883 1282 1913 affero:
1309 1882 1378 1912 lnv.
1395 1883 1416 1912 i.
1438 1885 1485 1913 14.
1518 1886 1600 1922 prmss

871 1932 970 1967 cepta
994 1926 1075 1957 dare
1100 1926 1135 1956 in
1163 1927 1302 1957 ratione.
1347 1926 1428 1956 Cod.
1454 1925 1599 1956 Gronov.

872 1970 1033 2001 habebat:
1058 1971 1090 2000 in
1109 1970 1292 2008 rationem3
1316 1974 1350 1999 et
1365 1970 1412 2000 sic
1435 1974 1485 1998 est
1501 1979 1529 1999 c.
1552 1972 1600 2000 lo.

872 2014 951 2054 Agr.
968 2014 1000 2044 ii.
1018 2017 1049 2048 7.
1080 2019 1117 2044 ut
1141 2013 1186 2049 id,
1203 2013 1311 2053 quoad
1336 2013 1460 2048 liceret,
1476 2011 1518 2043 ad
1541 2023 1600 2054 po—

872 2058 941 2099 puli
960 2065 1068 2098 pai-tes
1085 2058 1195 2088 daret:
1220 2067 1277 2097 pro
1294 2056 1334 2086 ad
1348 2055 1460 2097 populi
1477 2056 1600 2087 benefi-

873 2102 962 2132 cium
999 2101 1206 2138 transferret,
1238 2105 1274 2130 ut
1312 2100 1377 2130 :ilio
1408 2099 1479 2129 loco
1508 2099 1600 2131 dicit.

871 2145 966 2177 Brut.
983 2148 1036 2176 8³3.
1064 2144 1105 2185 Ω.
1124 2143 1269 2174 Sca-vola
1290 2153 1325 2174 se
1343 2143 1469 2174 nemini
1487 2143 1527 2174 ad
1542 2143 1600 2174 do·

871 2190 1014 2219 centlum
1032 2189 1140 2218 dabat.

919 2232 1061 2270 Datum,
1080 2241 1215 2268 munuS,
1233 2231 1369 2261 donum.
1394 2229 1527 2260 cluent.
1545 2231 1598 2260 ⁶24.

871 2281 1003 2307 tautum
1021 2275 1128 2310 donis,
1140 2276 1237 2312 (lauis,
1251 2273 1510 2313 muneribusque
1527 2283 1601 2314 per·

872 2320 1018 2351 fecerat:
1051 2328 1126 2349 nam
1152 2320 1198 2347 sic
1221 2317 1496 2355 distinguendum
1519 2327 1597 2348 eum

872 2363 1014 2400 Graevio‚
1031 2372 1129 2403 quein
1147 2362 1218 2392 vide
1234 2361 1276 2392 ad
1293 2360 1323 2391 h.
1342 2360 1362 2391 l.
1388 2361 1520 2391 Datum
1541 2370 1599 2400 pro

873 2407 960 2438 dono
976 2412 1026 2436 est
1042 2406 1143 2436 etiam
1161 2405 1250 2446 apud
1267 2404 1375 2436 plaut.
1395 2404 1511 2434 Psi-ud.
1528 2404 1550 2434 i.
1568 2407 1599 2435 3.

874 2454 927 2486 71.
957 2450 1053 2482 Ovid.
1082 2449 1164 2480 Met.
1189 2449 1231 2479 vi.
1253 2450 1327 2480 463.
1356 2448 1514 2478 Ceterum
1539 2447 1600 2478 hu-

866 2494 1016 2534 jusmodi
1031 2494 1142 2530 verba,
1159 2502 1282 2523 munus
1297 2491 1422 2522 donum
1433 2492 1532 2530 jungi
1549 2501 1600 2521 so·

874 2538 954 2575 lere,
975 2546 1177 2577 quamquam
1201 2544 1384 2576 synonyma
1406 2535 1486 2572 siut,
1503 2535 1600 2565 docet

874 2581 1012 2611 Salmas.
1037 2580 1077 2610 ad
1101 2579 1268 2619 Lamprid.
1299 2580 1470 2615 Severum,
1494 2589 1522 2609 c.
1547 2578 1600 2610 26.

874 2632 899 2655 t.
919 2625 952 2655 ii.
969 2635 1001 2665 p.
1025 2626 1098 2657 9‘23.
1122 2624 1207 2654 conf.
1231 2623 1375 2654 Gronov.
1399 2622 1478 2653 obs.
1502 2622 1542 2652 iv.
1566 2632 1599 2662 p.

876 2670 950 2700 230.
980 2667 1119 2698 Tirones
1146 2667 1268 2697 adeant
1292 2666 1423 2698 Livium
1448 2666 1524 2696 xxii.
1554 2668 1600 2695 10.

877 2712 931 2742 ubi
948 2711 1073 2742 frustra
1084 2714 1237 2741 tentatur
1253 2710 1285 2740 id
1301 2719 1405 2749 genus
1423 2719 1442 2739 a
1455 2710 1529 2739 viris
1545 2708 1602 2738 ‹10-

875 2756 949 2786 ctis.
973 2755 1036 2786 Sed
1053 2754 1142 2795 apud
1158 2753 1301 2784 eundem
1328 2754 1434 2784 xxxvi.
1452 2755 1481 2783 -2.
1514 2752 1601 2782 dona

875 2799 955 2830 daea
979 2798 1140 2829 dicuntur
1162 2799 1221 2836 ita,
1239 2803 1276 2827 ut
1300 2798 1382 2828 data
1403 2797 1446 2827 sit
1471 2795 1602 2837 partici-

876 2845 981 2884 pium.

918 2885 1052 2920 Docere.
1075 2885 1223 2918 fabulam
1243 2885 1364 2922 docere,
1380 2882 1503 2914 dicitur
1522 2880 1603 2913 scri·
