1800 3131
168 165 247 206 194

165 268 197 300 9.
222 273 303 294 nam
319 266 354 294 et
369 261 457 294 oculi
473 261 572 293 nimis
587 264 714 302 arguti,
737 261 896 302 quemad-

168 308 306 340 modum
323 308 436 338 animo
451 306 561 337 affecti
585 307 688 337 simus
703 306 898 346 loquuntur.

169 351 224 383 Sic
241 351 325 382 dixit
341 355 376 381 et
401 350 498 381 Ovid.
522 350 561 381 A.
578 351 622 380 iii.
639 352 669 380 2.
686 353 737 382 33.
782 350 899 381 Tibul-

169 394 222 427 lus
237 395 354 426 eodem
381 404 480 426 sensu
500 394 585 425 dixit
606 393 719 424 oculos
746 393 899 432 loquaces

168 439 204 471 ii.
221 442 252 474 7.
266 439 324 469 ubi
341 448 371 469 V.
382 437 532 469 Broukh.
566 437 585 456 ἢ
599 438 767 467 elaborata
783 441 853 466 arte
866 442 900 466 ct

171 480 288 525 polita.
320 482 372 513 Sic
399 482 456 513 Or.
479 483 528 513 12.
553 482 699 512 ambitus
724 480 899 510 verborum

172 527 302 566 arguti,
330 530 410 557 sunt
438 525 593 556 concinni
620 533 714 564 paene
741 523 839 553 nimis
866 527 902 553 et

170 569 330 601 elaborati
348 581 358 608 ;
389 579 467 599 cum
484 579 514 598 v.
531 579 559 599 c.
576 568 669 608 paria
691 566 824 607 paribus
851 576 902 595 re-

172 613 351 654 spondent,
364 612 476 652 qualia
494 616 574 642 sunt
589 612 623 641 in
640 610 742 640 nobili
758 608 815 639 illa
829 608 902 651 p'vieu

168 657 205 688 in
234 657 410 688 Rosciana.
437 656 515 686 hinc
545 655 740 693 *arg-utum
767 652 902 690 dicitur,

171 700 261 740 quod
277 700 420 730 nimium
438 704 488 729 est
512 700 547 728 in
571 708 605 728 re
626 702 776 727 ceterum
803 696 902 733 bona,

171 745 337 784 ineptum.
368 743 409 773 ad
426 743 502 773 Div.
519 742 587 771 viii.
608 744 635 771 l.
658 744 784 780 arguta
806 740 903 770 sedu-

171 787 261 818 litas,
311 788 368 817 Or.
384 786 431 816 iii.
457 789 507 820 59.
530 788 656 824 arguta
682 793 815 821 manus,
830 793 904 823 quae

171 831 381 861 scenicorum
407 839 497 859 more
514 829 612 859 verba
632 828 777 867 adjuvat.
802 837 830 856 v.
847 837 903 857 ar-

170 875 285 914 g‘utz'ae.
316 878 351 903 et
374 872 460 903 Gell.
485 871 529 903 N.
553 873 592 903 A.
623 872 644 901 i.
669 874 698 903 5.
737 872 795 902 Or.
821 871 855 901 ii.
872 873 903 901 4.

173 918 383 956 argutissime
409 916 592 956 disputare,
612 916 633 946 i.
652 925 681 946 e.
700 914 904 945 Dialectico-

172 971 248 991 rum
262 970 366 998 more,
383 959 610 990 subtilissime.

215 1004 351 1034 Aridus.
380 1004 475 1034 Rose.
500 1004 539 1033 A.
566 1005 619 1037 27.
643 1002 750 1032 victus
777 1001 904 1038 aridas,

170 1052 223 1078 est
254 1048 470 1084 rusticorum,
507 1048 562 1086 qui
593 1056 667 1076 raro
706 1045 817 1076 cibum
849 1054 905 1074 su-

172 1096 286 1130 munt,
301 1095 377 1132 post
393 1101 493 1130 quem
510 1100 629 1120 manus
645 1089 793 1119 lavandae
809 1088 879 1118 sint
893 1099 903 1126 3

172 1135 261 1165 unde
303 1135 374 1175 ipsa
399 1135 469 1164 vita
495 1134 621 1164 rustica
652 1133 751 1164 arida
781 1132 905 1162 dicitur

169 1178 289 1218 Quint.
314 1182 365 1210 30.
397 1178 439 1208 cf.
478 1178 640 1208 Burman.
679 1177 720 1206 ad
761 1175 903 1216 Quintil.

173 1220 256 1253 lust.
273 1222 330 1253 Or.
347 1223 380 1252 ii.
404 1225 434 1253 3.
452 1232 483 1262 p.
509 1225 579 1253 134.
598 1222 652 1259 qui
671 1219 842 1259 vulgarem
859 1219 904 1249 ci-

171 1265 252 1296 bum
280 1266 533 1306 interpretatur.
579 1264 667 1296 *On
695 1264 728 1294 ii.
756 1266 809 1294 38.
836 1264 904 1293 ari-

169 1310 249 1339 dam
273 1319 379 1349 genus
404 1309 576 1346 orationis,
601 1313 652 1338 est
669 1306 904 1346 subtile„jeju-

170 1362 267 1391 num,
300 1353 370 1383 sine
409 1352 614 1383 ornamentis
652 1356 687 1381 et
724 1350 903 1387 suavitate,

170 1396 267 1435 quale
285 1402 334 1427 est
353 1397 616 1427 Dialecticorum
633 1399 667 1425 et
683 1393 902 1432 reliquorum,

170 1440 226 1479 qui
245 1441 325 1470 artis
342 1445 512 1480 praecepta
524 1439 675 1469 tradunt.
733 1437 786 1467 Sic
802 1438 903 1467 Sene-

170 1493 210 1513 ca
225 1493 313 1524 saepe
329 1484 477 1514 rhetores
494 1487 529 1513 et
540 1482 779 1514 declamatores
796 1481 903 1512 aridos

168 1532 278 1564 vocat,
296 1527 413 1557 eodem
430 1537 542 1557 sensu.
569 1537 599 1556 v.
626 1526 729 1556 Gron.
755 1524 797 1555 ad
825 1525 901 1554 Sen.

168 1569 286 1600 Contr.
302 1573 356 1602 34.

211 1614 317 1644 Aries.
341 1620 392 1644 est
408 1613 565 1643 maehina
585 1612 717 1649 bellica,
732 1622 798 1651 qua
813 1611 901 1642 muri

167 1658 409 1698 percutiuntur
420 1660 454 1687 et
464 1660 679 1697 rumpuntur.
703 1656 798 1686 Offic.
814 1656 835 1685 i.
853 1659 900 1686 11.

168 1701 320 1740 quamvis
348 1710 483 1731 murum
510 1702 594 1731 aries
627 1699 838 1739 percusserit.
870 1709 900 1728 v.

167 1744 258 1786 Lips.
276 1744 452 1775 Poliorcet.
473 1745 518 1775 iii.
540 1747 566 1774 l.
593 1743 672 1773 hinc
698 1742 902 1772 transfertur

168 1788 210 1818 ad
225 1796 438 1827 argumenta,
456 1792 491 1818 et
506 1792 629 1824 cetera,
648 1786 766 1825 quibus
782 1790 901 1816 contra

168 1831 314 1871 aliquem
344 1832 486 1862 utimur.
542 1830 653 1870 *Top.
684 1833 732 1864 17.
765 1839 805 1859 ex
836 1840 900 1868 quo

165 1877 251 1906 aries
268 1874 322 1905 ille
335 1875 512 1914 subjicitur
523 1874 557 1904 in
572 1874 689 1904 vestris
699 1873 898 1903 actionibus.

166 1919 333 1949 Gesnerus
348 1918 387 1949 V.
413 1918 482 1948 Cel.
500 1918 542 1949 ad
565 1918 706 1948 Varron.
733 1917 773 1947 R.
797 1916 836 1947 R.
866 1927 898 1956 p.

165 1964 240 1997 329.
265 1966 365 2002 putat
393 1961 532 1992 ductam
556 1961 789 2001 metaphoram
817 1970 834 1989 e
864 1970 898 1990 re

166 2006 307 2043 rustica,
335 2006 392 2035 ubi
413 2007 530 2036 arietes
546 2004 716 2045 capreolos
733 2003 896 2034 fulciunt:

165 2049 219 2079 cui
246 2050 350 2079 etiam
373 2049 512 2079 verbum
529 2048 726 2087 subjiciendi
742 2048 846 2085 favet,
861 2051 901 2077 ut

166 2093 206 2123 de
224 2103 264 2123 ea
279 2093 561 2133 interpretatione
578 2092 724 2122 dubitari
741 2101 808 2121 non
826 2100 900 2132 pos-

167 2137 221 2166 sit.

209 2180 435 2210 Aristoloelzia.
460 2179 535 2209 Div.
566 2178 587 2208 i.
617 2181 666 2208 10.
702 2182 753 2208 est
784 2177 898 2216 herba,

166 2233 241 2261 quae
258 2233 298 2252 ex
314 2233 353 2253 eo
375 2232 498 2253 nomen
515 2222 655 2259 invenit,
678 2221 766 2261 quod
785 2227 900 2261 partu-

166 2267 291 2297 rientes
308 2266 419 2304 juvet,
436 2270 477 2296 ut
496 2265 601 2296 tradit
625 2265 835 2296 Dioscorides
853 2266 899 2295 iii.

166 2313 197 2340 4.
216 2310 257 2339 cf.
271 2309 409 2340 Salmas.
426 2310 467 2339 ad
495 2309 596 2339 Solin.
613 2319 645 2348 p.
665 2311 738 2340 504.
774 2309 900 2339 Contra

166 2357 363 2393 serpentum
405 2363 534 2383 morsus
572 2352 693 2390 valere,
725 2357 761 2382 ut
795 2352 900 2382 tradit

168 2396 238 2426 Cic.
256 2396 278 2426 l.
300 2407 327 2426 c.
346 2395 400 2426 alii
418 2397 522 2426 etiam
539 2406 579 2425 ex
595 2396 761 2426 veteribus
778 2396 898 2426 docue-

150 2471 152 2473 ,
168 2444 260 2476 runt,
278 2450 357 2478 quos
375 2440 490 2470 laudat
506 2439 547 2469 ad
563 2439 594 2469 h.
612 2439 633 2469 l.
650 2439 783 2470 Davies.

209 2483 440 2514 Armamenta.
458 2484 492 2513 in
507 2483 637 2513 Arateis
651 2495 658 2513 :
691 2484 806 2513 onmia
821 2494 899 2514 eau-

165 2530 200 2556 te
220 2532 433 2557 armamenta
462 2527 575 2557 locans
595 2531 672 2556 tuto
699 2526 809 2557 labere
835 2528 897 2558 sub

166 2570 284 2601 undas.
311 2571 538 2601 instrumenta
560 2571 696 2600 navium
713 2575 748 2600 et
770 2570 845 2602 alia.
868 2582 898 2602 v.

167 2613 274 2643 Graev.
291 2614 332 2644 ad
350 2614 433 2644 Flor.
450 2615 492 2644 iv.
511 2617 541 2645 3.
558 2614 611 2647 76.
818 2625 823 2629 ·

209 2657 517 2688 Armanzenta·7·e'mn
534 2661 584 2687 est
609 2656 738 2695 navale,
755 2662 789 2687 et
805 2657 897 2689 locus

162 2700 220 2729 ubi
247 2706 469 2738 armamenta,
496 2711 590 2730 arma
610 2705 829 2740 reponuntur.
859 2703 898 2734 C.

164 2742 277 2774 Rabir.
295 2747 326 2777 7.
356 2754 395 2774 ex
411 2745 679 2774 armamentariis
696 2753 772 2784 pop.
789 2745 829 2775 R.
846 2756 898 2776 ar-

165 2795 222 2816 ma
232 2787 365 2817 dantur.
383 2788 440 2818 Or.
461 2789 482 2818 i.
503 2791 551 2818 14.
570 2787 662 2817 Philo
679 2787 896 2828 architectus,

164 2831 221 2868 qui
238 2830 497 2862 Atheniensibus
522 2833 826 2863 armamentarium
848 2832 896 2863 fe—

165 2874 223 2903 cit.
242 2874 302 2904 ἃς.

205 2917 414 2948 Armarium.
440 2922 491 2948 est
507 2917 682 2955 scrinium,
699 2917 842 2957 loculus,
861 2919 901 2950 in·

162 2969 227 3001 quo
242 2965 364 2999 vestes,
379 2972 467 3001 vasa,
483 2971 618 3000 aurum,
635 2961 723 3000 libri,
745 2963 896 3002 pecuniae

660 171 807 201 INDEX
837 170 970 200 LATIN
978 170 1133 201 ITATIS.

940 267 1162 303 reponuntur.
1184 260 1277 292 Verr.
1306 262 1348 293 ἰν.
1375 264 1426 294 12.
1457 262 1590 294 Cluent.
1615 264 1670 299 64.

942 306 1001 336 &c.

984 349 1173 380 Armatura
1198 349 1289 380 levis.
1313 349 1397 379 Phil.
1420 360 1452 380 x.
1480 350 1512 380 6.
1534 350 1593 381 διο.
1619 354 1672 381 est

941 393 1096 430 velitum,
1122 403 1265 432 quorum
1288 403 1381 423 arma
1408 397 1504 423 erant
1529 393 1672 432 gladius,

942 435 1046 466 hastae
1069 442 1102 466 et
1130 447 1263 476 parma:
1303 441 1491 467 ceterorum
1521 437 1670 467 militum

942 486 993 509 est
1017 480 1122 518 gravis
1139 485 1326 511 armatura.
1374 480 1463 520 Lips.
1484 479 1523 510 de
1549 490 1582 510 re
1599 480 1672 510 Mil.

942 523 991 553 iii.
1013 525 1039 553 1.
1063 524 1140 554 Div.
1158 524 1192 554 ii.
1213 527 1262 554 10.
1307 524 1370 554 Sed
1387 524 1457 554 haec
1480 524 1574 554 nobis
1600 523 1674 553 fue-

943 566 1000 603 rit,
1027 570 1201 606 tamquam
1229 567 1307 598 levis
1343 572 1539 603 armaturoe,
1563 568 1673 607 prima

943 609 1103 639 orationis
1119 612 1269 641 excursio
1286 623 1292 640 z
1319 621 1408 641 nunc
1425 611 1578 641 cominus
1594 620 1672 650 aga-

944 662 1019 683 mus
1036 653 1094 682 &m
1118 663 1182 692 quo
1206 653 1277 684 loco
1303 654 1382 685 levis
1404 660 1584 685 armatura
1611 664 1671 696 pro

944 697 1023 737 ipsis
1039 696 1193 727 velitibus
1209 699 1356 737 ponitur.

986 739 1148 778 Armilloe,
1189 746 1388 771 ornamenta
1422 741 1590 772 militaria.
1631 740 1672 771 de

943 784 1026 824 Rep.
1043 784 1084 814 iv,
1103 794 1155 824 ap.
1169 784 1328 814 Priscian.
1339 785 1500 822 Armitloe,
1514 795 1587 824 quae
1599 784 1674 815 bra·

945 827 1066 857 chialia
1081 833 1254 858 vocantur.
1269 838 1298 858 v.
1314 828 1421 858 Graev.
1439 828 1480 858 ad
1496 828 1581 859 Flor.
1597 829 1620 858 i.
1642 831 1670 859 1.

948 873 997 902 12.
1025 871 1080 901 ubi
1107 871 1218 909 docet,
1234 881 1289 901 eas
1314 872 1446 911 proprie
1471 871 1603 902 vii-iolas
1624 871 1674 902 di-

945 919 1030 951 ctas,
1045 918 1080 944 et
1096 915 1196 945 Gron.
1212 915 1252 946 ad
1269 914 1352 945 Gell.
1368 915 1401 945 ii.
1422 918 1471 945 11.
1538 912 1540 914 ’

987 959 1133 989 Arrirleo.
1151 959 1229 999 opt.
1255 969 1287 998 g.
1313 959 1344 989 d.
1367 961 1398 989 4.
1422 958 1507 988 Cum
1533 957 1676 989 adhibiti

945 1001 1170 1033 derideantur.
1216 1003 1303 1032 Nam
1321 1003 1347 1033 si
1365 1003 1594 1039 arrideantur,
1623 1011 1672 1032 es-

928 1049 997 1075 ·set
1014 1045 1046 1075 id
1062 1046 1172 1086 ipsum
1186 1046 1373 1077 Atticorum
1390 1058 1397 1075 :
1421 1046 1616 1086 probentur.

989 1089 1132 1128 Arripio.
1164 1090 1266 1126 disco,
1295 1090 1408 1130 probo.
1433 1090 1529 1120 Rosc.
1556 1089 1594 1119 C.
1623 1091 1674 1119 11.

946 1132 1033 1171 quod
1055 1133 1125 1172 ipse
1160 1132 1313 1163 celeriter
1349 1134 1505 1173 arripuit,
1532 1133 1566 1163 id
1594 1142 1673 1163 eum

944 1176 1038 1206 tarde
1054 1176 1180 1216 percipi
1196 1177 1297 1207 videt.
1314 1177 1404 1207 Mur.
1419 1179 1471 1207 30.
1484 1176 1554 1206 haec
1574 1176 1675 1216 (Stoi-

945 1228 1060 1249 corum
1086 1219 1223 1260 placita)
1243 1220 1327 1250 Cato
1353 1221 1510 1260 arripuit.
1531 1220 1612 1250 Nat.
1629 1220 1673 1250 D.

945 1263 967 1293 i.
984 1265 1036 1298 27.
1060 1265 1208 1303 arripere
1219 1274 1290 1294 rem
1307 1263 1399 1294 nullo
1414 1263 1512 1294 modo
1523 1263 1677 1304 probabi-

944 1306 1023 1337 lem.
1048 1307 1131 1337 Cato
1150 1310 1200 1338 18.
1224 1317 1291 1337 nou
1308 1308 1395 1343 cani,
1420 1317 1487 1337 non
1511 1316 1604 1346 rugae
1623 1317 1679 1337 re-

945 1355 1046 1390 pente
1079 1351 1316 1381 auctoritatem
1353 1351 1501 1390 arripere
1521 1355 1674 1390 possunt.

944 1394 1020 1425 Div.
1044 1395 1088 1424 xi.
1109 1398 1156 1425 10.
1183 1397 1329 1435 arripere
1355 1404 1454 1424 omne
1480 1403 1585 1433 genus
1611 1395 1674 1425 &c.

945 1437 984 1467 de
1037 1438 1195 1477 cogendis
1247 1438 1424 1468 militibus.
1467 1437 1486 1456 ³*
1506 1447 1675 1469 accusare.

946 1481 1057 1511 Plane.
1074 1484 1126 1513 23.

987 1525 1203 1564 Arroganter.
1225 1524 1266 1554 ad
1282 1525 1357 1555 Div.
1374 1525 1419 1555 xi.
1438 1528 1488 1556 13.
1513 1534 1676 1563 arrogan-

944 1573 994 1598 ter
1008 1569 1188 1599 sustinent.
1204 1569 1268 1598 int.
1283 1568 1425 1599 bostem.
1440 1570 1463 1600 i.
1479 1579 1509 1600 e.
1525 1570 1676 1599 animose

943 1617 978 1642 et
994 1622 1071 1642 eum
1090 1617 1265 1643 contemtu
1279 1612 1396 1642 hostis.

985 1656 1061 1686 Ars.
1086 1657 1143 1686 Or.
1167 1657 1201 1686 ii.
1221 1659 1270 1686 ll.
1287 1656 1328 1685 ad
1357 1659 1467 1686 artem
1496 1665 1671 1686 revocare:

943 1699 1030 1738 quod
1062 1700 1225 1738 quomodo
1255 1700 1327 1736 fiat,
1363 1699 1486 1730 ibidem
1525 1699 1676 1730 docetur.

942 1743 1069 1773 *Artes
1096 1753 1182 1783 saepe
1213 1743 1247 1773 in
1271 1743 1362 1773 libris
1390 1743 1563 1774 rhetorum
1593 1746 1675 1773 sunt

942 1786 1016 1816 libri
1032 1787 1071 1816 de
1087 1792 1158 1817 arte
1182 1786 1324 1817 dicendi.
1380 1787 1434 1817 Sic
1450 1787 1490 1817 de
1514 1786 1586 1817 Inv.
1604 1786 1625 1817 i.
1642 1787 1675 1818 6.

943 1834 1032 1861 artes
1057 1831 1216 1870 antiquae,
1233 1834 1267 1860 et
1280 1830 1370 1860 alibi.

984 1874 1165 1904 Articulus.
1190 1875 1285 1904 Cato.
1306 1877 1354 1905 15.
1370 1874 1504 1904 articuli
1525 1883 1675 1904 sarmen-

943 1924 1068 1955 torum,
1085 1923 1176 1955 sunt,
1194 1917 1250 1956 qui
1264 1922 1299 1947 et
1314 1917 1390 1947 nodi
1399 1921 1575 1954 vocantur,
1590 1917 1673 1947 item

943 1961 1111 2001 genicula,
1128 1971 1236 2000 neque
1247 1961 1345 1991 modo
1360 1962 1395 1991 in
1408 1962 1599 1998 sarmentis,
1615 1960 1674 1991 sed

943 2005 1045 2035 etiam
1062 2006 1096 2035 in
1114 2004 1252 2044 flagellis
1269 2005 1424 2035 arborum
1439 2009 1475 2034 et
1495 2003 1626 2034 culmis.
1642 2014 1674 2035 v.

943 2048 1049 2078 Graev.
1066 2049 1106 2078 ad
1122 2049 1156 2079 h.
1179 2048 1200 2078 l.
1235 2048 1379 2088 *Quint
1397 2051 1427 2079 5.
1444 2048 1479 2078 in
1495 2048 1567 2088 ipso
1590 2049 1674 2078 arti-

943 2094 1015 2122 culo
1040 2092 1212 2132 temporis.
1247 2092 1415 2122 *articuli
1443 2091 1614 2122 orationis.
1644 2100 1675 2122 v.

943 2136 999 2166 Or.
1017 2136 1050 2165 ii.
1071 2139 1122 2167 88.
1140 2136 1180 2166 ad
1197 2135 1345 2166 Herenn.
1362 2136 1404 2166 iv.
1425 2138 1474 2170 19.

986 2179 1137 2219 Artifices
1164 2180 1301 2216 scenici,
1317 2178 1417 2210 Areh.
1434 2182 1465 2210 5.
1487 2178 1527 2209 de
1553 2188 1678 2208 eomoe-

942 2222 990 2252 dis
1009 2227 1042 2252 et
1058 2223 1228 2262 tragoedis.
1252 2223 1397 2262 Egregia
1415 2222 1600 2252 observatio
1623 2226 1676 2252 est

942 2266 1073 2297 Dukeri
1090 2267 1132 2297 ad
1148 2266 1219 2297 Liv.
1236 2266 1345 2296 xxxix.
1362 2268 1414 2297 22.
1430 2265 1573 2306 artifices
1594 2265 1675 2296 sim-

941 2309 1075 2349 pliciter
1088 2311 1153 2340 dici
1165 2310 1205 2340 de
1217 2310 1433 2341 histrionibus
1446 2322 1452 2339 :
1466 2310 1522 2340 ubi
1531 2309 1595 2339 vid.
1611 2309 1677 2340 Sed

942 2353 1044 2384 etiam
1068 2354 1107 2384 de
1131 2354 1256 2393 aurigis
1280 2358 1332 2383 est
1357 2363 1410 2393 ap.
1434 2353 1519 2383 Plin.
1542 2353 1597 2383 vii.
1622 2355 1675 2384 53.

941 2401 1026 2427 extr.
1051 2402 1085 2427 et
1111 2397 1308 2437 gladiatores
1332 2397 1470 2437 τιχνῖιηιι
1493 2397 1527 2426 in
1551 2396 1675 2426 Clu-on.

941 2439 1119 2471 Alexandr.
1143 2451 1176 2481 p.
1192 2442 1266 2472 660.
1281 2440 1334 2470 ed.
1352 2440 1456 2470 Merc.
1483 2450 1513 2470 v.
1531 2439 1676 2470 wessel-

941 2485 1009 2523 ing.
1025 2485 1064 2515 V.
1082 2485 1119 2515 C.
1132 2485 1173 2515 ad
1187 2483 1324 2515 Diodor.
1341 2484 1384 2513 iv.
1396 2494 1429 2524 p.
1447 2485 1521 2515 214.

982 2529 1218 2567 Artozaganus,
1236 2537 1340 2568 genus
1356 2526 1520 2568 placentae
1540 2525 1677 2558 vilioris.

941 2571 982 2601 ad
998 2573 1074 2602 Div.
1091 2573 1134 2602 ix.
1152 2573 1205 2603 20.

982 2616 1066 2646 Arr.
1090 2615 1243 2656 princeps
1270 2623 1434 2644 summus.
1457 2612 1541 2644 Phil.
1556 2613 1626 2644 viii.
1643 2616 1675 2644 8.

940 2664 1177 2690 ornamentum
1193 2665 1227 2689 et
1243 2668 1308 2688 arx
1323 2659 1521 2687 amicorum.

982 2703 1038 2733 As.
1054 2703 1184 2743 proprie
1210 2711 1323 2732 aeneus
1350 2710 1472 2731 numus
1496 2700 1594 2730 Rom.
1617 2700 1675 2739 qui

939 2747 1106 2786 pendebat
1136 2746 1255 2776 libram
1280 2744 1404 2785 pondo,
1431 2748 1466 2774 et
1496 2748 1569 2774 erat
1601 2743 1678 2784 ipsa

939 2791 1013 2820 aeris
1029 2789 1122 2820 libra.
1169 2789 1249 2829 Ejus
1262 2792 1374 2828 partes
1399 2787 1450 2818 hae
1478 2792 1578 2818 sunt:
1608 2796 1674 2817 un-

939 2833 1003 2871 cia,
1034 2837 1182 2871 sextans,
1213 2832 1393 2871 quadrans,
1422 2831 1544 2869 triens,
1573 2830 1672 2870 quin-

939 2887 1040 2914 cunx,
1057 2877 1170 2914 semis,
1194 2879 1353 2917 septunx,
1369 2875 1485 2912 bessis,
1512 2874 1672 2911 dodrans,

939 2920 1093 2958 dextans,
1122 2920 1244 2951 deunx.
1279 2918 1398 2959 ltaque
1424 2929 1461 2949 as
1485 2918 1587 2949 habet
1621 2919 1674 2948 12.

936 2964 1068 3004 uncias,
1091 2964 1122 2997 6.
1146 2967 1332 3001 sextantes,
1354 2964 1386 2993 4.
1402 2961 1618 3002 quadrantes,
1640 2963 1674 2991 3.
