1804 3178
615 140 758 170 mnssx
792 142 923 170 Laris
930 142 1083 172 waris-

102 227 251 258 obvium.
274 226 368 259 Verr.
382 228 404 259 i.
416 230 447 259 9.
469 233 576 259 cetera
594 229 741 260 audacia.
758 231 827 261 Att.

105 271 191 302 via.
207 271 279 310 jam
291 277 397 302 cetera
407 272 607 310 jurisdictio.
626 274 725 304 Petit.
737 284 828 304 conS.

105 317 137 347 5.
160 315 195 345 in
211 320 316 345 celera
333 316 402 345 vita
417 316 476 345 διο.

153 358 424 399 chirographum.
446 362 470 388 1.
490 366 541 389 est
558 358 602 395 id,
619 360 705 399 qnod
722 360 829 390 Gra-ci

105 401 207 443 χιῖςι,
247 401 357 432 Latini
399 412 550 439 manum,
587 403 655 443 (vid
692 403 830 434 Salam.

107 444 198 475 Mod.
228 445 328 476 Usur.
358 455 390 485 p.
420 449 508 483 391.)
539 456 597 476 nos
624 448 714 477 eines
740 458 830 477 smne

105 487 219 524 Hand,
256 487 472 528 appellamus.
520 489 601 520 Phil.
634 491 666 520 ii.
698 494 728 521 4.
767 501 832 530 quo

106 540 160 561 me
182 536 269 562 teste
291 532 491 562 convinces?
524 543 566 563 an
589 536 801 574 chirographo
815 535 832 563 .›'

105 579 141 604 at
165 573 270 605 litem
295 582 375 605 sunt
401 575 524 606 librarii
552 587 664 607 manu.
699 578 768 608 Att.
799 578 833 608 ii.

105 619 159 649 20.
189 626 256 647 non
279 624 357 648 utar
378 628 452 649 meo
476 621 702 660 chirographo,
726 631 832 660 neque

104 660 212 700 signu.
243 661 324 692 Nat.
350 662 393 692 D.
419 663 465 693 iii.
491 667 542 693 30.
575 666 831 704 chirographum

104 712 162 734 sex
186 704 368 744 primorum
395 707 545 736 imitatus
568 714 618 737 est
643 711 702 738 dac.
729 710 760 738 2.
783 709 831 747 ip-

105 756 181 778 sum
198 747 244 785 id,
257 748 345 787 quod
361 759 462 780 manu
475 752 636 790 scriptum
653 758 716 787 cst,
729 751 832 781 literae

106 799 209 821 manu
233 798 347 822 nostra
375 794 518 833 scriptae.
557 794 598 824 ad
625 795 700 825 Div.
726 806 755 824 x.
781 797 833 824 ⁶21.

106 834 232 865 credidi
247 836 470 877 chiram-tiphis
483 838 553 875 ejus
569 845 603 867 et
621 839 832 868 affirmationi

106 879 281 918 presentis
306 879 505 911 Laterensis.
529 880 607 910 ibid.
632 882 686 911 xii.
715 885 740 912 1.
764 882 833 919 ejus

105 922 209 952 etiam
230 923 449 962 chirographa
472 923 691 955 defendimus.
718 926 777 956 ἃς.
804 929 834 955 3.

107 974 213 1004 genus
240 967 417 1003 cautionis,
441 974 475 997 et
501 967 535 997 id
561 968 693 1006 quidem
717 969 834 998 distin·

107 1015 203 1038 ctum
229 1018 249 1039 a
269 1010 468 1049 syngrapha.
494 1010 535 1040 de
561 1012 749 1052 syngrapha
774 1022 834 1042 suo

107 1050 193 1082 loco.
230 1052 490 1092 our-agrophum
520 1061 569 1084 est
597 1056 708 1085 cautio
735 1057 833 1086 unius

108 1093 267 1126 debitoris
307 1106 408 1127 manu
441 1098 576 1137 scripta,
608 1098 720 1137 quales
754 1105 834 1129 sunt

106 1136 207 1168 hodie
243 1139 462 1179 obligationes
501 1149 621 1171 nostrae
659 1149 693 1172 et
729 1142 834 1172 literae

107 1182 299 1214 cambiales.
329 1183 369 1213 de
405 1194 470 1223 quo
506 1194 626 1224 genere
655 1185 834 1216 Salmasius

109 1223 133 1255 l.
162 1236 194 1256 c.
223 1226 283 1256 sed
318 1226 381 1257 hoc
416 1237 516 1258 sensu
554 1238 606 1269 ap.
638 1229 833 1260 Ciceronem

109 1278 177 1300 non
203 1271 321 1310 reperi.

157 1312 346 1352 OEirurgia.
376 1314 448 1345 Att.
478 1315 519 1344 iv.
551 1318 576 1345 1.
601 1315 702 1346 diaeta
727 1317 835 1346 curari

108 1356 252 1396 incipio:
276 1358 455 1396 chirurg-ioe
476 1358 590 1389 taedet.
614 1359 646 1389 h.
669 1370 698 1390 e.
723 1361 836 1398 armis,

110 1399 155 1438 vi,
172 1399 327 1430 nolumus
343 1402 406 1432 uti.

159 1443 403 1483 chlamydatus.
441 1445 552 1475 Rabir.
584 1445 696 1477 Posth.
723 1450 772 1477 10.
796 1446 835 1477 L.

109 1485 400 1527 Sullaaimperator
413 1489 652 1528 chlamydatus.

159 1529 320 1569 chlamys.
350 1537 402 1562 est
439 1533 538 1562 vestis
573 1533 740 1570 militaris,
771 1542 838 1563 non

108 1574 262 1604 omnium
293 1573 453 1611 militum,
480 1575 539 1606 sed
564 1575 777 1616 Imperatoris
804 1583 839 1606 et

110 1616 375 1655 honoratiomm,
413 1618 560 1658 adeoque
596 1620 725 1656 eadem,
764 1629 838 1658 quae

109 1659 268 1691 Romanis
305 1661 596 1702 paludamentum,
626 1669 664 1694 ut
698 1663 839 1694 docuere

110 1703 283 1735 Rubenius
313 1705 354 1735 de
381 1706 449 1736 lato
479 1706 571 1736 clavo
598 1717 629 1747 p.
661 1709 714 1741 29.
747 1717 838 1746 seqq.

110 1757 143 1788 p.
178 1750 249 1779 114.
281 1749 341 1779 &e.
380 1749 504 1780 Ferrar.
536 1750 575 1780 de
607 1760 641 1781 re
675 1750 840 1780 Vestiaria

111 1801 144 1832 p.
174 1792 209 1822 ii.
241 1791 263 1822 1.
296 1792 341 1823 iii.
380 1792 530 1832 pluribus
567 1803 662 1834 capp.
699 1794 757 1823 sed
788 1800 839 1825 est

110 1841 227 1866 tamen
252 1837 385 1877 proprie
411 1837 512 1866 vestis
539 1836 667 1874 Gra-ca,
692 1837 838 1877 impera-

109 1879 240 1910 toribus
264 1880 418 1921 propria3
450 1880 540 1910 unde
565 1880 673 1911 Graeci
700 1881 840 1920 scripto-

111 1932 176 1960 res,
208 1931 286 1953 cum
324 1923 365 1953 de
403 1922 643 1963 paludamento
673 1924 840 1954 Romano-

111 1976 188 1996 rum
219 1965 382 2003 dicerent,
405 1966 467 1996 hac
499 1977 576 1997 voce
607 1968 657 1997 usi
685 1974 778 2006 sunt,
804 1973 840 1998 et

111 2006 239 2049 postea,
263 2019 339 2040 cum
365 2009 482 2040 Gra‘ca
507 2010 622 2049 lingua
643 2011 759 2041 Romae
784 2021 841 2041 no·

109 2053 243 2084 tissima
275 2059 375 2089 esset,
409 2053 470 2083 hoc
504 2053 702 2084 vocabulum
736 2055 837 2085 etiam

111 2097 147 2127 in
178 2096 318 2127 latinam
350 2096 499 2135 linguam
528 2097 735 2128 traductum.
773 2098 839 2128 lta-

112 2150 176 2180 que
213 2150 290 2171 cum
329 2139 369 2170 de
407 2140 564 2170 Romanis
602 2141 698 2171 rebus
732 2151 842 2172 sei-mo

112 2190 178 2221 est,
206 2189 240 2214 et
270 2184 451 2222 chlamydis
482 2184 610 2214 mentio
639 2184 691 2222 fit,
720 2191 772 2215 est
802 2195 842 2215 ea

110 2237 175 2257 vox
205 2228 265 2265 ita,
295 2228 347 2257 uti
376 2236 477 2267 supra
505 2227 648 2257 diximus
678 2229 844 2267 accipien-

113 2270 177 2301 da:
213 2278 376 2307 ceterum,
404 2270 537 2309 quando
568 2270 608 2300 de
639 2271 762 2301 Graecis
793 2281 843 2301 re-

114 2314 187 2352 bus,
210 2323 276 2344 non
299 2320 425 2343 vestem
453 2314 633 2344 Romanam
655 2314 839 2353 significat:

112 2358 171 2388 sed
193 2357 343 2388 Graecam
367 2367 387 2387 a
414 2357 563 2388 Romana
589 2358 724 2387 militari
751 2357 843 2388 diffe-

115 2407 256 2432 rentem.
297 2402 339 2431 Et
365 2401 412 2431 sie
443 2407 507 2438 est,
537 2400 693 2439 quiequid
725 2406 844 2431 contra

115 2445 266 2484 disputet
290 2445 457 2475 Ferrarius
483 2444 502 2474 l.
528 2454 556 2473 c.
580 2454 609 2474 c.
632 2446 664 2474 4.
686 2453 743 2484 pro
760 2444 841 2474 Rab.

114 2487 228 2519 Posth.
263 2491 310 2519 10.
343 2488 476 2518 Rabirio
505 2487 661 2525 objicitur
686 2497 764 2517 usus
789 2498 843 2516 ve-

116 2532 176 2562 stis
201 2540 333 2571 graecae,
349 2541 416 2570 qua
442 2531 561 2570 privati
584 2540 629 2561 sc.
653 2536 843 2567 uterentur,

116 2575 149 2605 h.
164 2585 194 2605 e.
219 2574 322 2614 pallii.
364 2574 524 2605 Defendit
547 2584 623 2604 eum
649 2573 765 2604 Cicero
787 2585 844 2604 ex-

115 2618 236 2659 emplis
262 2617 362 2648 Suuae
389 2624 423 2648 et
446 2618 484 2648 L.
508 2617 670 2657 Scipionis
693 2617 843 2654 Asiatici,

116 2671 258 2701 quorum
281 2667 424 2701 uterque
451 2666 540 2690 veste
564 2670 672 2700 graeca
688 2670 766 2690 usus
789 2661 845 2697 sit,

117 2705 204 2736 alter
239 2705 344 2735 etiam
381 2704 500 2735 calceis
539 2704 675 2743 graecis:
718 2703 844 2733 Sullam

115 2748 375 2787 chlamydatum,
398 2748 487 2778 hunc
510 2754 624 2777 autem
650 2756 715 2776 non
739 2746 845 2776 solum

116 2801 195 2822 cum
220 2792 404 2832 chlamyde,
423 2791 512 2831 quod
527 2791 599 2830 jam
624 2791 732 2829 ipsum
757 2789 847 2820 Grae-

119 2845 196 2866 cum
219 2839 319 2871 esset,
339 2834 398 2866 sed
420 2844 497 2867 cnm
521 2834 662 2874 crepidis
685 2833 787 2863 etiam
812 2833 845 2862 111

119 2877 286 2918 Capitolio
314 2878 425 2908 videre
456 2877 576 2908 licere:
615 2876 703 2916 quod
737 2881 848 2906 essent

120 2922 182 2953 hoc
208 2921 364 2962 vestium,
387 2926 468 2953 utut
490 2930 689 2961 graecarum,
713 2929 847 2960 genere,

1512 137 1593 183 217

873 230 1049 270 aliqumido
1074 227 1273 272 usisneqne,
1288 244 1365 265 rum
1390 236 1439 265 usi
1467 245 1589 274 essent,

873 283 1041 303 sermones
1068 275 1254 306 hominibus
1281 277 1418 307 dedisse.
1452 277 1513 308 Hic
1542 288 1590 310 est

875 326 989 346 sensns
1018 317 1104 347 illius
1131 317 1213 348 loci.·
1236 319 1326 350 suna
1350 327 1383 349 et
1409 322 1516 360 svipio
1543 325 1591 352 1111

874 367 952 389 sunt
986 361 1154 399 chlamyde
1186 368 1220 391 et
1259 363 1291 392 111
1328 370 1438 392 statua
1473 365 1590 395 liabent

875 404 1055 442 chlamydis
1083 405 1239 443 speciem,
1272 415 1336 435 non
1368 406 1537 442 Ronuune,
1563 408 1593 437 11.

875 457 904 476 e.
922 446 1162 487 paludamenti,
1180 447 1240 477 hoc
1258 449 1338 478 1111111
1354 449 1394 478 1111
1417 459 1502 479 rem:
1530 460 1592 480 non

877 500 967 520 enim
997 490 1095 520 vestis
1122 490 1278 521 Romanae
1310 501 1400 528 usus,
1427 494 1486 522 etsi
1519 493 1591 522 alie·

877 543 939 562 nus
979 544 997 563 a
1042 534 1296 569 consuetudine,
1334 535 1596 574 reprelienditur,

877 576 934 606 sed
962 577 1157 617 peregrine,
1184 587 1319 616 graecae:
1346 585 1443 616 atque
1471 578 1531 608 hoe
1556 580 1595 609 ad

877 620 1122 650 defendendum
1153 621 1324 651 Rabirium
1355 621 1454 657 valet,
1481 623 1534 660 qni
1563 632 1596 651 a-

878 663 944 703 pud
971 664 1115 701 Graecos,
1143 674 1208 694 non
1241 665 1366 701 Romae,
1394 665 1597 695 necessitatis

878 717 989 743 causa,
1012 717 1089 737 usus
1111 714 1162 738 est
1186 714 1276 737 veste
1299 717 1417 747 groeca.
1452 708 1511 738 Hae
1538 709 1597 738 du-

877 750 1053 780 bitationes
1089 756 1123 780 et
1161 751 1371 781 difficultates
1402 751 1477 781 inde
1512 757 1596 782 naue

877 799 969 829 sunt,
1003 794 1091 832 quod
1120 795 1180 824 sibi
1210 795 1392 824 substituta
1421 803 1598 825 consuetu-

878 837 953 866 dine
984 844 1061 867 snnt
1092 838 1202 874 verba,
1229 848 1278 867 res
1308 838 1444 874 similes,
1472 839 1598 868 ratione

877 890 969 916 usus,
997 890 1063 910 non
1088 881 1219 911 easdem
1246 882 1493 920 significantcs3
1521 891 1597 911 cum

877 922 968 963 plebs
993 934 1059 954 non
1083 924 1261 964 intelligat,
1277 925 1374 954 verba
1397 924 1599 963 linguarum,

877 967 911 996 in
930 967 990 996 hoc
1007 969 1189 1007 presertim
1208 978 1340 1007 genere,
1356 968 1415 997 sibi
1434 978 1499 997 non
1517 969 1597 998 satis

878 1010 1085 1049 respondere.
1109 1011 1150 1041 ad
1173 1012 1319 1042 Hereum.
1343 1012 1385 1040 iv.
1408 1015 1460 1044 47.
1485 1011 1599 1041 Citha-

879 1053 967 1083 roedo
989 1055 1148 1084 tribuitur
1173 1056 1318 1094 chlamys
1343 1064 1520 1094 purpurea,
1545 1064 1598 1084 co·

878 1096 1001 1127 loribus
1031 1099 1127 1128 variis
1156 1098 1298 1135 intexta,
1323 1105 1357 1128 et
1389 1097 1476 1138 palla
1505 1098 1600 1127 inau-

880 1147 963 1170 rata.

928 1184 1135 1223 choragium,
1161 1191 1211 1215 est
1235 1189 1410 1224 apparatus
1436 1185 1599 1221 scenicus,

879 1233 980 1266 atque
1003 1228 1084 1258 adeo
1106 1228 1263 1267 quicquid
1285 1233 1415 1257 sumtus
1438 1228 1476 1258 fit
1500 1228 1532 1257 in
1550 1227 1600 1258 111-

879 1269 928 1300 1115
949 1271 1101 1307 scenicis,
1125 1271 1212 1311 quod
1239 1271 1293 1310 qui
1317 1271 1443 1300 faciunt
1467 1272 1600 1309 elwrugi

880 1313 1049 1344 dicuntur.
1072 1315 1136 1344 wid.
1154 1324 1211 1345 11115
1232 1315 1272 1344 ad
1294 1313 1446 1354 Xenoph.
1462 1314 1601 1345 Memor.

880 1357 925 1387 iii.
949 1360 979 1388 4.
1005 1358 1145 1388 Casaub.
1168 1358 1209 1388 ad
1232 1358 1369 1388 Sueton.
1388 1358 1474 1397 Aug.
1498 1368 1527 1388 c.
1549 1361 1601 1391 70.

880 1406 920 1430 ut
949 1401 1028 1431 alios
1060 1402 1245 1432 mittamus.
1276 1401 1353 1431 hinc
1384 1401 1425 1431 ad
1455 1401 1603 1431 Herenn.

880 1444 923 1474 iv.
946 1448 998 1475 48.
1036 1444 1226 1485 eleganter:
1251 1451 1310 1475 aut
1333 1443 1463 1483 aliquod
1486 1443 1602 1483 fragile

880 1487 970 1518 falsae
986 1489 1175 1527 clun-agium
1194 1488 1306 1528 gloriae
1329 1493 1553 1527 comparetur,
1569 1487 1602 1517 h.

880 1540 909 1560 e.
937 1532 1200 1562 instrumentum
1222 1531 1312 1561 falsae
1338 1531 1464 1570 gloriae,
1491 1531 1603 1561 omnia

881 1584 932 1612 ea,
950 1573 1068 1613 quibus
1084 1575 1167 1605 falsa
1183 1575 1287 1614 gloria
1302 1581 1523 1613 comparatur.

929 1618 1078 1656 Clwreus,
1093 1619 1269 1649 trochaeus.
1293 1618 1350 1648 Or.
1367 1619 1418 1649 63.

929 1661 1070 1700 Cibaria,
1096 1663 1214 1701 quibus
1245 1661 1375 1692 alimur.
1405 1662 1500 1692 Ruso.
1530 1660 1604 1691 Am.

882 1707 934 1736 20.
974 1704 1102 1736 Cibaria
1135 1707 1209 1747 (int.
1239 1706 1407 1741 anserum)
1441 1704 1602 1734 locantur.

882 1749 1038 1780 ‘cibaria
1074 1749 1232 1779 dicuntur
1264 1748 1486 1784 frumentum,
1518 1747 1604 1786 quod

884 1793 1133 1831 magistratibus
1152 1791 1405 1832 provincialibus
1424 1801 1603 1829 eorumque

883 1835 1015 1874 legatis,
1030 1836 1248 1875 quaestoribus
1273 1836 1332 1865 sac.
1356 1845 1375 1864 a
1397 1833 1604 1874 provinciali-

883 1879 944 1909 bus
974 1879 1126 1916 dabatur,
1151 1879 1239 1918 quod
1268 1882 1303 1908 et
1333 1878 1536 1908 frumentum
1571 1877 1603 1907 in

885 1922 1003 1952 cellam
1041 1923 1174 1953 dicitur.
1213 1933 1242 1951 v.
1269 1920 1370 1952 Cella.
1403 1921 1530 1950 verriu.
1559 1920 1605 1950 iii.

883 1969 936 2000 93.
967 1967 1120 1996 uberiora
1148 1966 1237 1996 facta
1266 1972 1345 1995 ,sunt
1375 1965 1497 1994 cilmrfa
1523 1964 1606 1993 cari-

882 2015 964 2039 tate.
999 2009 1069 2039 Att.
1093 2010 1134 2039 vi.
1161 2012 1191 2040 3.
1228 2008 1357 2038 Cibaria
1382 2006 1539 2047 praefecti.
1562 2006 1604 2036 cf.

885 2052 924 2082 ad
958 2053 1032 2083 Div.
1063 2062 1094 2082 v.
1125 2054 1178 2083 20.
1217 2051 1321 2082 Graeci
1351 2052 1474 2081 cibaria
1504 2051 1606 2080 inter·

885 2102 1061 2136 pretantur
1098 2095 1282 2137 σιτομίτςιοι,
1313 2093 1506 2124 demensum
1542 2092 1572 2123 Τ
1573 2104 1606 2122 e-

887 2140 995 2169 rentio
1010 2139 1144 2176 dicitur,
1162 2138 1226 2168 vid.
1245 2137 1381 2168 Salmas.
1400 2136 1488 2167 Mod.
1506 2135 1605 2167 Usur.

885 2193 914 2213 c.
930 2185 960 2213 4.
979 2193 1010 2222 p.
1032 2183 1101 2213 163.

934 2226 1080 2256 Cibarius
1103 2226 1206 2266 panis.
1228 2224 1326 2254 Tusc.
1353 2234 1382 2254 v.
1405 2226 1457 2254 34.
1483 2228 1533 2253 est
1549 2233 1605 2263 pa-

887 2269 936 2299 nis
968 2270 1092 2308 nigrior
1120 2277 1154 2298 et
1183 2267 1289 2305 vilior,
1320 2269 1376 2306 qui
1406 2267 1506 2296 servis
1538 2266 1608 2297 dari

885 2312 1024 2349 solebat,
1057 2318 1094 2342 ut
1125 2322 1164 2341 ex
1198 2311 1321 2341 Isidoro
1349 2311 1464 2348 Origz.
1495 2320 1546 2339 xx.
1576 2311 1608 2339 2.

885 2361 992 2396 patet,
1009 2366 1107 2394 quem
1131 2362 1164 2385 et
1187 2354 1333 2384 laudavit
1355 2354 1519 2384 Davisius.
1541 2351 1610 2383 No-

888 2400 962 2429 nius
988 2405 1101 2429 autem
1132 2408 1161 2428 c.
1191 2401 1237 2428 11.
1263 2398 1364 2427 etiam
1391 2398 1457 2427 suis
1479 2403 1608 2435 tempo-

887 2443 976 2473 ribus
1003 2443 1161 2472 σῶαι-111111
1189 2448 1308 2470 neutro
1334 2450 1454 2479 genere
1481 2439 1520 2469 de
1549 2439 1609 2469 hoe

889 2496 973 2526 pane
998 2485 1124 2515 dictum
1146 2485 1262 2521 tradit,
1279 2483 1366 2522 qnod
1387 2484 1467 2513 olim
1484 2482 1523 2512 de
1539 2492 1611 2511 om-

889 2530 923 2559 ni
953 2539 1036 2568 pane
1067 2528 1249 2558 dicebatur.
1285 2527 1408 2557 Eadem
1440 2532 1490 2556 est
1521 2525 1612 2562 adje-

889 2573 967 2602 ctivi
997 2571 1092 2607 ratio,
1120 2571 1207 2610 quod
1236 2576 1350 2600 tamen
1381 2569 1479 2599 citius
1510 2578 1608 2607 quam

887 2615 1132 2645 substantivum
1163 2614 1204 2643 de
1235 2613 1338 2643 viliori
1369 2622 1452 2652 pane
1484 2611 1610 2641 dictum

889 2669 928 2688 ex
944 2658 1006 2687 hoc
1023 2657 1191 2687 Ciceronis
1208 2656 1279 2686 loco
1295 2655 1504 2693 intelligitur.

937 2702 1038 2732 Cibus.
1063 2701 1141 2731 Nat.
1161 2701 1202 2730 D.
1219 2701 1252 2730 ii.
1268 2703 1319 2731 55.
1347 2698 1498 2729 animalis
1513 2698 1611 2730 cibus,

889 2744 929 2775 de
953 2747 1039 2774 asere-
1065 2743 1135 2773 Pin.
1159 2754 1190 2773 v.
1215 2746 1262 2777 19.
1285 2743 1386 2772 animi
1411 2741 1520 2778 cultus
1543 2745 1613 2769 erat

888 2789 917 2817 ei
957 2787 1050 2826 quasi
1087 2786 1221 2826 quidam
1261 2785 1478 2815 humanitatis
1515 2785 1613 2813 cibus.

892 2831 1035 2869 Elegans
1066 2839 1169 2868 genus
1207 2829 1337 2859 dicendi
1376 2828 1525 2858 imitatus
1563 2833 1611 2855 est

890 2874 983 2905 Ovid.
1017 2874 1108 2903 Rem.
1134 2874 1208 2904 Am.
1243 2875 1312 2903 131.
1346 2881 1444 2901 causa
1468 2871 1613 2908 cibusque

891 2917 981 2949 mali.
1004 2916 1144 2949 Metam.
1159 2916 1202 2948 vi.
1217 2919 1292 2948 480.
1313 2915 1399 2946 cibus
1413 2913 1542 2944 furoris.
