1790 3219
139 50 226 91 464

141 158 254 182 tenses
267 147 427 178 tributum
439 142 549 177 facere
560 145 714 185 coegisti,
728 150 764 176 ut
779 145 882 187 Apro-

144 194 201 225 nio
218 193 336 222 darent
354 200 406 222 ns.
430 190 588 220 xxxnillia.
613 189 702 229 vulg.
726 190 823 219 ferre.
841 189 883 220 ad

143 237 221 269 Div.
239 236 284 266 iii.
301 239 332 269 7.
358 234 551 274 querebare,
569 233 654 273 quod
678 233 805 273 legatos
823 235 885 263 trz'-

143 281 223 311 buta
249 280 380 319 exigere
407 282 576 309 vetarem:
608 277 630 307 i.
653 287 681 307 e.
708 276 882 307 collectam

145 324 267 356 facere.

192 368 307 398 Trcoe.
337 366 409 398 Att.
437 376 468 397 x.
495 369 525 397 8.
559 365 751 395 domesticae
777 364 883 401 tricae,

148 415 226 444 tunt
245 410 456 441 difficultates
472 409 518 439 rei
536 408 719 438 familiaris.

193 455 336 489 Tricam-2.
365 453 589 493 tergiversari,
622 461 729 481 moras
765 450 886 480 facere.

145 498 220 532 Att.
247 509 296 529 κν.
316 501 365 529 13.
395 495 569 528 Dolabella
590 495 737 534 scripsit,
753 504 824 524 sese
848 493 887 523 (le

148 543 367 574 attributione
389 542 503 571 onmia
517 548 649 569 summa
666 538 799 567 fc‹·isse:
824 536 890 566 Ve-

149 594 287 618 etenum
313 589 465 615 accusavi:
491 584 633 613 tricatm·
656 581 794 611 scilicet.
811 579 889 609 ibid.

148 632 215 663 xiv.
235 633 281 664 13.
302 629 459 659 l’ublilxus
472 636 584 656 tortum
601 626 738 654 :meatus
753 628 815 653 est.
828 624 890 653 i.e.

150 683 219 706 non
234 675 319 703 clare
332 672 463 702 locutus
476 675 527 700 est
539 675 571 699 et
585 674 732 698 mentem
746 667 888 705 aperuit.

197 718 325 752 Trieres,
356 716 456 745 tertia
490 723 564 753 pars
596 711 803 742 hereditatis.
841 715 893 740 est

150 763 241 793 enim
259 760 388 800 proprie
410 757 508 788 tertia
534 765 606 796 pars
623 755 715 785 assis.
746 754 817 785 Att.
834 755 891 784 vii.

152 809 184 837 8.
218 802 427 835 Dolabellam
451 801 545 831 video
568 798 671 829 Liviae
688 801 894 829 testamento

153 858 224 880 esse
243 849 275 877 in
294 849 419 876 a'riente.

199 890 428 923 Tricrarclms.
448 888 543 918 Verr.
558 887 580 917 i.
594 888 647 918 90.
669 886 728 915 διο.
747 891 798 915 cst
808 894 893 924 prae-

152 935 261 966 fectus
277 933 436 969 triremis,
454 941 552 970 quoni
571 933 661 959 creat
676 929 805 966 civitas,
818 937 892 967 quae

153 989 272 1010 navem
301 987 360 1007 suo
388 981 502 1006 sumtu
530 973 729 1004 aedificatam
758 973 894 1012 praebet.

153 1022 228 1055 Alio
247 1031 346 1051 sensu
363 1028 413 1050 cst
429 1018 518 1059 apud
534 1023 682 1047 oratores
700 1016 845 1052 Graecos,
861 1026 893 1045 v,

153 1077 184 1098 c.
208 1063 473 1097 Demosthenem
490 1062 530 1092 de
547 1062 667 1091 Coron.
693 1063 745 1091 30.
774 1066 903 1099 nempe‘

153 1110 201 1141 ibi
230 1108 399 1148 significat
429 1116 520 1139 eum.
548 1105 603 1143 qui
631 1107 689 1134 aut
717 1103 807 1133 solus
835 1113 894 1132 suo

155 1157 271 1184 sumtu
296 1153 467 1182 triremem
497 1149 652 1184 aedix‘icat,
680 1146 830 1182 instruit,
859 1156 896 1176 ac

156 1197 277 1227 deiude
290 1196 433 1225 ei'etiam
452 1197 584 1234 praeesn
603 1198 662 1221 aut
679 1190 805 1229 aliquid
820 1200 900 1219 con-

161 1241 227 1271 fert
259 1240 300 1270 ad
330 1241 504 1269 triremem
535 1235 782 1272 aedificandam,
807 1233 898 1264 unde

161 1283 299 1316 συντελὴς
317 1283 451 1312 «licitur.

207 1327 411 1362 Τιέεένίοέε,
438 1328 516 1355 sunt
544 1322 695 1352 sol‘nnia
720 1320 858 1358 Bacchi,
882 1330 902 1350 a

159 1380 301 1403 numero
314 1378 492 1403 annorum,
507 1371 579 1407 post
592 1375 674 1405 quos
687 1364 901 1395 celebraban-

157 1419 227 1446 tur.
250 1415 331 1445 Nat.
350 1414 391 1443 D.
408 1413 454 1442 iii.
468 1413 520 1442 23.
545 1409 725 1440 trieterides
740 1420 758 1439 a
772 1409 901 1448 Diony-

158 1459 208 1490 sio
225 1459 343 1496 quinto
359 1456 550 1486 constitutae
569 1457 742 1493 putantur.

205 1501 453 1533 Trinmzdinum
484 1509 509 1528 s.
537 1498 665 1528 trinum
696 1495 901 1534 nundinum,

158 1549 266 1577 ternae
292 1544 465 1580 nundinae,
489 1541 624 1581 quibus,
649 1550 724 1570 cum
750 1540 837 1569 cives
862 1549 903 1569 ex

160 1589 248 1629 agris
273 1589 307 1618 in
333 1587 448 1617 urbem
473 1584 695 1620 confluerent,
713 1588 751 1613 ut
771 1582 902 1613 fructus

162 1642 319 1672 agrorum
344 1636 377 1661 et
402 1630 481 1660 alias
506 1637 632 1658 merces
659 1627 798 1657 rusticas
825 1636 904 1656 ven-

162 1677 293 1713 derent,
311 1675 363 1706 lex
380 1675 413 1704 in
431 1673 574 1703 comitiis
597 1671 734 1701 ferenda
756 1669 906 1710 promul-

163 1721 320 1760 gabatur,
337 1723 375 1749 ut
388 1727 461 1747 eam
474 1717 576 1746 etiam
591 1721 690 1753 atque
707 1714 808 1744 etiam
827 1723 906 1743 con-

164 1764 309 1795 siderare
330 1763 416 1792 cives
434 1764 582 1800 possent,
599 1762 633 1788 ot
649 1758 819 1787 candidati
837 1767 906 1787 ma-

163 1808 366 1847 gistratuum
379 1805 551 1845 petebant.
560 1803 679 1832 'ferna’
688 1806 805 1845 *autem
820 1811 906 1831 nun-

164 1851 253 1881 dinae
276 1860 352 1880 cum
377 1848 492 1878 diebus
518 1846 701 1884 interjectis
720 1845 906 1875 conficiunt

164 1904 332 1926 summam
353 1891 591 1932 septemdecim
609 1890 753 1926 dierum,
772 1898 851 1926 non,
867 1892 908 1918 ut

165 1938 300 1978 quidam
326 1937 412 1966 docti
435 1935 494 1965 viri
511 1934 760 1969 existimarunt,
776 1936 906 1972 septem

166 1987 202 2012 et
214 1981 342 2021 viginti.
363 1978 658 2010 Numerandorum
673 1976 801 2006 dierum
815 1976 907 2005 enim

167 2026 305 2056 initium
323 2025 359 2054 fit
379 2033 398 2053 a
414 2022 572 2052 nundinis
590 2021 719 2061 primis,
735 2025 770 2050 et
786 2019 908 2049 desinit

167 2069 204 2100 in
234 2068 360 2098 tertiis:
401 2066 561 2097 nundinae
601 2069 716 2094 autem
752 2063 908 2093 secundae

167 2123 261 2143 more
288 2111 393 2141 latino
421 2110 467 2140 bis
496 2111 730 2144 numerantur,
755 2113 793 2137 ut
819 2107 908 2137 idem

169 2157 238 2187 dies
256 2156 299 2186 sit
316 2163 423 2184 nonus
441 2163 459 2183 a
472 2152 586 2193 primis
605 2151 777 2188 nundinis,
794 2155 828 2180 et
845 2151 910 2190 pri-

169 2210 245 2230 mus
272 2199 307 2229 in
336 2197 441 2227 altera
466 2196 616 2226 enneade
642 2195 782 2226 dierum.
813 2193 909 2224 Clare

168 2243 274 2274 Varro
296 2243 337 2273 R.
362 2242 402 2272 R.
423 2241 455 2272 ii.
477 2244 503 2270 l.
527 2244 656 2279 septem
681 2242 816 2268 tantum
842 2238 911 2267 (lies

171 2287 258 2317 binis
280 2285 440 2316 nundinis
457 2285 652 2322 interjectos
668 2282 760 2312 dicit.
777 2282 818 2312 ad
834 2281 911 2312 Div.

172 2331 239 2361 xvi.
271 2332 319 2362 12.
351 2339 386 2358 se
414 2332 614 2368 praesentem
642 2327 768 2355 trinum
795 2325 914 2355 nundi-

170 2383 252 2404 num
274 2374 469 2412 petiturum.
500 2371 600 2401 Dom.
628 2370 676 2400 16.
703 2369 791 2408 quod
807 2369 841 2398 in
861 2378 915 2398 ce-

171 2418 251 2448 teris
262 2417 388 2455 legibus
402 2417 526 2446 [rmum
540 2414 725 2443 nundinam
735 2422 805 2442 esse
818 2422 915 2452 opor-

172 2464 236 2498 tet,
253 2461 286 2490 id
303 2461 335 2489 in
354 2460 532 2498 adoptione
548 2458 628 2487 satis
646 2463 709 2493 est,
723 2466 793 2486 esse
809 2456 913 2486 trium

173 2504 343 2535 horarum.
390 2502 466 2532 scil.
495 2501 630 2541 adoptio
657 2501 696 2530 fit
720 2510 780 2539 per
805 2499 913 2539 legem

175 2548 353 2583 curiatam,
369 2546 514 2585 adeoque
532 2545 572 2574 ad
589 2553 663 2573 eam
680 2553 810 2582 quoque
825 2544 916 2573 trino

175 2591 328 2623 nundino
352 2599 434 2627 opus
460 2594 523 2619 est.
555 2587 640 2619 Phil.
656 2597 685 2617 v.
704 2590 734 2618 3.
767 2586 823 2616 ubi
841 2596 916 2626 pro-

176 2634 341 2674 mulgatio
365 2633 595 2664 tra-maalmam
611 2632 627 2661 ?
656 2631 726 2661 haec
750 2634 918 2660 commate

175 2680 212 2712 in
235 2677 432 2717 quibusdan
457 2676 532 2706 edd.
553 2675 834 2714 distinguuntur3
858 2683 917 2706 ne-

177 2732 241 2762 que
258 2721 292 2750 id
308 2720 486 2749 alssurduui
503 2729 574 2749 esse
594 2718 746 2748 dixerim.
769 2717 827 2747 sed
844 2721 918 2757 pot-

177 2770 230 2797 est
252 2765 354 2794 etiam
381 2763 493 2792 abesse
518 2762 704 2798 distinctio,
722 2766 761 2791 ut
784 2762 828 2791 sit
844 2760 918 2791 elli-

175 2810 243 2850 psis
261 2806 504 2848 praepositionis
520 2815 592 2849 per,
604 2805 691 2837 utin
705 2804 764 2836 illo
779 2805 821 2837 ad
835 2805 915 2837 Div.

175 2854 242 2889 xvi.
263 2853 312 2884 12.
335 2854 372 2882 et
385 2849 476 2882 alibi.

657 55 804 86 INDEX
835 55 1134 86 LATINITA‘rrs.
1385 51 1397 66 ‘

972 145 1184 185 Tripuch'am,
1196 143 1276 184 quid
1287 143 1331 175 sit
1342 143 1440 175 docet
1450 144 1568 178 Cicero
1583 143 1663 178 niv.

923 189 957 219 ii.
982 192 1034 220 34.
1068 189 1158 228 quia,
1182 198 1258 218 cum
1275 187 1360 228 pulli
1384 193 1582 229 pascuntur,
1605 200 1665 221 ne-

924 242 1014 262 cesse
1039 236 1101 269 est,
1118 232 1243 271 aliquid
1267 242 1307 262 ex
1326 242 1382 262 ore
1399 232 1530 271 cadere,
1546 240 1579 264 et
1594 238 1666 264 ter-

926 285 995 306 ram
1010 276 1134 315 pavire,
1146 276 1362 315 terripavium
1376 276 1497 316 prim0‚
1509 281 1585 317 post
1594 284 1663 308 ter-

926 319 1094 358 ripudium
1119 319 1246 349 dictum
1264 323 1333 349 est:
1358 319 1421 349 hoe
1437 320 1574 359 quidem
1589 321 1664 360 jam

926 362 1109 401 tripudium
1124 363 1264 393 dicitur:
1287 373 1364 393 cum
1381 363 1486 402 igitur
1500 361 1566 394 offa
1582 363 1668 395 ceci-

926 406 974 435 dit
999 415 1038 435 ex
1061 415 1116 436 ore
1139 406 1235 446 pulli,
1253 411 1328 436 tum
1352 407 1539 446 auspicanti
1561 408 1669 448 tripu·

926 449 1019 478 dium
1042 449 1243 480 solistimum
1276 451 1450 481 nunciant.
1477 450 1520 481 cf.
1545 449 1624 482 Div.
1644 450 1668 483 i.

932 495 979 523 15.
1012 492 1045 521 ii.
1065 495 1095 523 8.
1119 491 1160 522 ad
1177 493 1253 523 Div.
1269 494 1311 524 vi.
1329 495 1360 525 6.

974 535 1101 573 Tristis,
1117 536 1400 575 severus,justus.
1430 538 1507 568 Act.
1529 537 1552 568 i.
1573 536 1670 569 Verr-

932 582 982 609 10.
1015 580 1117 609 tristis
1131 579 1247 617 judex.
1279 580 1408 612 Coe1.6.
1438 583 1552 618 tristis,
1567 591 1672 622 oppo-

931 623 1025 652 nitur
1053 622 1201 652 remisso,
1230 622 1348 662 Quint.
1379 627 1428 655 18.
1461 631 1584 655 natura
1609 625 1671 655 tri-

929 666 970 696 sti
986 675 1023 695 ac
1039 665 1212 696 recondita
1225 665 1302 696 fuit.
1331 667 1427 697 Brut.
1443 671 1495 700 30.
1526 670 1619 700 triste
1632 678 1671 699 ac

932 719 1083 744 severum
1105 709 1234 739 dicendi
1252 719 1368 749 genus.

979 753 1130 784 Tristius.
1163 753 1247 783 Cato
1270 756 1319 787 19.
1349 753 1576 786 adolescentes
1599 760 1688 796 grew

933 796 1004 827 vius
1029 800 1205 836 aegrotant,
1229 797 1357 828 tristius
1379 803 1559 829 curantur:
1586 798 1620 828 h.
1644 808 1675 830 e.

932 840 1169 878 acerbioribus,
1182 840 1496 880 molestioribusque
1508 837 1677 875 remediis.

979 883 1143 921 Tristitia,
1160 884 1331 915 severitas.
1363 885 1420 915 Or.
1439 886 1460 915 i.
1478 888 1509 919 7.
1539 886 1676 918 tristitia

933 928 1106 958 sermonis
1129 928 1148 947 ²*
1162 928 1344 968 opponitur
1359 928 1536 968 elegantiae
1550 932 1585 959 et
1599 939 1677 960 sua-

934 971 1030 1001 vitati
1048 972 1082 1000 in
1098 972 1258 1001 oratione.
1285 971 1356 1003 Fin.
1373 973 1414 1002 iv.
1432 974 1485 1004 28.
1515 971 1679 1004 horridio-

933 1025 983 1045 res
997 1015 1155 1052 evadunt,
1174 1016 1370 1054 asperiores,
1382 1016 1531 1047 duriores
1554 1020 1591 1047 et
1603 1025 1680 1048 ora.-

933 1059 1025 1088 tione
1050 1063 1084 1088 et
1108 1059 1266 1089 moribus.
1290 1069 1389 1098 quam
1414 1059 1550 1091 illorum
1573 1061 1678 1091 tristi-

936 1104 1017 1133 tiam
1042 1106 1141 1141 atque
1166 1103 1382 1142 asperitatem
1405 1103 1537 1143 fugiens
1560 1104 1678 1134 Panae-

937 1147 1018 1183 tius,
1031 1155 1093 1175 nec
1110 1146 1326 1176 acerbitatem
1344 1147 1605 1184 sententiarum,
1617 1157 1681 1178 nee

940 1189 1123 1220 disserendi
1140 1189 1252 1229 spinas
1268 1190 1431 1230 probavit.
1454 1189 1575 1221 *offla
1591 1191 1611 1221 i.
1630 1193 1679 1223 12.

940 1243 1017 1265 cum
1040 1233 1176 1264 dixisset
1193 1232 1338 1271 hostem,
1354 1233 1387 1264 h.
1404 1244 1434 1264 e.
1450 1235 1680 1274 peregrinum,

940 1277 1108 1307 veteribus
1139 1277 1275 1307 dictum<
1300 1286 1385 1314 esse,
1412 1277 1469 1317 qui
1500 1276 1682 1318 perduellis

941 1320 1159 1361 appellandus
1176 1324 1262 1358 erat,
1286 1320 1398 1351 addit:
1427 1321 1569 1352 lenitate
1590 1321 1685 1354 verbi

941 1366 1114 1396 tristitiam
1129 1364 1176 1395 rei
1194 1365 1384 1403 mitigante.

989 1408 1135 1440 Tritones
1152 1409 1356 1448 piscinarum
1389 1407 1460 1439 Att.
1475 1407 1510 1439 ii.
1526 1412 1559 1443 9.
1588 1411 1684 1447 sunt,

943 1462 1025 1492 quos
1049 1452 1127 1482 alibi
1152 1452 1346 1492 piscinarios
1364 1456 1482 1482 vocat:
1507 1452 1557 1482 ita
1570 1452 1687 1492 appel-

943 1496 1003 1533 lat,
1021 1496 1107 1535 quod
1131 1505 1218 1535 saepe
1235 1496 1380 1535 piscinas
1396 1495 1469 1526 illas
1484 1495 1637 1527 visebant
1650 1499 1687 1527 et

944 1540 988 1570 ibi
1006 1539 1167 1569 ludebant
1183 1539 1339 1569 vocandis
1358 1538 1468 1569 mullis
1486 1540 1546 1570 διο.

991 1583 1225 1622 Triumphalis.
1249 1583 1284 1612 in
1302 1583 1411 1613 Pison.
1432 1586 1480 1617 19.
1503 1583 1688 1623 provincia,

945 1636 1018 1665 quae
1035 1626 1135 1656 fuerit
1152 1637 1192 1656 ex
1208 1627 1363 1657 omnibus
1380 1636 1449 1656 una
1469 1627 1612 1657 maxime
1627 1628 1690 1657 tri·

946 1672 1130 1710 umphalt's:
1154 1670 1187 1700 h.
1205 1680 1233 1700 e.
1251 1680 1325 1709 quae
1349 1670 1493 1700 maxime
1510 1670 1688 1703 materiam

946 1714 1025 1744 belli
1048 1713 1221 1753 triumpho
1245 1713 1338 1753 digni
1362 1713 1498 1753 gerendi
1523 1713 1637 1752 habet,
1653 1719 1692 1744 et

946 1768 985 1788 ex
1014 1768 1080 1797 qua
1105 1757 1188 1787 adeo
1214 1756 1364 1797 plerique
1391 1756 1609 1788 Proconsules
1635 1766 1690 1789 re-

947 1801 1089 1831 deuutes
1105 1801 1366 1841 triumphavere.

992 1844 1206 1884 Trimnplcus.
1234 1844 1321 1876 Phil.
1337 1845 1402 1876 xiv.
1421 1847 1452 1875 8.
1482 1845 1691 1885 triumphum

947 1898 1071 1930 pugnae
1090 1888 1171 1928 egit.

994 1932 1176 1963 Triumrz‘r.
1196 1931 1254 1962 Or.
1270 1932 1323 1963 46.
1340 1931 1510 1962 triumviri
1521 1931 1695 1972 capitalem

947 1976 990 2007 cf.
1014 1976 1056 2006 ad
1073 1976 1149 2006 Div.
1167 1975 1221 2005 vii.
1243 1979 1293 2006 13.
1316 1979 1398 2006 sunt
1412 1975 1565 2017 praefecti
1582 1985 1696 2006 carce-

950 2030 1039 2057 rum,
1066 2020 1109 2060 (v.
1138 2019 1210 2050 Liv.
1236 2019 1337 2050 xxxii.
1362 2019 1415 2050 26.
1446 2019 1545 2057 extr.)
1572 2019 1693 2059 quibus

949 2063 1192 2104 suppliciorum
1217 2072 1237 2092 a
1258 2063 1428 2094 damnatis
1451 2062 1695 2093 sumendorum
1723 2082 1726 2086 ·

951 2117 1032 2137 cura
1053 2107 1206 2137 mandari
1223 2106 1319 2137 solet.
1337 2106 1378 2136 de
1394 2106 1434 2136 iis
1451 2106 1524 2145 lege
1541 2105 1695 2146 Lipsium

951 2151 994 2181 ad
1020 2150 1130 2180 Tacit.
1159 2149 1281 2180 Annal.
1305 2159 1335 2180 v.
1359 2154 1391 2184 9.
1414 2154 1450 2179 et
1473 2159 1555 2189 quos
1581 2149 1698 2180 laudat

952 2197 1116 2234 praeterea
1139 2193 1273 2224 Cortius
1297 2193 1340 2224 ad
1363 2193 1497 2224 Sallust.
1524 2192 1624 2223 Catil.
1643 2195 1696 2224 55.

952 2238 971 2257 ³*
983 2238 1023 2268 ad
1041 2238 1116 2268 Div.
1130 2238 1185 2267 vii.
1204 2240 1251 2268 13.
1264 2238 1379 2268 treviri
1394 2236 1588 2278 (triumviri)
1603 2245 1700 2275 auro,

952 2286 1107 2320 argento,
1124 2291 1202 2319 aere,
1219 2281 1282 2311 int.
1307 2280 1419 2311 flando
1440 2280 1606 2311 seriundo.
1636 2280 1700 2311 Di-

954 2325 1000 2355 cti
1025 2325 1129 2355 etiam
1153 2324 1351 2355 monetales.
1375 2334 1406 2356 v.
1425 2324 1588 2364 Pompon.
1605 2323 1701 2363 Orig.

952 2369 1026 2398 Jur.
1053 2371 1083 2405 ξ.
1107 2372 1160 2400 30.
1192 2368 1232 2398 de
1259 2369 1424 2408 scriptura
1445 2369 1574 2405 treviri,
1592 2372 1701 2407 agunt

954 2412 1016 2442 viri
1040 2412 1128 2442 docti
1152 2411 1193 2442 ad
1216 2412 1288 2442 Liv.
1313 2412 1358 2442 xl.
1375 2413 1428 2446 29.
1459 2410 1628 2442 *cluent
1649 2413 1700 2443 13.

956 2459 1035 2486 ante
1051 2456 1151 2495 pedes
1166 2455 1206 2495 Ω.
1224 2455 1370 2493 Manilii,
1386 2455 1444 2494 qui
1459 2458 1534 2485 tum
1552 2458 1625 2485 erat
1640 2455 1703 2484 tri·

957 2500 1081 2537 unwir,
1104 2500 1330 2529 constituunt.
1357 2498 1508 2538 intellige
1532 2498 1572 2528 tle
1596 2498 1704 2537 mag-i-

956 2546 1065 2573 stratu
1090 2542 1298 2583 municipali.
1323 2542 1588 2582 Municipiorum
1609 2541 1703 2572 enim

959 2587 1174 2626 magistratus
1199 2596 1219 2616 a
1236 2595 1377 2616 numero
1400 2585 1629 2626 appellantur,
1645 2585 1703 2624 qui

958 2640 1027 2661 non
1050 2630 1140 2660 idem
1162 2630 1199 2659 in
1215 2630 1382 2660 'omnibus
1409 2628 1603 2670 municipiis
1625 2628 1704 2659 fuit.

957 2673 977 2692 ⁷*
992 2674 1108 2703 treviri
1131 2673 1291 2713 epulones
1318 2675 1410 2710 sunt,
1427 2673 1485 2703 Or.
1508 2673 1555 2702 iii.
1584 2674 1634 2706 19.
1664 2671 1711 2705 dr·

958 2727 1102 2757 quorum
1115 2717 1245 2756 origine
1257 2721 1292 2746 et
1301 2715 1380 2755 jure
1395 2719 1568 2757 praetextae
1583 2725 1615 2746 v.
1626 2714 1702 2748 Liv.

961 2761 1064 2791 xxxii.
1083 2762 1136 2792 42.

1005 2804 1263 2835 Triumuiratum
1293 2801 1391 2833 Brut.
1413 2805 1468 2835 31.
1498 2800 1539 2833 de
1553 2801 1596 2842 Ω.
1616 2800 1714 2832 ΖΕῙὶαι

955 2846 1157 2883 Tuberone:
1183 2847 1243 2888 qui
1267 2846 1405 2888 quidem
1427 2847 1464 2880 in
1488 2845 1710 2884 triumviratu
