1800 3131
122 129 206 166 348

126 234 173 255 sc.
198 224 276 265 quia
290 224 324 254 in
341 226 510 264 perpetuis
526 226 602 258 vitae
617 227 770 267 periculis
788 228 854 258 vix-

126 272 213 306 erat,
230 278 292 299 nec
314 278 408 308 spem
431 270 508 301 vitae
525 271 708 301 retinendae
731 271 855 302 habue-

127 318 191 342 rat.
215 322 245 343 v.
267 312 306 341 de
330 312 391 342 hac
408 313 439 343 vi
455 314 542 344 verbi
567 315 653 345 viros
677 315 791 345 doctos
815 316 856 346 ad

123 355 198 387 Liv.
215 355 258 386 xl.
276 359 306 386 8.

149 442 155 448 ι
177 399 368 430 Luculente.
393 400 458 431 Off.
482 401 528 431 iii.
553 403 603 432 ΞΒ.
632 403 793 432 luculente
809 402 856 432 di-

128 448 226 473 citur.

172 486 383 518 Luculenter.
418 487 489 517 Fin.
513 488 546 517 ii.
572 491 601 518 5.
632 497 738 527 graece
762 490 854 518 lucu-

128 529 231 560 lenter
244 531 338 561 scire.

171 574 384 611 Luc-zelemus,
416 574 559 614 amplus,
591 583 742 612 magnus.
782 574 851 604 Att.

127 617 193 647 xvi.
216 620 248 648 4.
275 620 441 648 luculenta
463 618 606 656 navigia.
629 618 786 647 Nimius.
811 618 852 648 ad

127 660 204 692 Div.
229 671 260 691 x.
277 664 329 692 2²4.
355 662 609 691 luculentissima
627 660 723 699 legio.
747 661 849 691 *Ata

126 713 158 734 x.
185 707 233 735 12.
262 708 309 736 14.
340 706 521 734 luculentus
543 707 674 734 auctor:
702 704 723 734 i.
739 715 769 735 e.
786 704 850 735 fide

125 747 256 788 dignus.

171 793 295 828 Lucus,
318 790 400 820 silva
421 800 524 820 sacra.
551 790 669 820 Milon.
693 794 745 821 31.
774 791 850 822 Div.

126 836 148 867 i.
165 839 217 867 45.
252 836 310 864 Sto.
334 834 373 863 de
396 833 459 863 hoc
482 843 603 872 genere
625 833 782 865 silvarum
800 840 851 866 est

126 879 225 909 docta
233 877 419 908 dissertatio
432 877 673 907 Eschenbachii
683 878 771 908 inter
780 877 851 918 ejus

125 922 384 953 dissertationes.

171 966 315 1002 Ludere,
345 963 512 994 simulare.
544 963 585 994 ad
614 964 690 994 Div.
718 965 785 995 viii.
817 969 848 999 9.

126 1011 233 1040 civem
258 1010 383 1039 bonum
411 1009 507 1038 ludit.
537 1007 667 1037 *armis
694 1009 850 1040 exerceri.

125 1054 183 1085 Or.
201 1054 234 1083 ii.
250 1055 302 1085 ⁶20.
325 1051 472 1089 videant,
488 1051 528 1081 ad
544 1052 732 1088 ludendum,
750 1062 792 1082 an
809 1053 851 1082 ad

125 1097 345 1138 pugnandum
381 1105 474 1125 arma
505 1096 574 1125 sint
597 1097 753 1125 sumturi.
778 1097 851 1126 ⁵¹‘ri-

125 1142 215 1172 dere.
228 1140 284 1171 Or.
298 1141 319 1170 i.
339 1141 385 1170 12.
398 1139 548 1169 irrisione
561 1139 707 1170 ludatur.
722 1139 764 1169 ad
776 1140 850 1170 Div.

125 1185 180 1215 vii.
196 1188 227 1215 5.
243 1184 416 1223 quodjure
432 1184 547 1213 lusisti.

169 1229 310 1265 Ludius,
325 1227 455 1264 histrio,
471 1226 620 1256 saltator.
645 1226 725 1256 Har.
741 1226 780 1256 R.
800 1229 809 1257 1
823 1230 849 1257 l.

126 1273 153 1303 si
171 1273 279 1302 ludius
298 1271 469 1308 constitit3
495 1270 526 1300 h.
543 1280 572 1300 e.
588 1270 614 1299 si
630 1270 700 1309 ejus
716 1271 850 1301 saltatio

125 1316 314 1356 interrupta
335 1321 398 1345 est.
422 1325 452 1344 ν.
476 1314 613 1344 Salmas.
639 1314 680 1344 ad
705 1314 849 1344 Trebell.

127 1359 246 1390 Claud.
265 1363 294 1390 5.
318 1364 343 1389 t.
359 1359 392 1389 ii.
408 1368 440 1398 p.
457 1358 531 1388 362.
555 1357 597 1387 ad
607 1357 738 1397 Vopisc.
758 1358 849 1388 Cari-

125 1413 210 1434 num
229 1414 260 1443 p.
285 1406 359 1434 843.
382 1407 417 1432 et
437 1411 518 1440 quos
537 1401 653 1431 laudat
669 1401 783 1432 Burm.
806 1402 847 1432 ad

123 1447 221 1478 ovid.
237 1447 275 1477 A.
291 1448 330 1477 A.
346 1446 368 1476 i.
389 1447 460 1476 112.

169 1491 298 1529 Ludus,
316 1490 355 1520 de
380 1499 414 1519 re
435 1488 536 1519 facili.
565 1488 658 1519 Verr.
678 1498 707 1518 v.
723 1492 776 1523 70.
806 1489 848 1519 ad

123 1534 265 1565 honores
303 1544 361 1575 per
392 1533 508 1563 ludum
537 1536 572 1562 et
608 1532 846 1571 negligentiam

122 1579 308 1618 pervenire.
333 1577 375 1607 cf.
392 1577 462 1606 Fin.
479 1576 500 1606 i.
518 1579 547 1606 8.
574 1575 630 1606 Or.
647 1576 681 1605 ii.
702 1579 751 1609 17.
777 1576 847 1606 *de

120 1621 250 1652 fraude.
272 1622 372 1652 Dom.
394 1622 448 1650 48.
471 1620 498 1649 si
521 1618 576 1649 ille
591 1619 652 1649 tibi
671 1620 768 1650 ludus
784 1619 849 1650 fuit

123 1666 196 1696 -si
212 1670 263 1696 est
277 1665 361 1695 illud
376 1666 497 1694 ratum.
521 1663 539 1681 ²*
552 1662 637 1694 Phil.
654 1663 695 1693 vi.
707 1666 739 1694 4.
763 1664 848 1694 ludis

122 1709 248 1739 dicitur
284 1709 324 1738 de
359 1713 525 1747 tempore,
554 1717 618 1745 quo
650 1707 719 1737 ludi
748 1708 846 1738 fiunt.

120 1753 243 1783 *Sext
267 1755 318 1783 55.
349 1751 437 1782 ludos
459 1750 580 1788 facere,
598 1750 719 1780 dicitur
739 1750 778 1780 de
795 1761 845 1787 eo,

123 1797 218 1836 cujus
247 1800 361 1826 sumtu
390 1795 486 1824 flunt.
517 1794 598 1824 Har.
623 1795 662 1824 R.
693 1797 742 1824 11.
776 1795 846 1824 ludi

147 1840 264 1870 eremti
285 1843 374 1870 sunt.
397 1839 463 1868 *in
481 1837 592 1868 Caecil.
618 1840 667 1869 10.
691 1838 761 1868 luda·
778 1837 847 1878 ple-

120 1851 201 1915 beii.
228 1883 270 1913 cf.
285 1884 378 1914 Verr.
393 1893 423 1912 v.
441 1884 488 1912 14.
515 1881 603 1911 unde
619 1886 725 1922 patet,
742 1882 845 1912 Florae

122 1938 177 1958 eos
205 1927 298 1957 ludos
323 1927 440 1956 factos.
466 1925 507 1955 ad
532 1925 608 1955 Div.
634 1926 688 1955 vii.
719 1929 746 1956 1.
776 1927 846 1956 lude·

122 1972 213 2008 Osci,
236 1977 317 2001 sunt
343 1969 463 2000 fabulae
492 1968 670 1999 Attellanae
701 1970 845 2009 proprie,

122 2016 181 2047 sed
202 2015 222 2045 l.
240 2025 268 2044 c.
285 2014 443 2044 dicuntur
465 2023 524 2052 pro
547 2013 643 2042 rebus
667 2013 788 2052 ineptis
812 2018 854 2044 et>

120 2058 280 2090 ridiculis.
313 2058 385 2088 Act.
401 2059 422 2088 i.
437 2057 531 2087 Verr.
559 2059 608 2087 10.
641 2057 711 2086 ludi
734 2056 846 2086 Victo-

120 2103 192 2141 riae,
209 2102 352 2132 instituti
376 2112 394 2131 a
418 2099 510 2130 Sulla
531 2100 565 2129 in
582 2101 777 2129 memoriam
802 2101 847 2129 vi-

121 2147 235 2177 ctoriae
253 2156 272 2176 a
295 2145 454 2176 Marianis
471 2147 656 2184 reportatae.
682 2143 760 2173 ibid.
778 2145 847 2174 ludi

120 2190 234 2220 votivi.
265 2189 306 2220 cf.
330 2189 406 2220 Div.
429 2189 450 2218 i.
469 2189 521 2219 ⁶26.
552 2187 607 2226 qui
633 2187 720 2217 fiunt
735 2197 753 2217 e
771 2193 846 2217 voto

120 2233 335 2274 Imperatoris
352 2233 393 2262 ad
407 2231 533 2262 bellum
550 2230 702 2270 profecti,
719 2234 754 2260 et
768 2241 846 2261 cum

119 2277 259 2308 victoria
271 2277 402 2306 reversi.
426 2275 504 2306 ibid.
517 2275 584 2305 ludi
595 2275 750 2312 Romani,
762 2274 847 2304 cele-

118 2320 319 2361 bratipridie
328 2320 416 2350 Non.
426 2320 517 2359 Sept.
527 2329 565 2347 ex
576 2318 733 2348 instituto
746 2318 845 2357 regio.

167 2365 308 2401 Lumen,
332 2363 420 2402 quod
445 2363 477 2392 in
507 2371 637 2401 quaque
660 2371 695 2392 re
718 2362 847 2391 eminet

121 2408 286 2448 inprimis,
298 2407 504 2447 praecipuum
521 2409 584 2442 est,
596 2410 846 2435 ornamentum.

120 2451 162 2491 Ω.
184 2452 237 2481 Fr.
260 2452 295 2481 ii.
315 2454 364 2481 10.
396 2449 529 2479 illorum
546 2448 745 2488 praedioruni
762 2449 845 2478 scito

120 2495 205 2525 mihi
219 2495 365 2525 ricinum
382 2494 526 2524 Marium
545 2495 654 2522 lumen
669 2502 750 2522 esse.
767 2492 844 2523 Sen.

118 2548 152 2579 p.
168 2539 208 2569 R.
233 2541 264 2569 4.
294 2538 355 2567 hoc
379 2539 486 2567 lumen
502 2536 694 2566 consulatus
710 2536 760 2565 sui
778 2536 846 2566 fore

119 2582 264 2622 putavit.
298 2582 366 2610 Fin.
392 2581 424 2610 ii.
441 2582 494 2611 ⁶223.
526 2580 588 2609 hoc
615 2584 763 2609 vestrum
794 2581 844 2609 lu-

118 2635 195 2655 men
216 2630 278 2654 est.
303 2624 403 2654 Acad.
420 2624 461 2654 iv.
478 2626 529 2654 33.
560 2623 617 2652 sed
640 2622 698 2652 illa
713 2622 779 2653 duo
795 2624 845 2653 lu-

118 2670 210 2699 mina
230 2673 351 2705 vestra,
369 2677 441 2706 qnae
455 2667 599 2696 maxime
614 2676 748 2696 causam
766 2676 846 2696 con-

116 2713 239 2742 tinent.
274 2711 351 2741 Nat.
379 2711 421 2740 D.
445 2711 467 2741 i.
491 2712 543 2741 528.
578 2710 701 2740 Naevus
731 2709 842 2740 Alcaeo

118 2757 230 2786 lumen
251 2754 434 2784 videbatur.
464 2753 697 2793 *praesidium
721 2753 839 2784 tutela.

115 2799 200 2830 Sull.
222 2801 270 2829 11.
292 2798 399 2828 Roma
411 2799 518 2827 lumen
533 2794 697 2835 gentium.
720 2796 842 2826 *fene-

116 2850 208 2880 strae,
232 2845 439 2882 prospectus.
469 2840 567 2870 Dom.
590 2843 644 2871 44.
670 2841 840 2871 obstruere

117 2886 293 2917 luminibus
302 2898 314 2918 ,-
345 2883 434 2915 unde
458 2887 492 2913 et
514 2884 730 2924 metaphorae,
752 2888 841 2914 tam-

115 2939 216 2970 quam
238 2928 350 2961 Rabir.
373 2927 462 2959 Post.
488 2927 537 2958 16.
561 2928 683 2959 mentis
707 2929 842 2960 lumini-

603 139 748 168 INDEX
780 139 912 167 LATIN
921 139 1073 167 lTA'rls.

900 228 956 258 bus
980 227 1084 258 officit
1107 225 1249 257 altitudo
1272 225 1415 258 fortunae
1439 234 1474 259 et
1496 228 1624 269 gloriae,

900 272 993 301 Brut.
1024 274 1072 304 17.
1103 271 1239 301 Catonis
1263 272 1439 301 luminibus
1458 273 1624 305 obstruxit

899 314 969 344 haec
986 315 1205 354 posteriorum
1222 314 1320 344 altius
1339 321 1537 354 exaggerata
1549 327 1622 348 ora-

897 358 957 387 tio.
980 358 1101 388 *Bruta
1119 362 1171 392 75.
1195 358 1325 388 videtur
1335 362 1508 397 tamqmm
1523 361 1619 391 tabu-

899 400 944 430 las
958 401 1040 431 benc
1054 402 1158 441 pic-tas
1171 402 1329 432 collocare
1343 402 1375 431 in
1391 409 1474 432 nono
1486 405 1619 434 lumine.

897 443 915 462 *ἴ
933 445 1096 483 quomodo
1125 446 1253 475 differat
1284 455 1302 475 a
1328 447 1408 481 lnce,
1432 454 1546 486 patere
1573 446 1621 477 vi-

898 487 994 517 detur
1017 498 1034 516 e
1063 488 1132 518 Fin.
1157 490 1201 518 iii.
1231 493 1278 519 14.
1307 493 1344 518 ut
1367 490 1563 520 ohscuratur
1585 493 1621 520 et

896 531 1081 560 offunditur
1100 534 1168 562 luce
1183 533 1259 562 solis
1281 535 1388 562 lumen
1407 533 1561 563 lucernae.
1578 534 1618 564 de

897 583 962 612 quo
978 574 1046 611 agit
1065 574 1179 605 Burni.
1196 577 1237 605 ad
1260 576 1375 613 virgil.
1400 576 1474 606 ΕΠ.
1492 577 1525 606 ii.
1540 579 1619 615 (382.

896 622 931 646 et
955 617 1166 658 Oudendorp.
1190 619 1227 649 V.
1253 620 1290 649 C.
1311 620 1351 649 ad
1376 620 1510 650 Suet-on.
1535 621 1622 663 Caes.

894 663 947 690 31.
994 661 1058 690 Sed
1080 661 1112 691 id
1136 662 1312 693 discrimen
1329 672 1395 693 non
1412 668 1572 695 servatur.
1588 674 1619 695 v.

894 704 928 733 in
945 703 1030 734 Lux.
1080 720 1083 724 ⁴

940 747 1133 778 Luminare.
1162 748 1232 779 Att.
1249 758 1299 778 xv·
1314 750 1367 780 26.
1394 754 1443 780 est
1460 751 1619 789 fenestra,

894 795 933 821 ut
950 793 1069 822 lumen.

939 835 1147 872 thmz'noszes,
1178 835 1328 874 insignis.
1368 836 1425 866 Or.
1455 837 1507 867 30.
1543 840 1619 869 tum

894 883 975 908 sunt
987 880 1129 909 maxime
1143 881 1306 910 luminosa>
1317 884 1350 909 et
1363 880 1456 919 quasi
1473 884 1618 912 actuosae

894 927 1004 961 partes
1019 923 1104 953 duae.

939 966 1118 996 Lustratz'o.
1137 964 1236 995 Tusc.
1248 976 1277 996 v.
1290 968 1342 1000 27.
1364 965 1529 997 silvestres
1545 977 1620 998 cur-

893 1019 948 1039 sus
965 1011 1239 1048 lustrationesque.

939 1053 1113 1091 Lustrum,
1127 1058 1261 1093 tempus
1277 1054 1421 1093 quinque
1439 1064 1617 1093 annorum,

893 1096 954 1126 sub
978 1098 1071 1136 cujus
1096 1098 1196 1126 finem
1222 1107 1241 1126 a
1263 1098 1461 1128 Censoribus
1491 1098 1618 1128 Census

894 1139 1047 1178 habetur,
1074 1145 1108 1171 et
1135 1143 1249 1179 postea
1273 1141 1414 1180 publicae
1445 1151 1557 1181 preces
1584 1145 1619 1172 et

892 1184 1055 1214 sacrificia
1070 1184 1303 1214 suovetaurilia
1319 1185 1417 1222 liunt,
1434 1185 1522 1223 quod
1537 1185 1618 1215 dici-

889 1233 946 1257 tur
976 1229 1118 1258 lustrum
1149 1228 1301 1258 condere.
1331 1228 1388 1258 Or.
1418 1229 1439 1258 i.
1469 1231 1522 1259 40.
1559 1229 1616 1268 qui

892 1270 1016 1301 domini
1027 1272 1199 1301 voluntate
1210 1281 1327 1301 census
1336 1272 1618 1311 sit‚continuone,

892 1324 947 1351 an,
965 1315 1021 1344 ubi
1037 1317 1180 1345 lustrum
1196 1315 1366 1345 eonditum
1383 1315 1439 1352 sit,
1457 1315 1540 1345 liber
1561 1316 1618 1346 sit.

892 1358 969 1388 ibid.
991 1359 1025 1389 ii.
1041 1360 1093 1390 66.
1119 1359 1144 1388 is
1162 1359 1217 1397 qni
1233 1364 1267 1388 te
1283 1369 1323 1389 ex
1340 1359 1463 1388 aerariis
1479 1359 1617 1397 exemit,

890 1403 1033 1432 lustrum
1050 1402 1208 1439 condidit,
1222 1408 1255 1432 et
1271 1407 1406 1432 taurum
1422 1403 1619 1434 immolavit.

888 1455 918 1475 v.
935 1445 1006 1476 Liv.
1022 1447 1043 1476 i.
1060 1449 1113 1477 44.
1137 1449 1171 1475 et
1188 1446 1233 1476 ibi
1251 1445 1393 1476 Gronov.

934 1489 1025 1527 Lus,
1042 1500 1101 1530 pro
1117 1491 1249 1520 lumine.
1275 1489 1354 1520 Coel.
1369 1492 1420 1521 28.
1444 1492 1503 1521 lna·
1518 1489 1617 1530 longe

890 1531 955 1562 alia
977 1537 1028 1563 est
1048 1534 1125 1563 solis
1150 1541 1184 1563 et
1199 1533 1406 1573 lychnorum.
1430 1543 1507 1563 nam
1526 1533 1618 1574 lych-

891 1585 1010 1606 norum
1027 1577 1158 1617 proprie
1174 1578 1283 1607 lumen
1300 1581 1361 1607 est.
1385 1587 1414 1608 v.
1436 1577 1471 1607 in
1493 1579 1616 1616 lumen,

889 1624 923 1649 et
950 1631 1030 1659 quos
1056 1621 1100 1650 ibi
1124 1620 1341 1651 laudavimus.
1364 1620 1443 1650 Nat.
1466 1621 1510 1651 D.
1536 1621 1558 1650 i.
1587 1624 1617 1652 5.

888 1665 1064 1694 sententiae
1080 1666 1184 1694 lucem
1199 1664 1323 1694 autoris
1338 1663 1537 1702 desiderant.
1560 1663 1618 1695 Li-

889 1716 958 1746 gar.
970 1711 1001 1739 3.
1026 1710 1084 1738 lux
1096 1707 1303 1737 liberalitatis
1315 1711 1349 1737 et
1361 1708 1532 1747 sapientiae
1547 1710 1617 1738 tuae

888 1751 971 1780 mihi
998 1751 1158 1782 oboritur.
1180 1750 1280 1781 Tusc.
1302 1751 1336 1780 ii.
1364 1751 1416 1782 526.
1442 1750 1619 1782 benefacta

888 1795 923 1824 in
940 1797 1009 1825 luce
1025 1805 1058 1825 se
1071 1794 1225 1825 collocari
1236 1794 1364 1824 volunt.
1387 1795 1462 1825 Sen.
1479 1804 1510 1834 p.
1526 1794 1565 1826 R.
1584 1798 1617 1826 3.

888 1840 992 1868 lacem
1028 1839 1062 1869 in
1101 1838 1229 1878 republ.
1267 1838 1426 1878 dispicere
1461 1838 1618 1878 coepistis.

890 1882 973 1912 Phil.
994 1893 1025 1912 x.
1047 1883 1077 1913 6.
1109 1884 1168 1912 lua:
1183 1883 1310 1912 venisse
1325 1881 1475 1920 quaedam
1492 1886 1527 1912 et
1542 1891 1616 1922 spes

888 1926 1004 1956 salutis
1039 1925 1216 1956 videretur.
1253 1925 1272 1944 ²*
1290 1925 1379 1955 Luce
1409 1925 1531 1955 dicitur
1556 1935 1616 1966 pro

889 1969 1046 1999 interdiu.
1083 1969 1178 2000 Offie.
1205 1969 1250 2000 iii.
1282 1971 1335 2000 ⁶24.
1370 1968 1435 1998 alia
1462 1969 1618 2009 exempla.

890 2013 1026 2052 collegit
1042 2013 1214 2043 Drakenb.
1231 2012 1273 2042 ad
1283 2013 1356 2043 Liv.
1372 2013 1505 2042 xxxviii.
1517 2013 1571 2043 36.

934 2057 1161 2096 ijclmzzelzus.
1185 2056 1224 2096 ῼ.
1240 2056 1292 2086 Fr.
1308 2056 1354 2086 iii.
1371 2059 1402 2090 7.
1434 2055 1520 2086 hanc
1535 2056 1616 2086 scri·

890 2101 940 2140 psi
956 2104 1033 2130 ante
1051 2100 1173 2138 lucem,
1190 2100 1231 2130 ad
1247 2101 1464 2139 chlmuckum
1488 2099 1617 2139 ligneo-

890 2144 974 2182 lum,
991 2145 1046 2183 qui
1070 2144 1151 2174 mihi
1175 2146 1247 2173 erat
1269 2142 1505 2183 perjucundus,
1527 2143 1616 2182 quod

890 2198 967 2217 eum
994 2191 1041 2225 te,
1064 2188 1209 2225 aiebant,
1225 2197 1302 2217 curn
1326 2195 1412 2217 esses
1439 2186 1542 2224 Sami,
1558 2196 1616 2217 cu·

889 2241 976 2262 rasse
991 2231 1192 2273 faciendum.
1225 2230 1418 2260 Lectionem
1434 2229 1521 2260 hane
1537 2239 1617 2260 con-

888 2279 943 2305 tra
967 2274 1135 2305 S-mitbum
1163 2278 1198 2304 et
1221 2274 1376 2304 Licetum
1402 2273 1563 2311 defendit,
1580 2278 1617 2304 et

888 2320 997 2359 ipsum
1013 2318 1122 2351 locum
1139 2318 1286 2348 illustrat
1300 2316 1478 2357 Spanhem.
1490 2317 1530 2347 de
1542 2316 1615 2348 Usu

887 2367 922 2393 et
939 2363 990 2392 Pr.
1004 2362 1108 2392 Num.
1124 2366 1150 2392 t.
1167 2362 1189 2392 i.
1205 2371 1237 2401 p.
1258 2363 1327 2395 170.

931 2406 1147 2446 Lymphatus.
1172 2406 1249 2436 Div.
1272 2405 1295 2434 i.
1311 2405 1364 2436 36.
1388 2404 1444 2434 Gr.
1468 2402 1614 2443 νυμφὸλη-

888 2460 973 2482 πτας.
998 2450 1046 2479 ita
1071 2449 1278 2486 dicebantur,
1296 2449 1352 2487 qui
1373 2447 1554 2488 nympham
1580 2457 1616 2478 a·

887 2493 1057 2531 quatit-am
1070 2493 1234 2530 viderant,
1247 2496 1281 2522 et
1294 2501 1415 2530 aquam
1424 2491 1593 2521 timebant

886 2535 976 2566 unde
988 2535 1107 2566 deinde
1120 2536 1159 2566 de
1171 2535 1369 2576 perterritis,
1381 2537 1416 2564 et
1429 2533 1618 2564 enthusias-

888 2589 943 2609 mo
966 2579 1077 2618 aliquo
1091 2579 1280 2610 furentibus
1294 2581 1334 2608 ut
1349 2578 1381 2609 h.
1398 2577 1419 2608 1.
1435 2577 1567 2608 dicitur.
1583 2587 1614 2608 v.

888 2622 1009 2662 Cuper.
1032 2623 1111 2653 obs.
1129 2624 1174 2653 iii.
1201 2625 1250 2654 12.
1279 2621 1438 2653 Heinsius
1467 2625 1503 2652 et
1527 2621 1616 2652 Dra-

884 2666 985 2698 kenb.
1003 2666 1045 2697 ad
1058 2666 1178 2697 Silium
1193 2667 1216 2697 i.
1228 2668 1303 2700 459.

1225 2795 1274 2827 Μ.

925 2881 1217 2923 Illacltoerophorus.
1233 2882 1275 2913 ad
1296 2881 1337 2922 Ω.
1353 2881 1406 2914 Fr.
1425 2882 1460 2914 ii.
1483 2884 1534 2914 10.
1557 2876 1622 2922 «μί,

883 2928 941 2966 sit,
955 2937 1024 2962 non
1039 2928 1119 2959 satis
1135 2930 1266 2958 certum
1280 2928 1374 2967 puto.
