1804 3178
619 153 765 184 innnx
795 134 1088 186 ιΑπΝιτΑτ-ιε.

147 245 298 284 mado,
324 245 499 287 permitto.
528 243 580 284 Ag
583 253 608 276 r.
625 244 647 274 i.
674 247 702 274 1.
737 251 833 284 agros

102 289 277 320 concedere.
302 299 332 320 v.
356 293 391 319 et
413 287 594 319 concessio.
630 287 650 307 ⁶
672 286 763 317 cedo.
788 286 829 317 ad

105 332 180 363 Div.
197 333 238 363 iv.
263 336 294 363 3.
316 332 448 363 concedo
471 331 613 368 nemini,
640 330 697 370 qui
723 330 830 368 maio·

105 385 174 406 rem
191 385 231 406 ex
255 376 402 417 pernicie
417 375 498 415 reip.
514 373 704 405 molestiam
720 377 833 404 traxe·

107 419 161 449 rit.
184 420 256 450 Λα.
273 420 336 450 xiv.
357 422 406 449 18.
422 427 530 457 neque
553 418 583 447 ei
599 417 782 457 quidquam
796 417 830 447 in

105 461 338 503 desperatione
363 462 503 491 mne-edo.
537 461 631 492 Verr.
656 461 691 491 ii.
717 463 769 491 44.
793 465 832 491 ut

104 506 159 536 vix
175 505 320 546 Apronio
345 504 385 535 de
410 504 640 535 familiaritate
664 505 834 534 concedere

106 548 268 579 videatur.
292 548 388 579 Rosc.
404 548 480 578 Am.
498 550 551 579 40.
568 547 609 577 de
624 552 697 578 arte
722 557 833 577 conce-

105 592 191 623 dere.
208 591 275 622 huc
293 592 447 632 pertinet·
462 591 552 622 locus
572 591 670 621 Catil.
687 592 708 621 i.
727 595 759 625 9.
777 591 833 621 ubi

106 634 256 666 Gravius
277 634 378 665 habet
409 635 531 670 cedere,
554 635 708 674 maleque
733 638 834 674 negat

107 678 275 709 concedere
296 678 344 708 sic
367 678 444 708 dici.
478 679 496 697 ¹⁶
512 678 710 709 condonare.
740 678 834 708 Verr.

107 721 132 752 i.
144 723 198 756 49.
222 720 303 761 quid
318 725 369 752 est
391 721 481 752 aliud
507 727 646 762 peccata
669 722 836 752 concedere

107 765 277 803 omnibus,
301 765 344 795 cf.
366 765 423 795 Or.
448 766 570 797 iii.·51.
595 765 691 796 Rosc.
709 764 783 794 Am.
808 768 835 794 1.

110 816 219 848 neque
233 811 360 839 temere
384 809 474 838 dicto
497 809 623 839 concedi
646 813 768 848 potest.
795 808 836 838 ad

110 851 188 882 Div.
203 852 246 882 vi.
258 852 290 883 6.
314 861 381 881 non
395 856 495 892 putat
510 861 545 882 se
561 852 726 882 sustinere
741 861 836 891 posse

111 903 229 926 causas
262 894 461 932 multorum,
485 896 511 925 si
536 896 610 931 sibi,
636 895 689 925 cui
710 895 836 933 justius

110 937 246 969 videtur
261 938 357 968 irasci
372 947 479 978 posse,
490 939 684 968 concesserit.
731 937 836 978 Inpri-

113 981 177 1012 mis
191 982 363 1022 eleganter
377 981 502 1012 dicitur
514 982 680 1012 concedere
691 981 835 1020 aliquem

114 1023 228 1063 alicui,
250 1034 329 1055 cum
353 1023 452 1055 alicui
476 1026 680 1064 ignoscimus
702 1025 837 1055 alterius

112 1077 226 1099 causa.
242 1077 272 1098 v.
287 1078 316 1098 c.
334 1067 483 1098 Marcell.
502 1072 528 1099 l.
546 1079 624 1099 cum
634 1068 680 1099 M.
696 1068 835 1098 Marcel-

115 1110 187 1142 ium
209 1111 340 1142 senatui
364 1111 554 1152 populoque
580 1112 620 1142 n.
652 1113 838 1143 concessas-ii.

115 1154 211 1185 Prov.
241 1154 340 1185 Cons.
376 1159 423 1186 18.
452 1156 618 1185 concedere
647 1156 840 1185 inimicitias

114 1198 198 1238 reip.
225 1198 266 1228 cf.
285 1198 394 1237 Ligar.
417 1200 466 1229 12.
492 1199 625 1229 Cluent.
652 1200 703 1234 69.
728 1199 839 1229 Etiam

110 1241 242 1281 judices
280 1241 452 1281 eleganter
489 1242 648 1272 (licuntur
676 1242 842 1272 concedere

117 1284 235 1316 alienis
251 1286 411 1325 peccatis,
434 1295 511 1315 cum
528 1285 704 1315 absolvunt
730 1285 841 1315 crimi-

117 1328 216 1359 nibus
232 1329 411 1359 convictos.
434 1328 526 1358 Verr.
546 1329 593 1359 iii.
617 1330 670 1363 96.
706 1331 725 1350 ³*
743 1329 841 1359 Dum.

119 1372 172 1402 36.
195 1381 300 1412 remp.
316 1373 485 1402 concedere
501 1373 599 1402 unius
615 1371 772 1402 discessu.
809 1372 842 1402 Si

118 1424 197 1446 vera
210 1419 260 1445 est
286 1415 398 1454 lectio,
421 1416 585 1446 cmm-edere
600 1415 633 1445 h.
661 1415 682 1445 l.
699 1422 750 1445 est
776 1415 844 1445 abi-

119 1468 167 1489 re.
194 1459 253 1489 sed
281 1459 486 1489 commodior
513 1464 566 1489 est
596 1459 696 1488 lectio
727 1458 843 1496 altera,

120 1511 220 1541 quam
229 1501 329 1532 habet
342 1502 528 1539 Graeviana,
537 1502 708 1532 comidere.
721 1502 739 1520 ³¹⁵
750 1497 844 1532 Rosc.

123 1546 218 1576 Com.
234 1545 265 1576 6.
282 1546 409 1575 crimen
423 1546 538 1584 gratiae
555 1545 751 1576 comedebas.
768 1546 800 1575 h.
813 1555 842 1575 e.

116 1588 357 1626 criminabare,
374 1589 490 1628 gratiae
513 1599 534 1618 a
550 1589 674 1619 Fannio
690 1589 846 1619 ineundae

121 1641 233 1663 causa.
256 1632 276 1651 *⁶
291 1631 366 1662 Cat.
383 1633 405 1663 i.
421 1637 452 1668 9.
482 1632 656 1663 comedere
668 1632 748 1672 reip.
761 1638 846 1662 tem-

122 1675 258 1716 poribus
274 1674 447 1712 dicuntur,
463 1676 519 1715 qui
531 1675 645 1706 serunt
659 1679 693 1706 et
702 1676 846 1713 faciunt,

115 1727 327 1759 quamquam
357 1719 468 1757 inviti,
485 1729 558 1758 quae
588 1720 669 1759 reip.
695 1723 849 1758 tempora

123 1761 310 1804 postulant.
334 1764 355 1784 ἕ
373 1762 458 1792 Phil.
475 1762 508 1792 ii.
527 1764 558 1793 2.
574 1763 771 1802 petitionem
789 1762 848 1792 ali-

123 1806 178 1837 cui
201 1805 383 1843 concedere,
398 1809 450 1836 est
473 1805 639 1836 abstinere
655 1815 675 1835 a
689 1806 848 1846 petendo,

119 1849 263 1880 alterius
282 1858 392 1879 causa.
423 1849 443 1868 *
458 1849 700 1889 obtemperare.
725 1849 848 1880 Caecin.

125 1895 180 1925 24.
208 1892 384 1924 Concedo-e
403 1891 510 1923 JCtis.
544 1893 563 1911 f*
578 1892 678 1923 Tusc.
701 1893 736 1922 ii.
762 1896 793 1926 7.
817 1893 848 1922 ei

123 1935 359 1967 eoncedendum
375 1940 427 1966 est
442 1937 604 1976 gementi,
620 1936 653 1967 h.
668 1946 698 1967 e.
714 1945 782 1966 non
798 1946 850 1967 re-

124 1978 384 2019 prehendendus
414 1983 478 2017 est,
504 1979 562 2010 sed
588 1980 619 2010 ei
649 1980 849 2021 permitten-

125 2023 208 2054 dum
224 2027 276 2052 est
291 2026 332 2053 ut
346 2027 472 2062 gemat.

173 2066 409 2097 Concelebrare.
433 2065 504 2096 lnv.
517 2066 539 2096 i.
556 2069 587 2098 3.
610 2065 722 2097 studia
743 2076 851 2098 conce-

128 2110 257 2140 lebrata
274 2109 315 2140 ab
330 2109 467 2149 optimis
484 2109 544 2140 &c.
567 2113 648 2140 sunt
672 2109 852 2150 diligenter

125 2156 274 2183 tractata
287 2156 322 2183 et
337 2152 439 2183 culta.
463 2151 581 2183 Manil.
597 2155 649 2184 21.
666 2154 757 2184 omni
780 2157 852 2184 stu-

119 2195 181 2227 -dio
196 2196 301 2227 visere
314 2200 350 2226 et
365 2196 585 2227 concelebrare
596 2208 606 2225 .·
629 2196 663 2227 h.
680 2206 709 2227 e.
727 2206 851 2237 magna

125 2239 317 2279 frequentia
330 2239 520 2270 honestare.

179 2283 353 2315 anza-entia.
369 2282 461 2313 Sext.
481 2286 533 2314 55.
553 2286 686 2313 caterva
700 2287 775 2314 tota
788 2283 852 2323 (hi—

126 2321 308 2366 strionum)
324 2325 507 2356 clarissima
521 2327 730 2364 concentione,
747 2328 781 2356 in
795 2336 852 2357 ore

127 2370 254 2411 impuri
279 2369 426 2401 hominis
452 2369 632 2400 imminens
657 2370 854 2400 concionata

122 2418 193 2444 est.

179 2457 364 2489 (hnc-entus.
389 2456 464 2487 Div.
481 2456 515 2486 ii.
536 2459 585 2487 15.
608 2460 776 2487 concentus
792 2466 851 2487 na-

129 2503 233 2538 turae,
261 2503 314 2531 est
339 2499 523 2539 συμπάθεια.
558 2499 615 2530 Or.
645 2500 692 2530 iii.
715 2500 746 2530 6.
783 2511 854 2531 con-

131 2547 246 2574 centus
267 2543 510 2580 doctrinarum,
536 2546 588 2573 est
608 2552 714 2573 nexus
735 2546 771 2574 et
799 2553 854 2574 co-

133 2587 250 2627 gnatio
264 2596 392 2617 earum.

182 2630 356 2670 Corweptio.
381 2629 452 2660 Inv.
470 2630 503 2660 ii.
523 2632 572 2663 19.
596 2629 640 2659 ibi
660 2630 768 2660 omnis
782 2640 854 2661 con-

133 2675 234 2714 ceptio
247 2673 452 2714 privatorum
462 2672 667 2712 judiciorum
680 2674 855 2704 constitui-

131 2722 199 2748 tur.
214 2727 244 2747 v.
259 2718 433 2757 concipcie,
449 2717 524 2747 init.

183 2760 380 2792 concertatio
404 2761 593 2798 verborum,
615 2759 716 2790 Tusc.
743 2759 776 2789 ii.
806 2763 855 2791 13.

134 2802 335 2843 λογομαχίαιι.

185 2847 447 2878 emmer-caterius.
478 2846 574 2877 Brut.
606 2849 658 2878 83.
688 2845 856 2885 Thucydi-

137 2889 195 2919 des
226 2889 288 2920 hoc
314 2890 445 2921 forense
473 2891 740 2921 concertantium
765 2889 858 2930 judi-

136 2932 220 2965 ciale
235 2942 303 2964 non
316 2933 475 2965 tractavit
489 2943 607 2974 genus.

1514 150 1592 189 233

925 245 1092 275 (hamio.
1127 245 1160 276 in
1188 246 1271 287 Tog.
1304 247 1406 278 Cand.
1436 252 1585 280 concessio

875 288 1146 327 competitorum.
1162 299 1190 319 v.
1206 291 1380 321 concedere.
1419 292 1437 310 θ
1453 293 1529 331 Agr.
1544 294 1593 324 iii.

876 334 907 361 3.
931 331 1136 361 eoncessiones
1157 339 1322 370 agrorum.
1345 333 1455 364 differt
1471 346 1589 366 concea-

875 376 919 404 sio
934 374 975 403 ab
988 374 1221 413 assignatione.
1268 375 1305 406 ln
1322 376 1380 407 illu.
1394 383 1444 408 est
1456 378 1593 418 simplex

876 417 1052 457 permissio
1080 418 1280 457 occupandi,
1316 419 1447 451 fruendi
1481 421 1539 451 ἁυ.
1567 432 1596 452 v.

874 460 1023 491 Turneb.
1041 459 1132 490 adh.
1150 460 1171 490 Ι.

924 504 1163 543 conclayliatus,
1176 513 1373 544 purpureus.
1398 505 1503 536 Phil.
1497 507 1594 541 1337.

877 548 1081 586 conchyliata
1098 548 1343 588 peristromata.

924 591 1100 622 Concidere.
1125 591 1191 631 Ωιι.
1205 590 1254 621 rr.
1276 592 1309 621 ii.
1326 594 1357 621 4.
1381 591 1564 630 Vatinium,
1579 603 1599 625 ι

876 644 941 673 quo
956 634 1066 675 palam
1084 634 1342 674 oppugnabatur
1353 635 1363 673 (
1366 644 1440 665 reus
1454 636 1598 674 Sextius,

876 687 935 718 pro
950 688 1015 717 quo
1030 682 1081 707 est
1096 678 1214 717 oratio)
1229 678 1390 708 arbitratu
1405 682 1518 708 nostro
1528 689 1604 709 con·

876 721 1025 758 cidinms,
1049 720 1111 751 diis
1135 721 1389 761 hominibusque
1410 721 1600 761 plaudenti-

877 765 938 794 bus
957 776 963 794 z
981 765 1075 794 sc.in
1095 764 1258 802 oratione,
1275 774 1300 795 s.
1329 766 1439 804 potius
1463 765 1604 796 interro-

878 808 1011 846 gatione
1024 807 1057 837 in
1071 807 1258 845 Vatinium,
1271 817 1337 847 qua
1351 809 1393 844 ci,
1411 810 1568 848 quic-quid
1583 820 1603 839 a

878 851 1053 882 tribunatu
1070 850 1202 881 sceleris
1226 857 1437 890 conceperat,
1467 853 1598 891 objecit.

879 897 899 916 Φ
916 894 1085 924 damnare.
1112 894 1177 934 Qu.
1206 894 1256 924 Fr.
1273 895 1307 925 ii.
1324 896 1355 925 6.
1378 895 1435 924 sed
1463 895 1524 925 hoc
1550 897 1602 926 in-

879 937 1092 968 commodum
1140 938 1356 968 consolantur
1396 938 1600 977 quotidianas

879 981 1110 1012 damnationes
1125 981 1350 1018 inimicorum,
1368 982 1400 1011 in
1417 983 1535 1020 quibus
1548 992 1602 1013 me

880 1024 1014 1054 lubente
1031 1025 1162 1054 Sei-vius
1189 1024 1301 1054 allisus
1317 1028 1379 1061 est,
1403 1027 1503 1055 ceteri
1530 1035 1602 1056 con-

879 1068 1045 1098 ciduntur.
1079 1070 1098 1089 ὕ
1115 1069 1296 1098 verberare.
1318 1068 1410 1098 Verr.
1426 1069 1448 1098 i.
1464 1072 1516 1102 47.
1541 1070 1606 1100 vir-

881 1112 929 1150 gis
947 1111 1075 1151 plebem
1094 1111 1131 1140 R.
1147 1112 1328 1141 conciderit.
1362 1112 1447 1141 *012
1461 1113 1513 1145 69.
1531 1122 1603 1143 con-

880 1155 986 1185 cidere
1009 1155 1191 1184 sententias
1207 1154 1379 1190 dicuntur,
1392 1156 1447 1194 qui
1459 1156 1604 1187 minutos

882 1207 1038 1228 numeros
1051 1203 1249 1236 sequuntur,
1263 1207 1329 1227 non
1346 1198 1486 1237 periodis
1504 1204 1603 1229 utun-

881 1247 949 1272 tur.
975 1241 994 1260 *
1013 1240 1173 1279 refellere,
1189 1245 1222 1270 et
1234 1241 1365 1280 quidem
1385 1242 1495 1280 paullo
1512 1252 1602 1272 acer-

883 1285 966 1315 bius.
991 1284 1070 1314 Nat.
1087 1284 1130 1314 1).
1147 1285 1168 1314 i.
1192 1287 1243 1315 33.
1267 1285 1426 1314 concidere
1456 1284 1600 1324 aliquem

882 1329 962 1359 totis
978 1327 1216 1358 voluminibus.

932 1371 1108 1402 Concidere.
1143 1373 1200 1401 Or.
1223 1374 1275 1402 43.
1301 1380 1380 1401 num
1410 1380 1490 1400 meae
1517 1377 1604 1402 artes

885 1416 1107 1445 cmzcidisxent:
1131 1414 1164 1444 h.
1189 1425 1217 1444 e.
1246 1414 1356 1444 nullus
1383 1424 1497 1444 earum
1525 1425 1604 1446 usus

886 1458 1028 1498 amplius
1044 1462 1141 1488 esset.

933 1502 1118 1532 (brzcilictre.
1134 1500 1225 1530 Verr.
1238 1501 1272 1530 ii.
1289 1503 1340 1531 55.
1363 1502 1534 1531 conciliare
1550 1511 1608 1542 pe-

887 1545 1034 1582 cuniam,
1057 1554 1114 1584 pro
1127 1554 1242 1584 capere
1259 1545 1389 1584 injustis
1407 1545 1524 1581 modis,
1541 1547 1604 1576 eri-

888 1598 977 1629 pere.
995 1588 1037 1618 cf.
1054 1587 1132 1618 ibid.
1158 1590 1210 1618 53.
1233 1587 1278 1617 iii.
1295 1591 1346 1618 30.
1361 1590 1411 1618 84.

907 1638 909 1640 “
937 1631 1128 1662 Conciliatz'o.
1151 1630 1223 1660 Fin.
1247 1631 1293 1660 iii.
1309 1632 1339 1661 G.
1360 1631 1467 1670 prima
1481 1633 1605 1662 concili·

888 1676 954 1706 atio
979 1674 1134 1705 hominis.
1158 1684 1187 1704 v.
1215 1674 1471 1704 commendatio.
1494 1674 1512 1693 ¹*
1529 1675 1607 1706 Nat.

890 1720 933 1750 D.
951 1718 984 1748 ii.
1008 1721 1060 1748 31.
1085 1718 1173 1748 inter
1184 1727 1217 1747 sc
1233 1717 1320 1747 civili
1338 1719 1556 1748 conciliatione
1570 1724 1606 1749 et

890 1762 1050 1792 societate
1060 1761 1186 1800 juncti.

937 1805 1209 1836 Conciliatricula.
1232 1805 1324 1835 Sext.
1346 1808 1377 1839 9.
1402 1803 1523 1835 blanda
1537 1814 1607 1835 con-

889 1849 1101 1886 ciliatricula,
1127 1847 1252 1878 dicitur
1281 1847 1435 1878 nobilitas
1460 1857 1545 1885 esse,
1568 1853 1608 1879 ut

891 1897 1024 1929 natura,
1040 1892 1242 1922 conciliatrix
1263 1894 1298 1921 et
1319 1891 1411 1930 quasi
1435 1891 1486 1921 sui
1517 1891 1607 1930 lena,

889 1936 969 1967 Nat.
986 1935 1062 1965 D.i.
1077 1937 1130 1969 27.
1160 1943 1233 1974 quse
1257 1934 1318 1965 sibi
1343 1943 1508 1974 quemque
1524 1945 1603 1967 con-

893 1979 1021 2010 ciliavit
1037 1983 1072 2008 et
1087 1977 1343 2008 commendavit.
1549 2012 1554 2016 Ἴ

940 2022 1081 2054 Concino.
1104 2021 1176 2052 Pin.
1197 2031 1228 2052 v.
1244 2023 1297 2052 28.
1319 2020 1466 2059 videsne,
1482 2026 1522 2052 ut
1536 2020 1609 2052 baee

891 2067 1060 2097 concinant
1074 2065 1091 2095 7
1112 2065 1193 2096 Nat.
1210 2065 1253 2095 D.
1275 2064 1309 2094 ii.
1326 2066 1357 2098 7.
1380 2065 1534 2095 omnibus
1558 2065 1610 2096 in-

891 2113 945 2140 ter
971 2118 1005 2139 se
1033 2109 1268 2139 concinentibus
1295 2107 1411 2138 mundi
1449 2108 1608 2148 partibus.

893 2154 984 2184 Sext.
1011 2153 1063 2183 21.
1101 2153 1262 2182 concinere
1288 2151 1368 2182 fata.
1409 2151 1472 2182 Sed
1500 2151 1607 2182 Graev.

893 2205 1024 2227 canere.

943 2239 1096 2270 Concinne
1107 2237 1316 2274 distributim,
1338 2238 1396 2268 Or.
1413 2238 1447 2269 ii.
1465 2241 1514 2272 19.
1545 2243 1610 2277 est,

893 2293 912 2314 e
927 2282 1174 2314 dialecticorum
1190 2281 1374 2321 praeceptis.

943 2326 1154 2357 concinnitas.
1191 2326 1248 2355 Or.
1279 2326 1331 2354 25.
1369 2323 1458 2354 illam
1495 2328 1609 2355 autem

894 2370 1152 2405 concinnitatem,
1176 2377 1250 2407 quae
1273 2367 1447 2397 verborum
1471 2367 1612 2399 colloca-

893 2414 1021 2444 tionem
1051 2411 1220 2442 illuminat
1244 2410 1295 2440 his
1314 2409 1510 2449 luminibus,
1538 2421 1611 2451 quai

895 2456 1000 2487 Graeci
1018 2454 1168 2495 σχήματα
1184 2453 1364 2495 appellant.
1388 2454 1447 2484 &tu

944 2498 1180 2531 Concinnitwlo.
1206 2497 1276 2527 Inv.
1292 2497 1312 2528 i.
1334 2500 1382 2528 18.
1406 2496 1521 2528 eadem
1538 2507 1612 2538 quae

894 2543 1100 2574 concinnitas.

943 2585 1133 2617 aninnus.
1164 2585 1222 2614 Or.
1254 2587 1303 2618 19.
1335 2584 1521 2614 sententias
1543 2594 1614 2616 con-

895 2631 1008 2660 cinnas
1021 2628 1126 2667 magis
1141 2627 1333 2667 exquirunt,
1345 2636 1443 2666 quam
1463 2627 1615 2667 probabi-

896 2673 943 2703 les
958 2671 1157 2714 philosophi.
1174 2670 1207 2700 li.
1222 2681 1251 2700 e.
1267 2679 1340 2710 quae
1359 2670 1464 2709 magis
1479 2677 1614 2711 propter

900 2725 1042 2746 acumen
1058 2714 1225 2755 placeant,
1238 2723 1338 2752 quam
1353 2714 1541 2744 veritatem.

944 2759 1062 2789 (hucin.
1085 2757 1156 2788 Att.
1182 2757 1224 2787 iv.
1247 2759 1279 2788 2.
1313 2758 1489 2787 concionem
1514 2757 1613 2788 alicui

897 2802 987 2840 dare,
1010 2801 1170 2832 dicuntur
1195 2800 1422 2840 mag-istratum,
1444 2810 1521 2830 cum
1550 2802 1615 2840 pri—

897 2852 1012 2876 vatum
1038 2844 1223 2881 hominem,
1248 2843 1302 2874 cui
1327 2853 1368 2874 ex
1395 2844 1508 2873 rostris
1535 2854 1610 2874 cum

898 2888 1020 2929 populo
1036 2887 1154 2928 agendi
1168 2891 1315 2928 potestas
1331 2896 1397 2917 non
1415 2893 1475 2923 est=
1495 2887 1527 2916 in
1543 2897 1612 2917 con-

897 2934 1018 2964 cionem
1035 2930 1237 2972 producunt,
1254 2930 1350 2969 cique
1373 2929 1503 2961 dicendi
1526 2934 1615 2972 pote·
