1800 3131
138 152 218 191 222

186 251 339 283 Ccaudm.
364 251 473 283 Pison.
486 254 538 284 28.
554 255 705 293 claudus,
721 265 861 295 quomo-

140 293 182 324 do
197 295 305 333 aiunt,
319 295 421 337 pilam
433 297 587 328 retinere.
598 299 807 338 proverbium
827 300 860 330 in

134 347 205 376 eos,
235 339 305 378 qui,
337 349 411 379 quae
440 350 460 370 a
481 342 639 381 magistro
670 342 860 379 audierunt,

138 385 269 420 tenent,
287 383 345 413 sed
361 392 467 423 neque
484 391 573 414 recte
584 385 790 425 intelligunt,
804 396 860 416 nc-

139 435 203 464 que
219 436 258 456 eo
274 431 364 456 recte
383 428 431 457 uti
449 434 598 467 possunt.
622 428 708 459 Nan»
727 430 862 459 claudus

137 469 172 499 in
193 469 270 509 pilae
292 469 370 500 ludo
393 470 440 501 nil
464 477 573 512 potest
596 473 656 502 nisi
680 472 779 512 pilam
801 472 862 502 sibi

139 512 300 543 traditam
327 514 484 551 retinere,
517 525 582 544 non
611 526 650 545 ea
674 526 713 545 ex
740 516 861 555 regulis

138 554 208 586 ludi
235 557 298 593 uti,
314 564 491 598 propterea
517 559 603 597 quod
619 569 749 589 currere
777 559 862 589 cele-

137 599 220 630 riter
236 609 302 629 non
318 607 438 640 potest.

187 642 365 674 Cluvio-ula.
390 644 468 674 Nat.
497 644 539 674 D.
565 645 597 675 ii.
618 647 670 678 47.
695 645 862 675 claviculis

137 686 395 727 apprehendunt
412 687 614 718 adminicula
630 688 725 717 vites.

187 730 387 760 claustrum.
405 732 536 761 Muren.
560 734 590 762 8.
615 741 691 760 cum
709 741 769 769 rgo
785 739 860 761 tan-

136 777 174 802 to
204 773 377 803 intervallo
394 776 540 804 claustra
558 774 742 805 nobilitatis
760 774 860 804 refre-

137 816 270 855 gisseni.

187 859 354 890 Clausala.
371 860 427 890 Or.
446 860 492 891 iii.
505 861 557 891 46.
581 862 746 891 clausulas
761 867 860 900 atque

141 903 360 942 interpuncta
373 904 549 934 verborum
567 905 686 935 animae
700 905 860 935 interclu-

139 946 188 976 sio
205 952 305 985 atque
322 948 486 985 angustiae
503 948 638 987 spiritus
659 948 860 979 attulerunt.

137 989 157 1007 ¹*
173 990 282 1019 exitus
298 989 431 1020 fabulae.
451 991 531 1021 Coel.
550 993 601 1025 27.
617 991 714 1022 Mimi
727 993 859 1031 estjam

137 1033 261 1070 exituS,
285 1042 351 1063 non
375 1034 495 1064 fabnlae
510 1046 516 1063 :
543 1034 577 1063 in
594 1045 659 1073 quo
675 1045 752 1065 cum
768 1037 862 1066 clau-

137 1078 213 1107 sula
227 1086 293 1106 non
311 1077 490 1116 invenitur,
506 1077 595 1117 fugit
611 1078 729 1118 aliquis
745 1089 762 1108 e
790 1089 860 1110 rna-

140 1120 251 1157 nibus,
269 1121 328 1150 &c.

187 1162 314 1194 Clavus.
337 1163 437 1194 Tusc.
462 1165 504 1195 iv.
535 1168 586 1195 35.
611 1167 700 1196 clavo
729 1167 864 1196 clavum⁴

139 1207 269 1246 ejicere.
293 1208 311 1226 *ι
322 1208 414 1238 Verr.
427 1218 456 1237 v.
469 1210 520 1239 21.
544 1208 588 1239 Et
604 1214 644 1239 ut
659 1209 720 1239 hoc
737 1209 860 1239 benefi-

138 1251 240 1288 cium,
271 1251 552 1291 quemadmodum
577 1252 714 1290 diceret,
741 1253 861 1283 trabali

137 1296 226 1324 clavo
240 1295 355 1335 figeret
372 1295 431 1326 ἃς.
447 1295 516 1326 ¹“ad
531 1297 602 1326 Att.
619 1306 648 1327 ν.
666 1299 713 1327 13.
730 1299 860 1327 clavum

139 1347 280 1368 movere.
292 1339 349 1369 ubi
364 1338 428 1369 vid.

186 1382 325 1422 clepere,
356 1382 472 1412 furari.
508 1382 608 1413 Tusc.
635 1383 669 1413 ii.
703 1386 752 1413 10.
781 1394 858 1414 eum

139 1423 256 1456 doctus
274 1426 490 1456 Prometheus
507 1427 648 1466 clepsisse
664 1426 750 1457 dolo.

186 1470 369 1510 Clepsydru.
382 1479 539 1500 mensura
562 1471 722 1510 temporis
739 1480 855 1509 aquea.

137 1513 194 1543 Or.
211 1513 244 1543 iii
261 1517 313 1544 34.
331 1518 366 1543 at
382 1513 471 1543 hunc
487 1523 554 1543 non
564 1513 727 1543 clamator
742 1514 859 1554 aliquis

137 1556 179 1586 ad
197 1557 400 1596 clepsydram
417 1556 537 1586 latrare
559 1557 728 1587 docuerat.
755 1568 785 1588 v,
803 1557 859 1588 Al-

138 1599 322 1631 meloveen.
346 1600 387 1630 ad
417 1599 560 1640 Quintil.
579 1602 633 1631 xii.
658 1601 688 1631 6.
713 1606 748 1630 et
777 1611 858 1640 quos

136 1643 181 1674 ibi
196 1643 323 1674 laudat.
344 1643 443 1674 Tusc.
460 1645 493 1674 ii.
509 1650 593 1674 extr.
609 1644 649 1674 de
665 1645 856 1685 disputante

137 1687 260 1718 dicitur
276 1687 318 1717 ad
333 1688 546 1727 clepsydram.

186 1730 329 1761 Clitelloe.
378 1731 449 1761 Att.
475 1741 504 1762 v.
541 1734 589 1762 15.
629 1733 753 1762 clitellae
783 1732 857 1763 bovi

135 1779 216 1805 sunt
229 1775 405 1814 impositae.
424 1775 633 1815 proverbium
650 1775 684 1804 in
701 1785 768 1814 eos,
786 1776 858 1814 qui-

135 1818 197 1849 bus
213 1818 346 1857 aliquid
363 1819 489 1857 negotii
513 1818 623 1856 datur,
641 1819 694 1848 cui
715 1819 857 1849 admini-

137 1862 274 1891 strando
315 1862 426 1892 idonei
462 1871 528 1892 non
559 1867 648 1893 sunt.
711 1862 853 1894 Clitellae

139 1905 230 1935 enirn
247 1905 347 1935 asinis
365 1906 599 1945 imponuntur,
617 1915 683 1936 non
697 1905 813 1936 bubus.

186 1949 295 1979 Cludo.
319 1948 475 1979 laudatur
487 1958 504 1978 e
521 1949 600 1980 Nat.
616 1949 658 1979 D.
676 1950 709 1979 ii.
723 1952 774 1984 39.
798 1949 857 1980 sed

137 1991 181 2022 ibi
204 1992 239 2022 in
264 1991 364 2022 Gron.
387 2000 436 2022 est
451 1991 568 2023 eludit.
594 1993 628 2022 in
650 1993 856 2024 Davis.allu—

136 2035 208 2073 dit;
226 2045 333 2075 neque
348 2037 448 2066 cludit
457 2042 573 2075 aptum
589 2041 640 2066 est
651 2036 728 2067 huic
746 2036 828 2068 loco.

184 2079 324 2119 Clypens.
341 2080 435 2109 Orat.
446 2083 498 2113 71.
506 2081 655 2120 clypeum
667 2080 856 2118 dissolvere,

136 2122 259 2152 dicitur
278 2124 311 2154 in
328 2133 396 2160 eos,
411 2124 466 2162 qui
483 2133 532 2153 res
542 2124 680 2162 junctas
697 2128 732 2154 et
755 2134 857 2165 copu-

134 2165 219 2196 latas
235 2166 441 2197 dissolvendo
453 2172 684 2206 corrumpunt.

183 2210 387 2241 Coacervare.
410 2211 527 2250 Agrar.
550 2211 583 2240 ii.
599 2213 652 2242 25.
668 2221 857 2242 coacervare

133 2262 240 2292 agros.

183 2297 336 2328 Coacesco.
370 2298 463 2328 Cato.
484 2300 532 2329 18.
564 2307 631 2327 non
647 2298 755 2328 onmis
774 2302 855 2329 aetas

133 2345 300 2371 vetustate
317 2343 476 2372 coacescit.

183 2384 322 2421 Coactor,
341 2385 476 2422 dicitur,
501 2385 557 2424 qui
580 2385 616 2415 in
642 2385 853 2416 auctionibus

133 2429 289 2467 pecunias
306 2429 409 2468 cogit,
427 2438 499 2468 quae
523 2429 563 2458 ab
586 2429 769 2458 emtoribus
791 2429 855 2459 sol-

133 2468 248 2501 ‘vendae
276 2477 368 2509 sunt,
394 2477 429 2502 et
458 2477 509 2502 est
533 2472 601 2502 fere
633 2473 852 2511 argentarius.

132 2513 268 2545 Cluent.
281 2516 332 2546 64.
348 2516 453 2545 nostri
468 2528 474 2545 :
494 2516 650 2546 Cassirer.
667 2526 696 2546 ν.
713 2515 852 2548 salmas.

131 2557 172 2587 de
190 2558 306 2588 Usuris
323 2569 351 2588 c.
377 2562 424 2593 17.
440 2569 472 2599 p.
488 2562 563 2594 497.
579 2565 613 2589 et
636 2559 742 2589 Graev.
760 2560 801 2590 ad
817 2560 850 2591 h.

131 2599 154 2631 l.
178 2602 242 2631 Sed
268 2606 302 2632 et
324 2602 446 2632 dicitur
478 2603 517 2632 de
541 2602 708 2640 omnibus,
734 2604 789 2642 qui
816 2604 852 2634 in

130 2654 339 2684 quocumque
357 2647 490 2685 negotio
517 2647 674 2686 cogendae
699 2647 851 2686 pecuniae

130 2689 275 2718 ministri
301 2693 390 2719 sunt.
414 2700 444 2719 v.
463 2689 596 2721 Manut.
613 2690 655 2720 ad
679 2689 711 2720 h.
738 2689 760 2720 1.
796 2691 850 2721 Sic

128 2730 242 2762 Rabir.
266 2732 354 2762 Post.
390 2736 437 2763 11.
470 2739 587 2763 utrum
625 2734 848 2764 accessionem

128 2775 292 2812 decumae,
310 2781 349 2806 ut
363 2777 467 2806 nostri
489 2778 597 2807 facere
620 2781 777 2808 coactores
797 2788 849 2808 so-

128 2817 212 2856 lent,
229 2826 309 2849 sunt
330 2820 476 2850 ministri
501 2820 769 2860 publicanorum,
792 2823 849 2861 qui

126 2862 284 2893 decumas
299 2863 448 2902 exigunt.

174 2906 316 2936 Coactus.
341 2906 464 2937 Caecin.
484 2910 532 2937 11.
552 2910 601 2937 12.
625 2909 723 2938 coacti
738 2907 845 2938 homi-

644 163 791 194 INDEX
819 165 952 194 LA'rlN
960 165 1113 194 ITA'HS·

907 259 955 286 13.
969 258 1020 286 21.
1036 260 1071 286 et
1086 254 1256 295 significat
1272 257 1393 286 coactos
1407 253 1449 285 ad
1465 254 1531 286 vim
1547 253 1629 286 sacl-

903 300 1035 330 endam.

953 343 1165 383 (oa’dg‘ficare.
1195 341 1264 372 Att.
1296 341 1363 371 xiii.
1389 344 1442 371 33.
1466 351 1623 382 campum

905 385 1067 416 Martium
1087 387 1286 426 cooedffiwri.
1311 384 1427 414 partit.
1444 394 1491 415 or.
1511 389 1560 417 10.
1579 385 1626 416 lo-

905 439 962 459 cus
978 430 1192 470 coaedg‘ficntus
1207 429 1387 469 opponitur
1398 435 1503 459 vasto.

953 472 1133 512 (hoequare.
1156 473 1249 503 Verr.
1265 473 1310 502 iii.
1327 475 1380 502 41.
1396 472 1511 502 omnia
1525 471 1568 502 ad
1588 470 1628 502 li-

904 515 1053 546 bidinem
1069 526 1162 546 suam
1180 526 1342 556 cocequarc
1354 527 1363 544 :
1387 515 1419 545 h.
1432 526 1460 545 c.
1477 524 1627 546 summos

905 564 938 588 ct
962 559 1107 596 infimos,
1144 569 1239 589 sacra
1272 564 1307 589 et
1341 559 1479 599 profana
1508 558 1626 588 eodem

905 602 1003 631 modo
1019 613 1077 642 pro
1092 603 1227 633 libidine
1243 607 1400 641 tractare,
1414 601 1497 632 nulli
1514 612 1627 642 parce-

906 655 939 675 re
958 645 1017 675 &c.

953 688 1078 718 coaevus
1111 687 1251 719 laudant
1277 700 1294 718 e
1327 689 1440 719 Vatin.
1469 692 1517 720 13.
1562 688 1627 719 Sed

904 731 1055 762 meliores
1072 731 1175 762 Codd.
1198 737 1233 762 ct
1256 732 1330 763 edd.
1348 733 1472 763 habent
1489 742 1627 772 coquos,

904 775 991 814 quod
1014 780 1065 806 est
1087 781 1228 806 rectum.
1280 776 1403 806 Cooevus
1423 785 1490 806 non
1513 783 1565 807 cst
1588 786 1626 807 u-

902 819 1004 849 sitata
1015 819 1100 849 bono
1117 819 1267 859 scriptori
1285 829 1357 849 vox.

950 863 1192 903 Coagmcntarc.
1217 862 1300 893 Phil.
1325 863 1380 893 vii..
1403 865 1434 896 7.
1457 872 1625 901 coagmen-

902 911 975 937 tare
1012 917 1139 946 pacem.
1175 907 1269 937 Brut.
1308 909 1358 940 17.
1397 910 1625 944 coagmentare

902 950 1012 987 verba,
1036 957 1086 980 est
1118 956 1194 990 apte
1225 949 1386 980 collocare
1424 954 1458 979 et
1488 949 1625 980 vincire.

903 993 1000 1024 Unde
1033 994 1089 1024 Or.
1113 994 1159 1023 iii.
1184 997 1236 1024 43.
1274 996 1518 1031 coagmentatus
1547 1003 1625 1023 con-

903 1045 1018 1067 cursus
1063 1037 1251 1073 vorborum,
1284 1037 1466 1077 opponitur
1502 1036 1625 1067 hiulco.

902 1079 921 1098 *²
937 1091 954 1110 c
971 1081 1120 1120 partibus
1133 1081 1267 1110 diversis
1285 1080 1499 1120 compositus.
1523 1080 1625 1111 Tusc.

903 1124 922 1153 i.
948 1126 999 1158 29.
1032 1123 1113 1154 nihil
1138 1129 1189 1154 est
1212 1125 1246 1154 in
1270 1124 1388 1163 animis
1419 1128 1625 1163 coagmenta-

903 1172 985 1197 tum.
1010 1167 1043 1197 h.
1071 1178 1100 1197 e.
1124 1167 1218 1197 liberi
1234 1171 1313 1197 suut
1328 1167 1431 1196 animi
1447 1177 1466 1197 a
1489 1177 1624 1197 concre-

901 1211 1007 1247 tione,
1041 1210 1122 1240 nihil
1160 1217 1210 1241 est
1244 1211 1280 1240 in
1316 1211 1356 1240 iis
1393 1211 1550 1248 mixtum,
1585 1219 1628 1241 ut

903 1254 976 1284 aliis
993 1254 1072 1284 locis
1089 1254 1181 1284 dicit.

951 1298 1107 1335 chaaceio,
1131 1298 1223 1328 Verr.
1253 1298 1301 1328 iii.
1326 1300 1377 1328 81.
1409 1298 1545 1328 Crimen
1569 1302 1624 1328 est

904 1352 943 1372 ex
960 1343 1140 1372 coauctz'one
1162 1351 1303 1372 annonae
1326 1346 1426 1379 atque
1450 1341 1623 1371 aestimati-

902 1386 986 1415 onis.
1031 1385 1108 1415 Non
1132 1385 1263 1415 crimini
1292 1385 1391 1415 datur
1415 1385 1509 1415 Verri
1532 1386 1622 1415 aesti-

901 1439 1009 1459 masse
1038 1429 1260 1465 frumentum,
1293 1434 1327 1458 et
1358 1438 1417 1468 pro
1451 1427 1622 1458 frumento

900 1473 1076 1512 pecuniam
1115 1473 1292 1512 accepisse,
1315 1471 1373 1502 sed
1403 1472 1502 1501 nimis
1531 1481 1624 1511 mag·-

901 1526 979 1546 nam
995 1516 1170 1556 pecuniam
1189 1526 1248 1556 pro
1274 1515 1446 1546 frumento
1463 1516 1622 1555 coegisse.

950 1560 1069 1590 Coetus.
1093 1560 1163 1590 Att.
1187 1560 1256 1589 xiii.
1280 1562 1332 1590 52.
1356 1560 1440 1589 bene
1462 1563 1566 1590 coctus
1587 1562 1624 1590 et

902 1603 1055 1633 conditus
1070 1613 1190 1633 sermo.

949 1647 1061 1677 Codex.
1099 1647 1195 1676 Raso.
1227 1646 1321 1676 Com.
1355 1649 1382 1676 1.
1421 1645 1629 1686 Simpliciter

899 1690 1023 1721 dicitur
1045 1700 1104 1729 pro
1122 1690 1245 1720 tabulis
1269 1694 1481 1730 acceptorum
1506 1694 1542 1719 et
1563 1699 1625 1720 ex—

899 1744 1089 1774 pensorum.

947 1778 1094 1807 Codicilli.
1118 1775 1158 1806 ad
1175 1776 1250 1806 Div.
1266 1777 1308 1806 vi.
1336 1779 1385 1806 18.
1401 1776 1517 1806 statim
1532 1786 1622 1815 quae-

898 1821 958 1851 sivi
983 1831 1002 1850 a
1024 1820 1126 1851 Balbo
1150 1830 1208 1860 per
1233 1821 1396 1850 codicillos·
1419 1819 1484 1859 Qu.
1508 1819 1559 1850 Fr.
1584 1820 1620 1851 ii.

902 1869 952 1896 11.
976 1864 1150 1905 epistolam
1174 1863 1260 1893 hanc
1284 1863 1432 1893 convicio
1461 1863 1623 1903 efflagita-

899 1913 979 1939 runt
1002 1909 1137 1938 codicilli
1152 1908 1214 1937 tui.
1238 1908 1325 1937 Sunt
1347 1911 1461 1936 autem
1485 1907 1622 1938 codicilli

899 1952 1027 1982 codices
1044 1952 1147 1982 cerati
1163 1950 1299 1980 minoris
1310 1950 1438 1987 formae,
1454 1950 1489 1980 in
1501 1951 1621 1990 quibus

898 2000 1076 2026 testatores
1099 1994 1308 2025 voluntatem
1327 1994 1399 2024 sine
1422 1993 1492 2024 ulla
1513 1993 1622 2024 solen-

901 2041 1021 2076 nitate,
1048 2048 1121 2078 quae
1156 2039 1190 2067 in
1224 2037 1436 2067 testamentis
1459 2037 1620 2068 faciendis

900 2083 1090 2119 adhibetur,
1114 2081 1298 2119 declarant,
1321 2082 1402 2111 item
1435 2081 1470 2110 in
1501 2081 1620 2120 quibus

898 2126 1047 2167 epistolae
1069 2126 1280 2156 scribuntur:
1306 2124 1394 2154 unde
1418 2134 1477 2164 pro
1500 2125 1623 2164 episto·

899 2170 938 2200 lis
961 2171 996 2200 in
1033 2168 1224 2208 hujusmodi
1254 2167 1377 2198 tabulis
1403 2168 1548 2207 scriptis,
1585 2174 1620 2199 et

900 2224 958 2254 pro
981 2213 1155 2243 voluntate
1191 2211 1316 2242 mortui
1344 2211 1408 2241 hoc
1441 2210 1541 2241 modo
1563 2211 1621 2241 de-

903 2257 1029 2287 clarata
1050 2260 1234 2297 ponuntur.
1258 2266 1288 2285 ν.
1305 2254 1442 2284 Salmas.
1465 2253 1506 2284 de
1531 2254 1621 2286 mod.

899 2301 998 2331 Usur.
1022 2311 1050 2330 c.
1073 2303 1121 2331 10.
1145 2310 1177 2339 p.
1200 2302 1275 2333 419.
1298 2298 1341 2327 cf.
1371 2297 1524 2338 inprimis
1545 2298 1621 2328 Ma·

899 2352 971 2374 nut.
990 2344 1031 2374 ad
1047 2343 1116 2374 Cic.
1132 2353 1206 2382 epp.
1224 2342 1265 2372 ad
1282 2342 1348 2381 Qu.
1362 2341 1404 2371 fr.
1421 2340 1442 2370 l.
1459 2351 1488 2371 c.

948 2388 1094 2418 Coelestis.
1118 2386 1202 2416 Phil.
1226 2396 1257 2416 ν.
1285 2388 1333 2415 11.
1356 2384 1502 2424 legiones
1535 2384 1619 2415 divi-

898 2440 949 2461 nae
973 2436 1007 2461 et
1029 2433 1183 2462 coelestes‚·
1210 2439 1283 2468 quae
1299 2438 1370 2459 rem
1393 2428 1519 2468 optime
1542 2432 1577 2458 et
1599 2438 1619 2462 e

896 2475 1066 2514 republica
1080 2477 1265 2514 gesserunt.
1287 2483 1318 2502 v.
1340 2472 1457 2502 Heins.
1477 2471 1518 2501 ad
1531 2471 1618 2503 vell.

896 2518 929 2548 ii.
948 2521 1000 2549 24.
1018 2521 1047 2549 3.
1065 2518 1120 2557 qui
1133 2527 1150 2546 e
1166 2516 1332 2546 memoria
1345 2514 1494 2545 laudavit
1507 2514 1634 2546 Verri-·

897 2571 955 2591 nas
973 2572 1030 2601 pro
1049 2560 1252 2601 Philippicis.

944 2605 1075 2635 Caelum.
1091 2605 1163 2634 Att.
1175 2604 1209 2633 ii.
1220 2607 1251 2637 9.
1266 2603 1376 2636 1930.
1397 2601 1431 2631 in
1447 2602 1521 2632 coelo
1535 2611 1618 2633 esse.

894 2647 927 2678 h.
944 2658 974 2679 e.
1009 2648 1224 2679 vehementer
1243 2645 1381 2676 laudari.
1400 2644 1480 2676 ibid.
1497 2645 1561 2676 xvi.
1585 2646 1618 2681 6,

894 2692 927 2721 in
942 2694 1056 2722 coelum
1074 2691 1162 2721 ferri.
1180 2690 1258 2720 ibid.
1280 2690 1314 2719 ii.
1335 2691 1362 2718 1.
1386 2687 1492 2727 digito
1507 2698 1541 2718 se
1558 2699 1618 2719 coe·

893 2737 959 2766 lum
978 2739 1100 2775 putant
1113 2734 1278 2773 attingere
1295 2744 1302 2762 τ
1326 2731 1360 2762 h.
1376 2741 1406 2761 e.
1417 2741 1451 2761 se
1467 2732 1620 2763 beatiss-i.-

893 2789 964 2809 mos
988 2782 1123 2819 putant.
1147 2777 1232 2807 Phil.
1255 2776 1290 2806 ii.
1312 2777 1366 2806 42.
1404 2774 1443 2804 de
1465 2777 1539 2806 coelo
1560 2776 1617 2806 de-

895 2823 1026 2852 traxisti
1049 2821 1230 2860 collegam:
1255 2819 1379 2855 fecisti,
1396 2822 1435 2848 ut
1450 2822 1537 2849 esset
1551 2819 1618 2850 dis-

892 2866 1010 2896 similis
1023 2866 1087 2903 sui,
1098 2869 1135 2895 ut
1149 2863 1259 2904 paullo
1272 2866 1348 2903 post
1359 2862 1455 2899 dicit,
1467 2862 1616 2901 adeoque

891 2908 1026 2940 laudem
1056 2914 1188 2949 partam
1219 2906 1404 2937 amitteret.
1443 2905 1522 2936 ibid.
1557 2907 1615 2936 44.

127 2958 186 2982 nes
202 2954 238 2980 et
251 2950 385 2981 armati.
401 2954 453 2981 est
464 2951 603 2982 verbum
618 2951 802 2983 interdicti.
815 2962 843 2983 c.
888 2952 995 2994 gloria
1020 2962 1094 2993 quae
1123 2951 1178 2982 vix
1205 2952 1279 2982 eccla
1305 2949 1379 2991 capi
1405 2958 1499 2991 posse
1526 2947 1617 2982 vide-
