1800 3131
131 97 216 138 340

642 104 787 134 INDEX
824 105 1120 137 LATINITATIS.

135 197 212 226 lacu
249 191 435 225 fervidam
445 192 628 224 orationem
658 193 864 234 fugiendam.
903 196 1030 235 jurare.
1051 206 1080 226 v.
1097 194 1223 235 jurare.
1241 193 1387 245 Jupiter
1409 194 1507 236 lapis,
1530 199 1581 226 est
1605 195 1643 227 ὃ·

136 238 261 276 Lacus,
273 241 314 268 ut
325 248 365 267 ex
378 246 447 277 lpso
459 237 532 267 loco
546 242 652 277 patet,
665 243 716 268 est
727 238 866 276 dolium,
912 241 1004 269 πλοῦν
1027 239 1091 269 ἀντὶ
1115 238 1268 277 κτητικοῦ,
1294 244 1334 269 ut
1356 239 1574 270 Grammatici
1597 239 1646 270 10-

135 282 170 312 in
187 281 275 320 quod
298 285 446 311 mustum
464 281 623 319 mittitur,
638 281 743 312 donec
763 281 869 312 defer-

134 325 259 362 buerit,
275 328 309 355 et
333 326 368 354 in
390 329 494 355 testas
518 324 652 356 defundi
671 325 783 365 possit.
808 325 868 365 Ap.

135 368 313 408 Virgilium
328 374 444 399 tamen
458 368 577 409 Georg.
594 369 628 398 ii.
652 369 727 398 init.
750 372 800 398 est
814 378 870 398 vas

138 412 298 443 torculari
321 413 542 452 suppositum,
560 413 592 442 in
617 412 703 452 quod
720 418 870 442 mustum

141 455 270 487 defluit.
303 456 428 486 Vinum
456 456 495 486 de
523 455 611 486 dolio
640 459 673 485 et
707 457 795 493 lacu,
823 457 874 484 est

141 504 307 538 mustum,
333 501 446 529 vinum
475 509 613 537 recens;
642 504 676 528 ct
701 499 806 528 oratio
833 498 871 527 de

141 545 217 574 lacu
246 546 296 573 est
325 553 376 581 ea,
403 553 475 583 quae
506 543 669 573 novitates
699 542 873 572 verborum

142 590 365 618 consectatur.

184 630 300 662 Loena.
330 630 423 660 Brut.
455 631 503 659 14.
535 629 582 659 M.
612 627 770 668 Popillius
797 636 874 657 cum

141 672 268 704 Consul
290 677 390 710 esset,
406 672 588 712 eodemque
606 677 758 712 tempore
775 671 874 701 sacri-

140 717 256 748 ficium
294 716 464 757 publicum
501 725 578 745 cum
618 717 700 745 loena
736 715 875 752 faceret,

141 761 231 800 quod
254 767 326 790 erat
347 760 467 789 flamen
493 758 724 789 Carmentalis.
771 758 874 789 Loemz

141 808 194 834 est
215 804 336 844 duplex
353 803 496 832 amictus
516 804 594 843 (quo
611 812 780 843 purpureo
803 807 875 832 ute-

140 847 266 878 bantur
282 845 446 884 flamines)
466 846 609 886 injectus
626 856 725 886 super
745 850 874 885 togam,

141 891 259 921 similis
280 890 456 929 chlam3di.
479 899 509 919 ν.
533 890 658 919 Ferrar.
682 889 722 920 R.
737 889 777 919 V
802 899 835 929 p.
853 889 874 918 i.

141 932 875 974 liclsspnlic9Ruben11

147 979 197 1008 14.

185 1020 308 1051 Loetus.
331 1021 425 1051 Orat.
442 1021 463 1051 i.
485 1023 532 1052 18.
557 1022 669 1051 laetum
685 1029 791 1060 genus
806 1029 877 1050 ver-

142 1064 272 1096 borum.

188 1108 334 1145 Loelz'tia,
351 1107 568 1147 distinguitur
587 1117 606 1138 a
618 1106 738 1147 gaudio
754 1106 788 1136 in
805 1106 878 1147 phi-

139 1150 303 1192 losophia,
321 1151 460 1181 docendi
478 1161 604 1181 caussa.
627 1151 726 1181 Tusc.
742 1150 784 1180 iv.
803 1154 855 1181 31.

187 1196 304 1234 ἱιιεῑζὶε.
334 1194 427 1225 Orat.
443 1195 490 1226 iii.
506 1198 558 1225 43.
592 1196 678 1225 loevz's
697 1203 877 1225 concursus

141 1240 331 1276 verborum,
348 1239 531 1278 opponitur
543 1238 667 1269 hiulco.

184 1282 343 1313 Lamina.
368 1282 498 1312 Verrin.
521 1292 550 1312 v.
577 1283 629 1313 63.
653 1281 806 1311 ardentes
829 1283 878 1312 la-

140 1327 260 1357 minoe:
288 1332 368 1356 sunt
391 1326 480 1356 inter
502 1326 729 1356 instrumenta
752 1326 878 1357 crucia-

139 1375 207 1401 tus.

186 1414 373 1452 Languide.
396 1413 534 1444 Tuscul.
552 1423 580 1443 v.
596 1417 628 1448 9.
653 1412 809 1452 languide
829 1412 878 1443 di-

141 1463 255 1488 ctum:
282 1463 346 1495 est,
364 1468 429 1496 quo
452 1457 608 1494 fortunae,
631 1457 794 1496 rebusque
815 1456 878 1486 hu-

141 1501 248 1531 manis
275 1501 393 1531 ceteris
416 1501 527 1540 aliqua
552 1501 593 1531 ad
620 1501 752 1531 beatam
777 1501 878 1531 vitam

140 1546 187 1575 vis
205 1545 377 1583 tribuitur.

187 1589 396 1627 Languidus.
419 1589 475 1619 Or.
491 1588 512 1619 i.
531 1589 583 1619 52.
607 1587 647 1618 de
671 1587 880 1628 philosopho.

141 1641 171 1663 v.
193 1633 361 1671 languide.

188 1676 425 1714 Languncuza.
462 1675 532 1705 Att.
564 1676 607 1705 vi.
640 1678 669 1705 1.
704 1679 795 1706 extr..
816 1684 878 1705 vox

141 1724 311 1759 corrupta,
336 1729 395 1759 pro
419 1729 484 1758 qua
508 1718 638 1755 Bosius,
662 1718 879 1759 probantibus

144 1763 320 1800 Lambino,
337 1762 440 1793 Junio
462 1762 613 1802 aliisque,
630 1761 879 1802 plangunculae,

141 1818 159 1836 e
184 1816 293 1846 graeco
316 1804 487 1845 πλαγγὼν,
504 1816 584 1845 quas
609 1805 691 1836 dicit
704 1805 806 1836 fuisse
819 1816 880 1845 pu-

141 1849 230 1880 sillas
248 1850 411 1889 imagines
428 1859 552 1887 cereaS,
569 1859 687 1890 pupas,
705 1849 744 1879 de
761 1850 879 1888 quibus

141 1894 206 1924 vid.
225 1894 335 1933 ipsum
360 1893 508 1923 Bosium.
532 1893 589 1923 scd
614 1893 761 1923 Graew‘us
779 1898 880 1933 negat

141 1947 212 1968 esse
234 1937 379 1967 latinum
395 1937 545 1974 verbum,
562 1942 596 1966 et
618 1936 747 1967 mavult
769 1947 880 1968 corru-

140 1984 234 2022 ptam
260 1990 375 2010 vocem
398 1981 554 2011 retinere.
574 1991 603 2010 v.
620 1981 653 2011 in
671 1980 881 2022 planguncu-

145 2025 188 2055 la.

188 2067 342 2099 Lanisca.
373 2071 425 2097 est
456 2067 616 2107 magister
645 2066 881 2107 gladiatorum,

144 2112 241 2143 Rosc.
259 2111 297 2141 A.
316 2111 346 2141 6.
362 2114 416 2141 40.
447 2111 549 2141 Attic.
567 2112 589 2141 i.
610 2111 658 2141 16.
690 2121 778 2150 reus,
795 2116 882 2142 tam-

144 2165 245 2194 quam
276 2154 422 2185 clemens
455 2155 587 2191 lanista,
617 2154 881 2194 frugalissimum

143 2208 309 2238 quemque
336 2203 537 2228 secerneret.
587 2198 741 2228 Clemens
763 2200 883 2229 lanista

144 2246 207 2280 est,
235 2243 293 2281 qui
320 2251 452 2272 servum
477 2242 566 2281 frugi
593 2242 634 2272 ab
658 2243 697 2272 iis
724 2243 882 2281 secernit,

144 2296 225 2325 quos
248 2285 448 2325 gladiatores
463 2284 557 2316 facit.
583 2285 685 2316 Gron.
709 2286 788 2316 Obs.
813 2287 868 2316 i.''¹
855 2302 880 2321 ι.

144 2330 164 2348 *1
177 2330 320 2368 Elegans
338 2329 430 2359 locus
445 2329 501 2358 hic
517 2333 586 2359 est:
606 2328 725 2369 Philip.
744 2330 811 2360 xiii.
833 2332 881 2364 19.

147 2383 187 2403 ex
218 2373 315 2413 epist.
345 2373 506 2402 Antonii:
543 2382 585 2402 ne
617 2373 883 2404 videret—duas

147 2416 248 2453 acies,
266 2417 384 2447 lanista
402 2416 562 2445 Cicerone
579 2415 776 2447 dimicantes
791 2428 797 2446 :
817 2417 838 2447 i.
854 2428 883 2448 e.

148 2460 326 2497 incitante,
353 2460 601 2497 committente,
633 2465 780 2490 auctore.
829 2461 883 2492 Sic

147 2503 232 2533 dixit
256 2503 359 2532 etiam
382 2502 494 2532 Livius
520 2513 617 2533 xxxx:
644 2506 697 2534 33.
723 2504 883 2544 populum

147 2547 245 2578 Rom.
271 2556 348 2577 cum
371 2546 552 2584 Antiocho,
575 2548 702 2578 lanistis
722 2547 886 2578 AEtolis—

148 2589 319 2620 dimicare.

196 2633 309 2669 Lanx,
326 2634 441 2673 patina
464 2634 582 2673 major,
598 2635 692 2673 cujus
711 2634 745 2664 in
761 2634 886 2664 sacrifi-

148 2676 208 2707 ciis
234 2680 267 2706 ct
290 2677 396 2715 epulis
421 2686 510 2707 usus.
533 2678 604 2707 Att.
623 2679 664 2708 vi.
691 2681 717 2708 l.
742 2679 886 2709 lancibus

149 2724 184 2761 et
213 2719 488 2759 splendidissimis
522 2721 674 2751 canistris
706 2731 764 2751 nos
801 2722 885 2752 soles

147 2773 294 2805 pascere.

194 2807 378 2846 Lapathus.
404 2806 475 2836 Fin.
498 2806 531 2836 ii.
556 2810 585 2838 8.
609 2807 712 2838 herba
732 2807 885 2847 salumn,

149 2854 186 2883 et
201 2851 321 2880 suavis.
339 2849 577 2890 sauerampser.

193 2893 307 2935 Lapis.
322 2893 364 2925 ad
379 2893 458 2924 Div.
471 2893 527 2924 vii.
548 2895 595 2925 12.
610 2893 728 2925 Jovem
745 2895 886 2936 lapidem

912 286 1073 322 qmmtur,
1105 293 1163 323 pro
1192 283 1326 323 Jupiter
1356 283 1510 323 lapideus.
1544 283 1642 314 *Pis.

916 329 964 356 15.
989 327 1070 356 emti
1093 327 1266 366 de-lapidc·
1289 327 1428 357 tribuni.
1458 326 1531 356 Mos
1556 331 1644 364 erat,

913 379 1113 409 praeconem,
1137 380 1214 400 cum
1240 370 1464 400 venderentur
1487 371 1585 407 servi,
1608 370 1643 399 in

914 413 1020 452 lapide
1048 421 1149 451 stare,
1170 414 1225 453 qui
1249 414 1390 444 Athenis
1414 412 1498 446 λίθος
1522 412 1646 456 ventrive

915 455 1114 495 dicebatur;
1149 457 1237 487 unde
1264 458 1347 487 servi
1380 457 1418 487 de
1447 458 1552 497 lapide
1577 458 1644 486 emi

915 498 1084 530 dicuntur.
1108 510 1136 529 ν.
1160 505 1282 540 praeter
1304 511 1372 539 eos,
1395 511 1476 540 quos
1493 501 1566 539 jam
1589 498 1646 530 alii

914 541 1109 581 laudarunt,
1126 543 1297 574 Potterum
1315 544 1477 575 Archaeol.
1503 544 1559 575 Gr.
1581 542 1605 574 l.
1624 542 1647 573 i.

916 595 945 616 c.
964 589 1012 615 10.
1028 596 1060 626 p.
1078 586 1129 617 68.
1153 587 1203 619 ed.
1219 587 1338 618 Venet.

959 629 1090 668 Lapsto,
1113 629 1312 670 proclivitas.
1340 631 1441 662 Tusc.
1467 632 1510 662 iv.
1540 632 1588 662 12.
1616 639 1649 660 v.

917 673 1116 713 proclivitas.

961 716 1101 756 Lapsa&
1125 716 1164 746 de
1190 721 1285 747 motu
1311 717 1494 748 stellarum.
1524 717 1600 748 Div.
1626 717 1647 747 i.

921 763 969 790 ll.
1009 769 1121 790 revera
1157 766 1248 790 certo
1267 762 1375 800 ,lapsu
1408 767 1567 800 motuque
1599 760 1649 791 fe-

917 809 1049 834 runtur.
1081 803 1252 834 *volatus
1280 803 1361 834 Nat.
1386 805 1430 835 D.
1452 805 1486 835 ii.
1510 807 1563 839 39.
1593 814 1651 834 vo-

916 847 1047 877 lucrum
1078 849 1196 887 lapsus.
1231 847 1410 879 *offensim
1442 848 1499 878 Or.
1531 848 1566 878 ii.
1597 851 1649 880 83.

917 892 1028 931 lapsus
1042 891 1221 931 popularis.

963 935 1162 975 Laqueatus.
1185 935 1313 965 verrin.
1330 935 1352 965 i.
1370 938 1421 967 51.
1443 934 1543 965 Tusc.
1559 935 1582 965 i.
1595 936 1653 965 35.

916 981 1009 1008 tecta
1031 980 1197 1018 laqueata,
1213 985 1292 1009 sunt
1315 978 1498 1017 lacunaria,
1514 978 1554 1009 de
1577 978 1651 1018 qui-

918 1022 978 1052 lius
996 1031 1107 1062 supra.

962 1065 1130 1105 Laqueus,
1144 1064 1246 1096 fallax
1269 1064 1553 1097 conclusiuncula.
1581 1064 1653 1096 Fat.

917 1111 950 1140 4.
986 1109 1159 1150 Chrysippi
1187 1110 1304 1149 laquei.
1333 1109 1376 1139 cf.
1402 1109 1502 1141 '.susc
1534 1120 1565 1140 v.
1595 1111 1650 1144 27.

918 1152 1073 1183 *Caecim
1090 1156 1142 1187 99.
1165 1154 1276 1193 laqueo
1290 1153 1381 1183 verbi
1396 1154 1479 1194 capi.

965 1196 1080 1227 Lares.
1116 1197 1218 1228 Doni.
1246 1199 1300 1227 41.
1337 1198 1424 1227 lares
1458 1194 1654 1232 familiares,

919 1245 998 1270 sunt
1014 1249 1129 1270 manes
1145 1240 1322 1280 majorum,
1334 1249 1474 1279 quorum
1492 1239 1654 1278 imagines

919 1283 962 1313 ad
986 1284 1100 1314 focum
1126 1284 1161 1314 in
1187 1284 1272 1314 atrio
1297 1285 1443 1314 stabant.
1465 1284 1513 1314 sic
1537 1280 1655 1322 virgil.

919 1328 995 1357 AEn.
1012 1328 1056 1358 ix.
1077 1329 1152 1358 255.
1175 1337 1206 1358 V.
1229 1329 1304 1361 722.
1325 1330 1400 1362 724.
1423 1326 1573 1358 Assaraci
1593 1325 1655 1356 lar.

920 1370 1002 1401 Erat
1030 1376 1144 1401 autem
1180 1371 1359 1401 Assaracus
1396 1371 1437 1401 de
1475 1369 1657 1410 majoribus

918 1415 1045 1445 AEneae.
1072 1414 1114 1445 cf.
1139 1414 1247 1445 Cerda
1270 1415 1312 1445 ad
1336 1414 1450 1454 Eclog.
1478 1425 1507 1444 v.
1535 1416 1588 1448 70.
1622 1422 1655 1443 ν.

920 1458 1059 1489 Salmas.
1076 1459 1117 1489 ad
1133 1458 1236 1489 Solin.
1253 1469 1285 1498 p.
1302 1461 1376 1493 293.
1392 1459 1468 1490 641.

964 1502 1079 1541 Larga
1093 1502 1306 1543 respondere,
1321 1503 1342 1533 i.
1359 1512 1389 1532 e.
1404 1501 1596 1533 liberaliter.
1613 1499 1657 1530 ad

920 1546 990 1577 Att.
1006 1546 1075 1576 viii.
1095 1549 1143 1576 11.

966 1590 1117 1628 Larga-i.
1148 1590 1205 1620 Or.
1227 1589 1248 1619 i.
1277 1592 1325 1620 15.
1357 1589 1546 1628 largiamur
1568 1588 1657 1619 iner-

921 1634 976 1663 tiae
992 1645 999 1663 ε
1025 1633 1058 1663 h.
1075 1644 1105 1664 e.
1123 1643 1190 1664 non
1209 1632 1417 1674 postulemus
1433 1632 1473 1663 ab
1493 1632 1657 1663 inertibus

921 1677 1123 1709 hominibus.

966 1721 1133 1759 Lar-gilio,
1157 1719 1210 1751 lex
1233 1719 1385 1760 Agraria,
1401 1718 1484 1750 item
1506 1718 1658 1750 frumen-

921 1765 1017 1794 taria.
1059 1764 1148 1795 Mur.
1191 1767 1241 1795 11.
1288 1764 1456 1802 largitioni
1492 1762 1656 1794 resistere.

921 1807 1045 1838 *Balb
1064 1811 1113 1839 13.
1138 1808 1272 1847 laroitio
1286 1807 1440 1837 civitatis.
1587 1834 1590 1836 .

966 1852 1132 1889 Lascivia,
1150 1860 1183 1881 es
1186 1855 1202 1881 t
1216 1851 1347 1891 proprie
1362 1850 1587 1881 animantium
1603 1859 1658 1879 vo-

902 1894 1052 1936 ..luptate
1065 1895 1294 1935 gestientium.
1316 1895 1394 1926 Div.
1406 1895 1429 1925 i.
1443 1896 1493 1925 14.
1515 1893 1659 1934 piscium

923 1940 1067 1969 lascivia.

966 1983 1128 2014 Lascivus
1141 1992 1200 2022 pro
1215 1982 1371 2012 insolens.
1394 1981 1436 2012 ad
1450 1981 1522 2012 Att.
1538 1980 1572 2010 ii.
1588 1981 1620 2010 3.

967 2026 1124 2057 Latebra.
1147 2027 1211 2057 Off.
1223 2026 1271 2056 iii.
1284 2027 1336 2060 539.
1358 2026 1522 2064 quaeritur
1533 2024 1660 2066 latebra

923 2069 1078 2110 perjurio.
1113 2069 1191 2100 Div.
1215 2070 1249 2100 ii.
1277 2071 1330 2100 20.
1357 2073 1394 2099 te
1419 2068 1597 2099 mirificam
1622 2067 1658 2097 in

924 2114 1084 2144 latebram·
1107 2113 1288 2153 conjecisti.
1321 2112 1399 2143 ibid.
1423 2114 1475 2143 54.
1509 2110 1662 2142 adhibuit

925 2158 1085 2188 latebram
1107 2156 1332 2187 obscuritatis.
1364 2155 1406 2185 ad
1430 2155 1508 2186 Div.
1534 2155 1581 2185 iii.
1609 2156 1660 2186 12.

925 2202 1049 2232 latebra
1064 2198 1196 2238 tabelke
1215 2201 1275 2241 (sc.
1292 2197 1494 2236 comitialis.)

968 2245 1100 2276 Late-re.
1117 2243 1222 2294 Cafil.
1246 2245 1268 2274 i.
1289 2243 1320 2274 6.
1343 2244 1424 2273 latet
1439 2242 1532 2272 mihi.
1554 2240 1664 2271 *sub-

923 2288 1093 2327 terfugere
1111 2287 1167 2326 jus
1181 2286 1278 2325 velle,
1295 2296 1402 2325 neque
1424 2285 1566 2331 experiri
1583 2285 1662 2323 jure

925 2331 1064 2381 volenti,
1079 2332 1150 2369 ejus
1175 2335 1380 2371 potestatem
1399 2329 1520 2360 facere.
1539 2325 1661 2369 Quint.

925 2377 979 2407 23.
1003 2375 1076 2414 quis
1100 2379 1163 2411 est,
1180 2375 1238 2413 qui
1252 2373 1470 2405 fraudationis
1496 2381 1598 2402 causa
1612 2373 1662 2402 la·

926 2419 1024 2450 tuisse
1039 2418 1150 2449 dicat.
1142 2418 1154 2438 ²

971 2463 1206 2498 Latemarius,
1236 2460 1292 2500 qui
1325 2461 1489 2491 laternam
1517 2458 1664 2499 praefert.

926 2505 1037 2535 Pison.
1054 2509 1085 2539 9.
1108 2504 1256 2535 Graevius
1272 2512 1386 2535 autem
1398 2503 1481 2543 legit
1493 2504 1664 2533 lanterna·

925 2550 997 2579 rius
1009 2561 1018 2578 .-
1042 2558 1141 2587 quem
1159 2548 1244 2578 vide.

971 2592 1149 2623 Latinitas.
1173 2592 1246 2622 Att.
1265 2591 1329 2621 xiv.
1343 2591 1394 2621 12.
1417 2593 1469 2620 est
1482 2589 1539 2628 jus
1556 2588 1664 2628 Latii,

927 2636 1015 2674 quod
1034 2646 1073 2666 ex
1089 2635 1210 2666 foedere
1227 2644 1304 2665 cum
1323 2633 1455 2664 Latinis
1471 2636 1581 2662 ortum
1599 2638 1664 2671 est,

927 2684 962 2709 et
978 2684 1028 2709 est
1038 2680 1114 2717 jure
1131 2678 1275 2709 civitatis
1291 2677 1450 2714 deterius,
1461 2677 1539 2716 jure
1556 2675 1664 2707 Italian

927 2728 1041 2753 autem
1060 2722 1189 2752 melius.
1215 2721 1266 2751 Ex
1281 2730 1320 2751 eo
1329 2721 1406 2758 jure
1421 2724 1578 2760 poterant
1594 2719 1664 2750 La-

927 2768 988 2796 tini
1007 2766 1127 2806 primo,
1145 2766 1180 2796 in
1196 2765 1339 2795 comitiis
1359 2764 1458 2796 Rom.
1481 2763 1594 2802 legum
1613 2763 1665 2792 fc-

928 2809 1106 2840 rendarum
1131 2819 1242 2846 causa,
1258 2809 1285 2838 si
1309 2808 1416 2838 vocati
1432 2810 1544 2837 essent
1559 2816 1580 2836 a
1593 2816 1664 2835 ma-

928 2854 1070 2893 gistratu
1092 2853 1257 2889 Romano,
1273 2852 1469 2890 suffragium
1490 2850 1589 2887 ferre,
1607 2848 1664 2878 de-

928 2897 1008 2928 inde
1030 2897 1118 2928 cives
1139 2895 1236 2927 Rom.
1260 2896 1347 2934 fieri,
1362 2896 1391 2926 si
1412 2895 1448 2927 in
1471 2892 1664 2925 civitatibus
