1804 3178
283 308 617 380 INDEX
668 303 1347 378 LATINITATIS.

427 644 465 675 Α.

81 693 148 745 A,
168 711 224 742 Ab.
241 720 300 751 pro
323 711 432 750 quoad
451 711 622 750 eleganter
637 710 808 750 adjectivis

74 755 243 795 jungitur.
267 754 309 784 ad
343 755 418 785 Div.
442 766 473 785 x.
503 758 550 786 15.
582 756 623 785 ab
652 756 805 794 equitatu

82 800 210 828 firmus.
236 798 279 828 ib.
305 802 334 828 8.
368 799 409 828 ab
432 799 524 828 omni
551 808 584 828 re
608 807 723 828 sumus
749 807 806 837 pa-

83 842 233 872 ratiores.
259 842 352 872 Brut.
382 842 428 872 16.
454 842 495 872 ab
520 842 612 872 omni
637 841 734 871 laude
759 841 806 870 fe-

83 885 188 916 licior.
212 885 282 915 Att.
308 885 375 916 viii.
403 888 451 916 14.
476 890 610 924 tempus
629 891 761 915 mutum
786 894 807 913 a

84 929 200 959 literis.
224 929 321 959 Ruso.
345 928 383 959 A.
404 931 456 959 30.
471 930 511 959 ab
534 929 727 958 innocentia
743 927 808 958 cle-

85 972 326 1002 mentissimus.
352 972 463 1001 *item
488 971 605 1002 verbis.
629 972 670 1002 ad
688 972 762 1002 Div.
787 971 808 1001 i.

85 1019 117 1047 4.
142 1026 163 1046 α
179 1016 208 1045 vi
234 1020 391 1055 praestare
416 1015 501 1045 nihil
518 1025 675 1055 possum3
702 1016 729 1045 vi
755 1025 812 1044 ex-

86 1063 184 1099 cepta
199 1059 259 1088 &c.
286 1058 379 1088 Rose.
398 1058 435 1089 C.
458 1061 504 1090 12.
528 1069 549 1088 α
568 1059 694 1089 Fannio
710 1069 743 1088 se
753 1058 810 1097 ju-

85 1103 172 1133 dicio
195 1101 346 1132 absolvit.
370 1105 389 1123 ⁴*
406 1102 502 1133 Rosc.
525 1102 599 1132 Am.
618 1105 670 1136 29.
693 1113 715 1132 α
738 1102 810 1141 qui-

87 1147 148 1177 bus
170 1145 434 1176 occidebantur?
469 1147 490 1176 i.
524 1156 553 1175 e.
579 1156 718 1184 quorum
737 1147 810 1184 jus-

86 1199 138 1226 su,
162 1189 218 1228 qui
242 1189 376 1219 sicarios
400 1190 642 1219 immittebant.
667 1189 812 1220 *Rama

87 1233 177 1264 Post.
204 1236 252 1264 lo.
289 1233 472 1272 impunitas
495 1243 516 1263 a
534 1232 663 1271 judicio
687 1238 721 1262 ct
745 1242 813 1262 ser·

87 1286 197 1307 mone.
221 1279 240 1297 ³
257 1276 350 1306 Verr.
374 1276 408 1306 ii.
434 1279 486 1307 28.
511 1276 610 1306 malle
634 1276 811 1316 pecuniam

89 1320 240 1360 accipere
263 1329 284 1350 a
308 1319 427 1350 salute.
460 1320 492 1350 h.
517 1330 546 1350 e.
579 1320 621 1349 ob
654 1319 812 1356 salutem,

89 1371 130 1394 ut
162 1363 246 1402 legit
275 1362 438 1401 Graevius,
473 1363 514 1393 ab
537 1373 577 1393 ea
601 1370 709 1403 partu,
742 1372 816 1401 quae

87 1406 231 1437 salutem
255 1407 353 1446 petit.
387 1410 480 1447 *pro
515 1407 614 1446 apud.
650 1406 723 1436 Mil.
761 1409 814 1437 35.

90 1460 141 1481 res
172 1450 289 1481 honori
313 1451 378 1480 fuit
401 1461 423 1480 α
454 1452 522 1481 suis
545 1450 683 1480 civibus.
718 1451 737 1471 4
756 1459 815 1490 pro

89 1504 140 1525 ex.
173 1493 216 1524 ad
247 1494 324 1524 Div.
347 1494 391 1524 xi.
420 1497 469 1524 10.
499 1504 521 1524 α
543 1499 635 1523 certo
659 1503 758 1523 sensu
782 1497 817 1522 et

90 1536 333 1576 verojudicare.
358 1540 377 1558 ¹⁴
391 1537 463 1568 Att.
475 1537 538 1567 xvi.
551 1541 583 1570 7.
598 1537 737 1567 Antonii
748 1536 817 1566 edi-

90 1587 184 1611 etum
203 1579 268 1620 legi
283 1590 304 1611 α
318 1580 438 1618 Bruto,
455 1581 477 1611 i.
493 1591 522 1611 e.
543 1581 817 1610 communicante

92 1624 198 1655 Bruto
235 1633 383 1661 mecum,
419 1630 596 1664 acceptum
637 1634 656 1654 a
701 1624 818 1654 Bruto.

92 1668 196 1699 *Ate
228 1677 259 1698 ν.
283 1669 337 1699 21.
360 1668 438 1698 dare
461 1669 502 1698 ab
532 1667 607 1698 alio.
641 1667 721 1698 ibid.
754 1667 819 1697 sol·

91 1721 166 1742 vere
189 1711 230 1742 ab
252 1711 331 1748 alio,
355 1712 376 1742 i.
400 1722 429 1742 e.
452 1722 513 1752 per
535 1711 652 1748 alium,
676 1711 819 1741 attribu-

91 1757 196 1786 tione.
219 1754 263 1785 ib.
287 1755 345 1785 xii.
367 1757 420 1786 25.
456 1755 769 1795 repraesentabimus
797 1764 819 1784 α

92 1798 241 1829 Faberio.
278 1801 297 1820 ¹⁵
311 1798 372 1829 Est
408 1799 511 1828 etiam
543 1799 598 1828 ubi
636 1798 819 1838 significat,

93 1852 153 1882 pro
189 1851 268 1882 quo,
305 1842 399 1880 cujus
435 1852 536 1872 causa
576 1841 702 1881 aliquid
748 1842 818 1872 fiat.

94 1885 192 1916 Rosc.
222 1885 298 1916 Am.
332 1888 388 1916 36.
414 1890 455 1916 ut
477 1895 517 1916 ea
540 1885 654 1916 dedita
675 1895 777 1925 opera
797 1895 820 1915 a

95 1929 189 1960 nobis
221 1929 330 1959 facere
353 1929 545 1960 videamini.
587 1928 703 1959 Lectio
742 1929 820 1958 Fac-

96 1971 231 2003 ciolati:
278 1983 299 2002 a
321 1973 424 2003 vobis.
447 1974 469 2003 i.
492 1983 521 2002 e.
545 1977 657 2002 vestra
687 1978 819 2012 sponte,

96 2016 162 2047 buc
185 2025 253 2046 non
277 2016 429 2055 quadrat.
467 2015 582 2046 Simile
606 2021 657 2045 est
681 2015 762 2046 Her.
786 2016 822 2046 ii.

96 2062 150 2094 27.
174 2059 264 2098 quod
287 2059 387 2090 multi
410 2060 451 2090 ab
482 2069 538 2090 reo
567 2059 710 2096 faciunt,
745 2060 766 2090 i.
790 2069 820 2090 e.

95 2103 144 2134 rei
166 2102 367 2133 defendendi
391 2113 502 2133 causa.
527 2105 546 2124 *²
563 2103 634 2133 Att.
645 2112 676 2133 ν.
700 2106 730 2134 3.
753 2108 822 2133 ter-

94 2147 144 2177 tio
166 2147 225 2177 abs
245 2150 280 2177 te
304 2146 376 2177 die:
413 2147 453 2177 de
477 2146 582 2176 literis
606 2146 646 2176 ab
669 2156 708 2176 eo
743 2147 822 2176 mis-

95 2190 152 2228 sis,
178 2190 280 2220 tertio
303 2190 370 2228 die,
392 2194 569 2230 postquam
594 2190 744 2227 miserat,
767 2200 822 2220 ac-

95 2234 214 2274 ceptis.

139 2277 280 2308 Abacuc.
304 2287 431 2315 mensa,
455 2277 488 2306 in
520 2286 587 2315 qua
609 2279 824 2317 exponuntur

97 2321 134 2351 in
157 2321 315 2352 conviviis
347 2331 428 2352 cum
462 2320 504 2350 ad
526 2330 639 2358 usum,
671 2325 746 2350 tum
780 2319 822 2350 ad

98 2364 388 2404 magnificentiam
434 2374 511 2394 vasa
557 2368 717 2403 argentea
763 2364 824 2393 διο.

98 2407 203 2438 hine:
241 2408 335 2439 Verr.
367 2409 409 2438 iv.
447 2408 496 2438 16.
519 2408 612 2438 abaci
635 2417 720 2437 vasa.
745 2406 825 2436 ibid.

99 2460 178 2482 cum
209 2450 337 2491 aliquot
372 2453 550 2483 abacorum
587 2451 712 2480 facerat
748 2459 826 2480 vasa

99 2504 212 2527 aurea.
255 2495 309 2527 De
333 2495 434 2526 abaco
458 2494 573 2525 multis
597 2494 667 2533 agit
683 2493 822 2524 Salmas.

99 2537 142 2568 ad
163 2537 225 2569 Jus
247 2539 320 2570 Att.
343 2544 377 2569 et
412 2539 509 2569 Rom.
533 2548 561 2568 c.
587 2539 639 2569 23.
676 2537 746 2567 sola
768 2547 827 2577 po-

101 2581 188 2613 toria
219 2591 298 2612 vasa
340 2583 529 2613 attribuens
574 2581 676 2611 abaco
720 2590 825 2619 eaque

103 2625 196 2666 paria
222 2625 359 2665 plumbo
395 2627 557 2662 revincta,
580 2629 614 2654 et
639 2625 672 2654 in
708 2623 826 2654 loculis

101 2668 195 2700 abaci
212 2668 304 2700 velut
320 2669 459 2700 defossa.
484 2669 600 2699 Cicero
616 2667 731 2698 Parad.
750 2677 779 2697 v.
796 2670 827 2698 2.

101 2711 267 2744 matulam
290 2713 325 2743 in
349 2714 446 2744 abaco
467 2716 722 2749 commemorat,
738 2715 771 2740 et
791 2711 826 2740 in

101 2753 195 2786 Verr.
218 2761 340 2796 quarta
361 2756 428 2787 alia
441 2757 545 2786 etiam
570 2765 648 2785 vasa
670 2756 703 2785 in
729 2755 826 2784 abaco

103 2799 328 2838 reperiuntur.
387 2799 594 2841 Scyphorum
618 2799 711 2839 paria
742 2798 828 2838 pari-

103 2845 157 2871 ter
183 2841 299 2873 Cicero
333 2843 446 2874 habet.
486 2842 603 2873 Loculi
633 2841 680 2872 illi
704 2848 782 2871 sunt
809 2852 827 2870 e

102 2884 250 2918 Sidonio.
294 2887 347 2919 An
371 2887 441 2918 sint
464 2887 680 2925 antiquiores,
703 2886 753 2915 vix
780 2884 828 2915 di-

103 2938 191 2958 C'AEnl.

894 626 1065 662 Abdicme,
1098 624 1170 655 sinc
1204 633 1249 654 se.
1272 623 1315 654 N.
1345 623 1388 654 D.
1415 623 1447 654 ii.
1461 626 1501 654 ·4.
1536 629 1574 656 ut

851 670 1002 701 consules
1017 670 1216 700 abdicarent.

895 714 1024 750 Abdico,
1048 722 1114 742 cre.
1137 712 1273 741 verbum
1297 709 1466 749 augurale.
1498 710 1574 741 Div.

853 759 873 787 i.
896 761 942 790 17.
966 767 1041 786 cuin
1059 761 1126 785 tres
1143 760 1252 795 partes
1275 764 1348 783 aves
1365 755 1571 784 abdis-issent.

895 801 992 830 Abdo.
1028 799 1125 829 Arcb.
1167 799 1197 828 6.
1233 798 1287 836 qni
1321 798 1369 826 ita
1398 807 1431 827 se
1470 797 1574 827 literis

852 844 1012 874 abdaedere.
1028 843 1068 872 de
1085 842 1148 878 liis,
1160 842 1214 880 qui
1227 840 1351 870 nullam
1366 847 1494 880 partem
1512 841 1575 870 rei-

853 887 943 928 publ.
969 890 1159 926 capessunt,
1176 890 1211 914 et
1228 885 1329 914 vitani
1347 885 1380 914 in
1400 885 1469 914 otio
1498 884 1574 914 lite-

853 941 963 962 rarum
982 933 1197 959 consumunt.

897 974 1040 1010 Abtluco,
1057 983 1122 1002 ere.
1154 981 1212 1011 pro
1242 970 1457 1009 distinguere.
1495 970 1574 1001 Div.

855 1019 887 1048 ii.
919 1021 949 1048 5.
973 1015 1194 1046 animadverti
1219 1014 1259 1043 ab
1286 1015 1325 1044 iis
1353 1014 1462 1050 rebus,
1501 1023 1576 1052 quae

853 1062 1004 1091 sensibus
1036 1066 1094 1089 aut
1126 1058 1276 1088 artificiis
1313 1058 1576 1097 perciperentur,

855 1105 1014 1135 abducere
1028 1102 1278 1133 divinationem.
1303 1104 1321 1121 *ἱ
1332 1101 1446 1131 abduci
1461 1100 1578 1130 dieun-

855 1155 913 1178 tur
927 1147 1025 1183 servi,
1053 1155 1184 1182 uxores,
1215 1144 1350 1180 milites,
1377 1153 1451 1173 cum
1471 1151 1529 1173 aut
1546 1143 1577 1173 vi

857 1197 915 1221 aut
947 1190 1054 1230 pretio
1077 1189 1231 1224 fae-inum,
1263 1193 1301 1217 ut
1326 1187 1479 1217 deserant
1507 1196 1577 1224 eos,

857 1235 1058 1274 quibuscum
1087 1236 1177 1261 sunt.
1208 1231 1326 1270 Quint.
1352 1232 1383 1261 6.
1420 1231 1578 1260 abducere

855 1277 1024 1308 servulum
1070 1275 1183 1307 Deiot.
1205 1277 1231 1304 1.
1258 1284 1388 1304 servum
1406 1274 1542 1304 abdunt
1557 1283 1578 1304 a

860 1321 1047 1359 legatorum
1074 1318 1223 1359 pedibus.
1247 1317 1341 1347 Verr.
1366 1318 1412 1347 iii.
1430 1319 1481 1347 34.
1498 1316 1581 1346 Ter-

858 1366 907 1395 tia
923 1366 953 1394 vi
969 1364 1109 1395 abducta
1125 1372 1144 1392 a
1160 1360 1288 1392 Rhodio
1303 1361 1452 1391 tibicine.
1492 1359 1577 1390 Phil.

860 1419 890 1438 x.
907 1411 938 1439 4.
973 1408 1029 1447 qui
1058 1406 1187 1437 abducit
1219 1405 1259 1434 ab
1291 1404 1348 1434 illo
1379 1404 1578 1435 exercitum.

860 1452 954 1482 Verr.
973 1462 1000 1481 v.
1023 1453 1070 1481 13.
1088 1460 1107 1479 a
1122 1449 1193 1479 foro
1209 1447 1337 1478 abduci.
1352 1457 1382 1477 v.
1400 1452 1471 1477 not.

903 1495 996 1526 Abeo.
1021 1494 1143 1524 Caeciu.
1171 1495 1201 1526 7.
1225 1492 1393 1522 abiturum
1417 1500 1493 1520 eum
1512 1499 1579 1520 non

861 1548 943 1569 esse.
978 1537 1193 1568 intersectum
1224 1535 1274 1564 iri.
1300 1534 1424 1564 '‘Veri'.
1460 1534 1506 1563 iii.
1528 1534 1582 1564 64.

863 1592 904 1612 ne
921 1591 971 1612 res
986 1581 1027 1611 ab
1049 1590 1088 1610 eo
1114 1580 1233 1609 abiret.-
1267 1577 1306 1607 de
1322 1578 1531 1607 auctionibus
1549 1577 1584 1607 in

863 1626 982 1665 quibus
1009 1624 1098 1654 abire
1116 1632 1165 1653 res
1192 1622 1233 1652 ab
1259 1632 1298 1651 eo
1321 1620 1454 1657 dicitur,
1481 1621 1537 1659 qui
1563 1630 1584 1650 a

863 1669 937 1710 plus
955 1667 1162 1698 licitantibus
1177 1665 1336 1702 vincitur,
1353 1670 1392 1695 ut
1413 1664 1584 1704 pervenire

864 1713 906 1744 ad
921 1713 1029 1752 ipsum
1047 1720 1098 1741 res
1116 1718 1181 1739 non
1198 1709 1312 1748 possit.

906 1757 1081 1792 Abhorreo,
1097 1763 1156 1793 pro
1173 1752 1333 1792 discrepo.
1357 1750 1399 1781 ad
1422 1750 1497 1781 Div.
1515 1751 1535 1780 i.
1553 1754 1585 1784 9.

865 1810 884 1830 a
897 1798 1132 1829 communibus
1145 1795 1320 1836 praeceptis
1329 1795 1480 1824 abhorret
1492 1793 1586 1823 liber.

865 1847 884 1865 ἕ
897 1843 954 1873 Or.
971 1843 992 1872 i.
1013 1845 1062 1872 18.
1084 1841 1257 1871 abhorreat
1269 1849 1289 1868 a
1303 1838 1450 1868 sensibus
1465 1837 1588 1867 nostris

864 1887 971 1917 oratio
987 1898 994 1915 ε
1021 1885 1060 1915 de
1076 1883 1300 1923 disputatione
1313 1880 1499 1921 philosophi
1511 1881 1587 1910 Sto·

866 1931 922 1967 ici,
947 1939 1046 1969 quam
1075 1936 1143 1957 non
1163 1925 1402 1964 eoncoquebat.
1426 1924 1586 1961 *abesse‚

866 1974 916 2004 vel
943 1973 1054 2013 potius
1081 1970 1225 2006 liberari,
1259 1968 1309 1997 vel
1336 1967 1475 1997 liberum
1503 1976 1586 1996 esse.

867 2016 947 2048 Coel.
963 2019 995 2047 4.
1011 2016 1182 2046 abhorrere
1193 2023 1213 2043 a
1228 2012 1424 2052 suspicione.
1442 2013 1461 2032 *ὃ
1475 2010 1586 2039 minus

866 2061 1022 2091 idoneum
1038 2067 1119 2088 esse.
1147 2061 1261 2087 nostra
1287 2060 1367 2085 aetas
1397 2054 1432 2093 (i.
1456 2052 1584 2093 senilis)

867 2114 887 2135 a
903 2103 1018 2134 castris
1035 2102 1194 2133 abhorret.
1217 2099 1288 2129 Att.
1303 2099 1366 2127 xiv.
1388 2100 1435 2131 19.

909 2145 1070 2189 Abjectus.
1094 2144 1133 2174 de
1151 2144 1203 2180 iis,
1228 2142 1283 2181 qui
1305 2142 1339 2171 in
1356 2149 1477 2179 magno
1493 2145 1587 2169 metu

867 2196 960 2228 sunt,
979 2187 1120 2230 perculsi
1137 2192 1274 2217 terrore.
1300 2183 1398 2215 Catil.
1418 2184 1463 2213 iii.
1482 2186 1512 2214 5.
1538 2192 1588 2212 re-

868 2234 979 2264 citatis
996 2232 1100 2263 literis
1118 2229 1310 2260 debilitatus
1325 2232 1359 2257 et
1375 2225 1528 2268 abjectus.
1544 2226 1591 2256 ib.

867 2278 909 2308 iv.
926 2280 956 2308 2.
972 2274 1096 2318 abjecta
1122 2278 1215 2304 metu
1241 2272 1319 2302 filia.
1351 2274 1371 2292 ¹*
1387 2271 1428 2300 de
1452 2270 1516 2306 his,
1532 2269 1592 2308 qui

868 2322 916 2351 ita
939 2320 1034 2350 fracti
1057 2321 1148 2355 sunt,
1176 2320 1212 2346 ut
1239 2313 1412 2345 metuendi
1429 2322 1496 2344 non
1512 2313 1593 2343 sint.

868 2365 922 2395 Sic
949 2362 1047 2394 Catil.
1065 2362 1096 2392 ii.
1124 2364 1150 2391 1.
1175 2359 1322 2389 Catilina
1346 2355 1488 2399 abjectus
1511 2356 1593 2386 dici-

868 2413 935 2438 tur.
960 2408 1000 2437 iv.
1021 2409 1069 2436 10.
1095 2402 1219 2445 abjecta
1240 2401 1422 2432 multitudo
1438 2399 1592 2430 inimico-

870 2461 956 2482 rum.
972 2453 991 2471 *
1006 2448 1216 2479 Comicorum
1233 2445 1354 2475 senarii
1369 2448 1448 2475 sunt
1463 2441 1592 2484 abjecti,

871 2496 892 2525 i.
910 2505 938 2524 e.
956 2491 1181 2531 negligentius
1197 2494 1232 2519 et
1247 2498 1324 2519 cum
1342 2496 1466 2528 magna
1489 2485 1594 2517 liceu-

870 2539 920 2569 tia
936 2535 1124 2576 compositi.
1148 2533 1205 2563 Or.
1223 2536 1274 2564 55.

914 2578 1049 2621 Abjicio,
1065 2578 1122 2608 Or.
1151 2580 1202 2610 59.
1226 2574 1399 2616 ponendus
1414 2576 1466 2604 est
1487 2571 1593 2603 ambi-

870 2629 940 2661 tus,
958 2633 1022 2653 non
1047 2619 1255 2663 abjiciendus.
1281 2618 1430 2658 ponitur,
1447 2626 1524 2646 cum
1541 2619 1593 2644 est

873 2675 1082 2702 numerosus,
1099 2661 1264 2704 abjicitur,
1277 2671 1354 2692 cum
1372 2670 1439 2691 non
1456 2662 1519 2696 est,
1535 2657 1595 2688 sed

874 2716 911 2741 ut
928 2709 1081 2750 quodque
1096 2707 1232 2737 verbum
1245 2706 1390 2746 primum
1408 2705 1442 2734 in
1454 2703 1593 2733 buccam

874 2754 978 2791 venit,
1006 2753 1054 2783 ita
1080 2750 1333 2792 pronunciatur.
1371 2745 1487 2778 Simile
1510 2744 1594 2775 illud

873 2798 930 2828 Or.
948 2797 994 2827 iii.
1011 2796 1063 2828 26.
1085 2792 1224 2835 abjicere
1245 2801 1389 2829 versum,
1417 2790 1456 2821 de
1481 2793 1593 2819 actore

874 2850 1003 2871 versum
1066 2837 1275 2877 negligenter
1340 2832 1594 2875 pronunciante.

873 2887 891 2906 *1
903 2884 974 2914 Att.
993 2883 1055 2914 xvi.
1074 2885 1104 2913 5.
1128 2880 1307 2918 eajudices
1323 2878 1417 2909 illum
1433 2873 1592 2915 abjecisse.

871 2929 892 2958 i.
909 2927 1112 2968 deposuisse,
1141 2924 1180 2955 de
1207 2923 1305 2955 vitiis.
1340 2921 1442 2953 *Am
1466 2918 1511 2949 iii.
1543 2920 1592 2951 19.
