<?xml version="1.0" encoding="UTF-8"?>
<!DOCTYPE html PUBLIC "-//W3C//DTD XHTML 1.0 Transitional//EN"
    "http://www.w3.org/TR/xhtml1/DTD/xhtml1-transitional.dtd">
<html xmlns="http://www.w3.org/1999/xhtml" xml:lang="en" lang="en">
 <head>
  <title>
</title>
<meta http-equiv="Content-Type" content="text/html;charset=utf-8" />
  <meta name='ocr-system' content='tesseract 3.04.00' />
  <meta name='ocr-capabilities' content='ocr_page ocr_carea ocr_par ocr_line ocrx_word'/>
</head>
<body>
  <div class='ocr_page' id='page_1' title='image "./operaomnia05ciceuoft/operaomnia05ciceuoft_0453.png"; bbox 0 0 1790 3219; ppageno 0'>
   <div class='ocr_carea' id='block_1_1' title="bbox 639 87 1110 118">
    <p class='ocr_par' dir='ltr' id='par_1_1' title="bbox 639 87 1110 118">
     <span class='ocr_line' id='line_1_1' title="bbox 639 87 1110 118; baseline -0.004 0"><span class='ocrx_word' id='word_1_1' title='bbox 639 89 785 118; x_wconf 63' lang='lat' dir='ltr'>mnu-x</span> <span class='ocrx_word' id='word_1_2' title='bbox 816 87 1110 117; x_wconf 73' lang='lat' dir='ltr'>LATINITATIS.</span> 
     </span>
    </p>
   </div>
   <div class='ocr_carea' id='block_1_2' title="bbox 125 175 868 2909">
    <p class='ocr_par' dir='ltr' id='par_1_2' title="bbox 129 175 867 737">
     <span class='ocr_line' id='line_1_2' title="bbox 131 175 864 218; baseline -0.004 -9"><span class='ocrx_word' id='word_1_3' title='bbox 131 181 186 208; x_wconf 72' lang='lat' dir='ltr'>tu·</span> <span class='ocrx_word' id='word_1_4' title='bbox 202 177 235 208; x_wconf 87' lang='lat' dir='ltr'>in</span> <span class='ocrx_word' id='word_1_5' title='bbox 249 177 457 209; x_wconf 76' lang='lat' dir='ltr'>decernendo</span> <span class='ocrx_word' id='word_1_6' title='bbox 468 175 651 218; x_wconf 81' lang='lat' dir='ltr'>triumpho.</span> <span class='ocrx_word' id='word_1_7' title='bbox 674 176 762 208; x_wconf 88' lang='lat' dir='ltr'>Nam</span> <span class='ocrx_word' id='word_1_8' title='bbox 775 175 864 215; x_wconf 87' lang='lat' dir='ltr'>quod</span> 
     </span>
     <span class='ocr_line' id='line_1_3' title="bbox 133 220 866 261; baseline -0.004 -9"><span class='ocrx_word' id='word_1_9' title='bbox 133 221 282 252; x_wconf 75' lang='lat' dir='ltr'>Gra-vius</span> <span class='ocrx_word' id='word_1_10' title='bbox 295 222 334 252; x_wconf 87' lang='lat' dir='ltr'>de</span> <span class='ocrx_word' id='word_1_11' title='bbox 344 222 528 261; x_wconf 80' lang='lat' dir='ltr'>judiciariis</span> <span class='ocrx_word' id='word_1_12' title='bbox 538 220 692 252; x_wconf 70' lang='lat' dir='ltr'>subselliis</span> <span class='ocrx_word' id='word_1_13' title='bbox 703 220 866 260; x_wconf 87' lang='lat' dir='ltr'>interpre-</span> 
     </span>
     <span class='ocr_line' id='line_1_4' title="bbox 132 262 865 303; baseline -0.005 -7"><span class='ocrx_word' id='word_1_14' title='bbox 132 269 237 303; x_wconf 82' lang='lat' dir='ltr'>tatur,</span> <span class='ocrx_word' id='word_1_15' title='bbox 249 271 336 296; x_wconf 84' lang='lat' dir='ltr'>errat</span> <span class='ocrx_word' id='word_1_16' title='bbox 350 277 355 294; x_wconf 87' lang='lat'>:</span> <span class='ocrx_word' id='word_1_17' title='bbox 370 275 446 295; x_wconf 90' lang='lat' dir='ltr'>cum</span> <span class='ocrx_word' id='word_1_18' title='bbox 460 265 499 295; x_wconf 91' lang='lat' dir='ltr'>de</span> <span class='ocrx_word' id='word_1_19' title='bbox 510 262 680 303; x_wconf 79' lang='lat' dir='ltr'>triumpho</span> <span class='ocrx_word' id='word_1_20' title='bbox 691 271 799 293; x_wconf 79' lang='lat' dir='ltr'>sermo</span> <span class='ocrx_word' id='word_1_21' title='bbox 809 263 865 299; x_wconf 84' lang='lat' dir='ltr'>sit,</span> 
     </span>
     <span class='ocr_line' id='line_1_5' title="bbox 133 307 866 348; baseline -0.004 -10"><span class='ocrx_word' id='word_1_22' title='bbox 133 318 232 348; x_wconf 82' lang='lat' dir='ltr'>quem</span> <span class='ocrx_word' id='word_1_23' title='bbox 248 309 304 348; x_wconf 91' lang='lat' dir='ltr'>qui</span> <span class='ocrx_word' id='word_1_24' title='bbox 321 307 675 346; x_wconf 84' lang='lat' dir='ltr'>merueritjudicatur,</span> <span class='ocrx_word' id='word_1_25' title='bbox 692 315 758 336; x_wconf 88' lang='lat' dir='ltr'>non</span> <span class='ocrx_word' id='word_1_26' title='bbox 774 316 794 336; x_wconf 84' lang='lat' dir='ltr'>a</span> <span class='ocrx_word' id='word_1_27' title='bbox 810 307 866 345; x_wconf 88' lang='lat' dir='ltr'>jn·</span> 
     </span>
     <span class='ocr_line' id='line_1_6' title="bbox 133 349 864 388; baseline -0.004 -6"><span class='ocrx_word' id='word_1_28' title='bbox 133 351 275 388; x_wconf 80' lang='lat' dir='ltr'>dicibus,</span> <span class='ocrx_word' id='word_1_29' title='bbox 291 351 349 382; x_wconf 86' lang='lat' dir='ltr'>sed</span> <span class='ocrx_word' id='word_1_30' title='bbox 364 361 383 381; x_wconf 84' lang='lat' dir='ltr'>a</span> <span class='ocrx_word' id='word_1_31' title='bbox 398 354 527 381; x_wconf 84' lang='lat' dir='ltr'>senatu.</span> <span class='ocrx_word' id='word_1_32' title='bbox 549 350 569 367; x_wconf 73' lang='lat'>⁸</span> <span class='ocrx_word' id='word_1_33' title='bbox 581 349 741 380; x_wconf 77' lang='lat' dir='ltr'>Subsellia</span> <span class='ocrx_word' id='word_1_34' title='bbox 763 350 864 380; x_wconf 86' lang='lat' dir='ltr'>etiam</span> 
     </span>
     <span class='ocr_line' id='line_1_7' title="bbox 131 393 865 430; baseline -0.003 -5"><span class='ocrx_word' id='word_1_35' title='bbox 131 399 212 425; x_wconf 76' lang='lat' dir='ltr'>sunt</span> <span class='ocrx_word' id='word_1_36' title='bbox 228 396 262 425; x_wconf 89' lang='lat' dir='ltr'>in</span> <span class='ocrx_word' id='word_1_37' title='bbox 277 394 429 430; x_wconf 78' lang='lat' dir='ltr'>theatris,</span> <span class='ocrx_word' id='word_1_38' title='bbox 446 393 541 424; x_wconf 87' lang='lat' dir='ltr'>circis</span> <span class='ocrx_word' id='word_1_39' title='bbox 558 393 618 424; x_wconf 71' lang='grc' dir='ltr'>ἃς.</span> <span class='ocrx_word' id='word_1_40' title='bbox 634 393 685 423; x_wconf 83' lang='lat' dir='ltr'>Fr.</span> <span class='ocrx_word' id='word_1_41' title='bbox 699 393 830 424; x_wconf 86' lang='lat' dir='ltr'>Cornel.</span> <span class='ocrx_word' id='word_1_42' title='bbox 843 394 865 423; x_wconf 93' lang='lat' dir='ltr'>i.</span> 
     </span>
     <span class='ocr_line' id='line_1_8' title="bbox 131 435 866 478; baseline 0 -12"><span class='ocrx_word' id='word_1_43' title='bbox 131 447 164 478; x_wconf 89' lang='lat' dir='ltr'>p.</span> <span class='ocrx_word' id='word_1_44' title='bbox 174 441 249 469; x_wconf 79' lang='lat'>480.</span> <span class='ocrx_word' id='word_1_45' title='bbox 264 438 299 468; x_wconf 82' lang='lat' dir='ltr'>P.</span> <span class='ocrx_word' id='word_1_46' title='bbox 309 437 482 468; x_wconf 80' lang='lat' dir='ltr'>Africanus</span> <span class='ocrx_word' id='word_1_47' title='bbox 495 435 551 466; x_wconf 88' lang='lat' dir='ltr'>ille</span> <span class='ocrx_word' id='word_1_48' title='bbox 563 437 726 477; x_wconf 77' lang='lat' dir='ltr'>superior,</span> <span class='ocrx_word' id='word_1_49' title='bbox 737 446 802 467; x_wconf 89' lang='lat' dir='ltr'>non</span> <span class='ocrx_word' id='word_1_50' title='bbox 815 446 866 467; x_wconf 84' lang='lat' dir='ltr'>so-</span> 
     </span>
     <span class='ocr_line' id='line_1_9' title="bbox 133 479 865 520; baseline -0.001 -9"><span class='ocrx_word' id='word_1_51' title='bbox 133 480 203 511; x_wconf 86' lang='lat' dir='ltr'>lum</span> <span class='ocrx_word' id='word_1_52' title='bbox 217 491 236 511; x_wconf 78' lang='lat' dir='ltr'>a</span> <span class='ocrx_word' id='word_1_53' title='bbox 247 480 499 520; x_wconf 78' lang='lat' dir='ltr'>sapientissimis</span> <span class='ocrx_word' id='word_1_54' title='bbox 510 479 714 517; x_wconf 88' lang='lat' dir='ltr'>bominibus,</span> <span class='ocrx_word' id='word_1_55' title='bbox 724 480 779 519; x_wconf 90' lang='lat' dir='ltr'>qui</span> <span class='ocrx_word' id='word_1_56' title='bbox 792 484 865 510; x_wconf 90' lang='lat' dir='ltr'>tum</span> 
     </span>
     <span class='ocr_line' id='line_1_10' title="bbox 129 524 866 564; baseline 0 -10"><span class='ocrx_word' id='word_1_57' title='bbox 129 531 239 560; x_wconf 84' lang='lat' dir='ltr'>erant,</span> <span class='ocrx_word' id='word_1_58' title='bbox 256 533 370 554; x_wconf 75' lang='lat' dir='ltr'>verum</span> <span class='ocrx_word' id='word_1_59' title='bbox 386 524 487 554; x_wconf 83' lang='lat' dir='ltr'>ctiam</span> <span class='ocrx_word' id='word_1_60' title='bbox 511 533 530 553; x_wconf 91' lang='lat' dir='ltr'>a</span> <span class='ocrx_word' id='word_1_61' title='bbox 551 533 585 553; x_wconf 91' lang='lat' dir='ltr'>se</span> <span class='ocrx_word' id='word_1_62' title='bbox 609 524 679 564; x_wconf 89' lang='lat' dir='ltr'>ipso</span> <span class='ocrx_word' id='word_1_63' title='bbox 702 533 788 564; x_wconf 72' lang='lat' dir='ltr'>sa’pe</span> <span class='ocrx_word' id='word_1_64' title='bbox 812 534 866 554; x_wconf 84' lang='lat' dir='ltr'>ac-</span> 
     </span>
     <span class='ocr_line' id='line_1_11' title="bbox 130 566 867 606; baseline -0.001 -8"><span class='ocrx_word' id='word_1_65' title='bbox 130 571 264 598; x_wconf 78' lang='lat' dir='ltr'>cusatus</span> <span class='ocrx_word' id='word_1_66' title='bbox 294 571 357 604; x_wconf 81' lang='lat' dir='ltr'>est,</span> <span class='ocrx_word' id='word_1_67' title='bbox 387 566 488 606; x_wconf 90' lang='lat' dir='ltr'>quod,</span> <span class='ocrx_word' id='word_1_68' title='bbox 518 577 594 597; x_wconf 92' lang='lat' dir='ltr'>cum</span> <span class='ocrx_word' id='word_1_69' title='bbox 626 566 751 597; x_wconf 88' lang='lat' dir='ltr'>Consul</span> <span class='ocrx_word' id='word_1_70' title='bbox 781 570 867 597; x_wconf 84' lang='lat' dir='ltr'>esset</span> 
     </span>
     <span class='ocr_line' id='line_1_12' title="bbox 132 609 865 650; baseline 0 -10"><span class='ocrx_word' id='word_1_71' title='bbox 132 620 210 641; x_wconf 90' lang='lat' dir='ltr'>cum</span> <span class='ocrx_word' id='word_1_72' title='bbox 231 609 285 640; x_wconf 83' lang='lat' dir='ltr'>Ti.</span> <span class='ocrx_word' id='word_1_73' title='bbox 304 609 432 650; x_wconf 77' lang='lat' dir='ltr'>Longo,</span> <span class='ocrx_word' id='word_1_74' title='bbox 449 620 563 650; x_wconf 86' lang='lat' dir='ltr'>passus</span> <span class='ocrx_word' id='word_1_75' title='bbox 587 615 686 647; x_wconf 86' lang='lat' dir='ltr'>esset,</span> <span class='ocrx_word' id='word_1_76' title='bbox 701 615 776 640; x_wconf 90' lang='lat' dir='ltr'>tum</span> <span class='ocrx_word' id='word_1_77' title='bbox 800 612 865 650; x_wconf 81' lang='lat' dir='ltr'>pri-</span> 
     </span>
     <span class='ocr_line' id='line_1_13' title="bbox 130 653 867 693; baseline 0.001 -10"><span class='ocrx_word' id='word_1_78' title='bbox 130 663 224 684; x_wconf 89' lang='lat' dir='ltr'>mum</span> <span class='ocrx_word' id='word_1_79' title='bbox 241 662 261 683; x_wconf 89' lang='lat' dir='ltr'>a</span> <span class='ocrx_word' id='word_1_80' title='bbox 277 653 426 693; x_wconf 83' lang='lat' dir='ltr'>populari</span> <span class='ocrx_word' id='word_1_81' title='bbox 443 663 597 685; x_wconf 85' lang='lat' dir='ltr'>consessu</span> <span class='ocrx_word' id='word_1_82' title='bbox 614 655 780 684; x_wconf 85' lang='lat' dir='ltr'>senatoria</span> <span class='ocrx_word' id='word_1_83' title='bbox 793 654 867 684; x_wconf 81' lang='lat' dir='ltr'>sub-</span> 
     </span>
     <span class='ocr_line' id='line_1_14' title="bbox 129 697 395 737; baseline -0.004 -9"><span class='ocrx_word' id='word_1_84' title='bbox 129 698 221 728; x_wconf 75' lang='lat' dir='ltr'>sellia</span> <span class='ocrx_word' id='word_1_85' title='bbox 237 697 395 737; x_wconf 79' lang='lat' dir='ltr'>separari.</span> 
     </span>
    </p>

    <p class='ocr_par' dir='ltr' id='par_1_3' title="bbox 127 740 868 1301">
     <span class='ocr_line' id='line_1_15' title="bbox 175 740 866 780; baseline 0 -10"><span class='ocrx_word' id='word_1_86' title='bbox 175 740 344 780; x_wconf 80' lang='lat' dir='ltr'>Subsequi,</span> <span class='ocrx_word' id='word_1_87' title='bbox 375 740 488 780; x_wconf 87' lang='lat' dir='ltr'>paullo</span> <span class='ocrx_word' id='word_1_88' title='bbox 518 741 628 771; x_wconf 91' lang='lat' dir='ltr'>minus</span> <span class='ocrx_word' id='word_1_89' title='bbox 658 744 722 776; x_wconf 85' lang='lat' dir='ltr'>est,</span> <span class='ocrx_word' id='word_1_90' title='bbox 752 749 866 779; x_wconf 86' lang='lat' dir='ltr'>quam,</span> 
     </span>
     <span class='ocr_line' id='line_1_16' title="bbox 130 783 868 824; baseline -0.003 -10"><span class='ocrx_word' id='word_1_91' title='bbox 130 785 332 824; x_wconf 80' lang='lat' dir='ltr'>exprimere:</span> <span class='ocrx_word' id='word_1_92' title='bbox 357 784 492 814; x_wconf 88' lang='lat' dir='ltr'>imitari.</span> <span class='ocrx_word' id='word_1_93' title='bbox 521 783 563 814; x_wconf 88' lang='lat' dir='ltr'>ad</span> <span class='ocrx_word' id='word_1_94' title='bbox 584 783 660 814; x_wconf 88' lang='lat' dir='ltr'>Div.</span> <span class='ocrx_word' id='word_1_95' title='bbox 678 783 724 812; x_wconf 85' lang='lat' dir='ltr'>iii.</span> <span class='ocrx_word' id='word_1_96' title='bbox 744 786 772 814; x_wconf 88' lang='lat'>1.</span> <span class='ocrx_word' id='word_1_97' title='bbox 805 784 868 813; x_wconf 88' lang='lat' dir='ltr'>mi-</span> 
     </span>
     <span class='ocr_line' id='line_1_17' title="bbox 129 826 867 867; baseline -0.001 -10"><span class='ocrx_word' id='word_1_98' title='bbox 129 827 222 857; x_wconf 84' lang='lat' dir='ltr'>rifice</span> <span class='ocrx_word' id='word_1_99' title='bbox 249 828 318 867; x_wconf 84' lang='lat' dir='ltr'>ipse</span> <span class='ocrx_word' id='word_1_100' title='bbox 345 837 497 858; x_wconf 79' lang='lat' dir='ltr'>sermone</span> <span class='ocrx_word' id='word_1_101' title='bbox 522 836 582 856; x_wconf 88' lang='lat' dir='ltr'>suo</span> <span class='ocrx_word' id='word_1_102' title='bbox 607 826 791 857; x_wconf 83' lang='lat' dir='ltr'>subsecutus</span> <span class='ocrx_word' id='word_1_103' title='bbox 816 832 867 856; x_wconf 88' lang='lat' dir='ltr'>est</span> 
     </span>
     <span class='ocr_line' id='line_1_18' title="bbox 128 869 866 902; baseline -0.001 -2"><span class='ocrx_word' id='word_1_104' title='bbox 128 869 305 902; x_wconf 83' lang='lat' dir='ltr'>literarum</span> <span class='ocrx_word' id='word_1_105' title='bbox 333 876 471 901; x_wconf 66' lang='lat' dir='ltr'>tuarum</span> <span class='ocrx_word' id='word_1_106' title='bbox 505 870 763 900; x_wconf 85' lang='lat' dir='ltr'>humanitatem.</span> <span class='ocrx_word' id='word_1_107' title='bbox 809 870 866 900; x_wconf 91' lang='lat' dir='ltr'>Or.</span> 
     </span>
     <span class='ocr_line' id='line_1_19' title="bbox 130 913 866 952; baseline -0.001 -8"><span class='ocrx_word' id='word_1_108' title='bbox 130 913 179 944; x_wconf 87' lang='lat' dir='ltr'>iii.</span> <span class='ocrx_word' id='word_1_109' title='bbox 206 917 257 949; x_wconf 87' lang='lat'>59.</span> <span class='ocrx_word' id='word_1_110' title='bbox 297 923 416 944; x_wconf 89' lang='lat' dir='ltr'>manus</span> <span class='ocrx_word' id='word_1_111' title='bbox 447 914 559 944; x_wconf 85' lang='lat' dir='ltr'>minus</span> <span class='ocrx_word' id='word_1_112' title='bbox 589 919 722 952; x_wconf 76' lang='lat' dir='ltr'>arguta,</span> <span class='ocrx_word' id='word_1_113' title='bbox 753 913 866 952; x_wconf 81' lang='lat' dir='ltr'>digitis</span> 
     </span>
     <span class='ocr_line' id='line_1_20' title="bbox 129 957 868 998; baseline -0.003 -10"><span class='ocrx_word' id='word_1_114' title='bbox 129 958 318 998; x_wconf 72' lang='lat' dir='ltr'>subsequens</span> <span class='ocrx_word' id='word_1_115' title='bbox 341 957 451 994; x_wconf 83' lang='lat' dir='ltr'>verba,</span> <span class='ocrx_word' id='word_1_116' title='bbox 468 966 535 987; x_wconf 91' lang='lat' dir='ltr'>non</span> <span class='ocrx_word' id='word_1_117' title='bbox 559 957 758 997; x_wconf 83' lang='lat' dir='ltr'>exprimens.</span> <span class='ocrx_word' id='word_1_118' title='bbox 790 957 868 987; x_wconf 87' lang='lat' dir='ltr'>Par-</span> 
     </span>
     <span class='ocr_line' id='line_1_21' title="bbox 128 999 867 1035; baseline -0.001 -4"><span class='ocrx_word' id='word_1_119' title='bbox 128 1001 183 1031; x_wconf 76' lang='lat' dir='ltr'>tit.</span> <span class='ocrx_word' id='word_1_120' title='bbox 208 1004 240 1035; x_wconf 90' lang='grc'>7.</span> <span class='ocrx_word' id='word_1_121' title='bbox 270 1000 357 1031; x_wconf 86' lang='lat' dir='ltr'>actio</span> <span class='ocrx_word' id='word_1_122' title='bbox 380 999 461 1030; x_wconf 79' lang='lat' dir='ltr'>facit</span> <span class='ocrx_word' id='word_1_123' title='bbox 483 1004 518 1031; x_wconf 83' lang='lat' dir='ltr'>ct</span> <span class='ocrx_word' id='word_1_124' title='bbox 540 1000 721 1031; x_wconf 76' lang='lat' dir='ltr'>dilucidam</span> <span class='ocrx_word' id='word_1_125' title='bbox 745 1001 867 1030; x_wconf 87' lang='lat' dir='ltr'>oratio-</span> 
     </span>
     <span class='ocr_line' id='line_1_22' title="bbox 129 1043 868 1084; baseline -0.001 -10"><span class='ocrx_word' id='word_1_126' title='bbox 129 1053 221 1082; x_wconf 88' lang='lat' dir='ltr'>nem,</span> <span class='ocrx_word' id='word_1_127' title='bbox 250 1048 286 1074; x_wconf 87' lang='lat' dir='ltr'>et</span> <span class='ocrx_word' id='word_1_128' title='bbox 313 1043 491 1081; x_wconf 82' lang='lat' dir='ltr'>illustrem,</span> <span class='ocrx_word' id='word_1_129' title='bbox 521 1048 556 1074; x_wconf 83' lang='lat' dir='ltr'>et</span> <span class='ocrx_word' id='word_1_130' title='bbox 585 1043 803 1084; x_wconf 88' lang='lat' dir='ltr'>probabilem,</span> <span class='ocrx_word' id='word_1_131' title='bbox 832 1047 868 1074; x_wconf 87' lang='lat' dir='ltr'>et</span> 
     </span>
     <span class='ocr_line' id='line_1_23' title="bbox 128 1087 867 1125; baseline 0 -7"><span class='ocrx_word' id='word_1_132' title='bbox 128 1095 278 1125; x_wconf 67' lang='lat' dir='ltr'>suavem,</span> <span class='ocrx_word' id='word_1_133' title='bbox 304 1096 371 1117; x_wconf 91' lang='lat' dir='ltr'>non</span> <span class='ocrx_word' id='word_1_134' title='bbox 397 1088 515 1125; x_wconf 90' lang='lat' dir='ltr'>verbis,</span> <span class='ocrx_word' id='word_1_135' title='bbox 543 1087 601 1118; x_wconf 87' lang='lat' dir='ltr'>sed</span> <span class='ocrx_word' id='word_1_136' title='bbox 627 1087 784 1117; x_wconf 73' lang='lat' dir='ltr'>varietate</span> <span class='ocrx_word' id='word_1_137' title='bbox 811 1097 867 1118; x_wconf 80' lang='lat' dir='ltr'>vo·</span> 
     </span>
     <span class='ocr_line' id='line_1_24' title="bbox 129 1130 867 1171; baseline 0 -11"><span class='ocrx_word' id='word_1_138' title='bbox 129 1139 222 1168; x_wconf 88' lang='lat' dir='ltr'>cum,</span> <span class='ocrx_word' id='word_1_139' title='bbox 237 1135 332 1161; x_wconf 88' lang='lat' dir='ltr'>motu</span> <span class='ocrx_word' id='word_1_140' title='bbox 355 1131 516 1171; x_wconf 87' lang='lat' dir='ltr'>corporis,</span> <span class='ocrx_word' id='word_1_141' title='bbox 539 1130 647 1168; x_wconf 86' lang='lat' dir='ltr'>vultu,</span> <span class='ocrx_word' id='word_1_142' title='bbox 666 1140 739 1170; x_wconf 83' lang='lat' dir='ltr'>quae</span> <span class='ocrx_word' id='word_1_143' title='bbox 763 1130 867 1171; x_wconf 84' lang='lat' dir='ltr'>pluri-</span> 
     </span>
     <span class='ocr_line' id='line_1_25' title="bbox 129 1173 866 1213; baseline -0.001 -8"><span class='ocrx_word' id='word_1_144' title='bbox 129 1183 225 1205; x_wconf 86' lang='lat' dir='ltr'>mum</span> <span class='ocrx_word' id='word_1_145' title='bbox 239 1173 411 1212; x_wconf 85' lang='lat' dir='ltr'>valebunt,</span> <span class='ocrx_word' id='word_1_146' title='bbox 428 1175 456 1204; x_wconf 85' lang='lat' dir='ltr'>si</span> <span class='ocrx_word' id='word_1_147' title='bbox 478 1184 554 1204; x_wconf 86' lang='lat' dir='ltr'>cum</span> <span class='ocrx_word' id='word_1_148' title='bbox 571 1174 730 1204; x_wconf 86' lang='lat' dir='ltr'>orationis</span> <span class='ocrx_word' id='word_1_149' title='bbox 745 1183 866 1213; x_wconf 82' lang='lat' dir='ltr'>genere</span> 
     </span>
     <span class='ocr_line' id='line_1_26' title="bbox 128 1217 865 1258; baseline 0 -10"><span class='ocrx_word' id='word_1_150' title='bbox 128 1217 354 1255; x_wconf 82' lang='lat' dir='ltr'>consentient,</span> <span class='ocrx_word' id='word_1_151' title='bbox 369 1219 505 1258; x_wconf 82' lang='lat' dir='ltr'>ejusque</span> <span class='ocrx_word' id='word_1_152' title='bbox 521 1218 589 1248; x_wconf 89' lang='lat' dir='ltr'>vim</span> <span class='ocrx_word' id='word_1_153' title='bbox 612 1224 647 1248; x_wconf 89' lang='lat' dir='ltr'>et</span> <span class='ocrx_word' id='word_1_154' title='bbox 668 1219 865 1248; x_wconf 81' lang='lat' dir='ltr'>varietatem</span> 
     </span>
     <span class='ocr_line' id='line_1_27' title="bbox 127 1261 371 1301; baseline 0 -9"><span class='ocrx_word' id='word_1_155' title='bbox 127 1261 371 1301; x_wconf 70' lang='lat' dir='ltr'>subsequentur.</span> 
     </span>
    </p>

    <p class='ocr_par' dir='ltr' id='par_1_4' title="bbox 128 1304 867 1518">
     <span class='ocr_line' id='line_1_28' title="bbox 175 1304 865 1336; baseline -0.001 -1"><span class='ocrx_word' id='word_1_156' title='bbox 175 1304 373 1336; x_wconf 74' lang='lat' dir='ltr'>Subsidium.</span> <span class='ocrx_word' id='word_1_157' title='bbox 403 1304 504 1336; x_wconf 84' lang='lat' dir='ltr'>Catil.</span> <span class='ocrx_word' id='word_1_158' title='bbox 528 1305 562 1335; x_wconf 90' lang='lat' dir='ltr'>ii.</span> <span class='ocrx_word' id='word_1_159' title='bbox 587 1308 618 1336; x_wconf 90' lang='grc'>5.</span> <span class='ocrx_word' id='word_1_160' title='bbox 648 1305 792 1335; x_wconf 84' lang='lat' dir='ltr'>subsidia</span> <span class='ocrx_word' id='word_1_161' title='bbox 815 1305 865 1334; x_wconf 87' lang='lat' dir='ltr'>in-</span> 
     </span>
     <span class='ocr_line' id='line_1_29' title="bbox 129 1347 864 1388; baseline 0 -10"><span class='ocrx_word' id='word_1_162' title='bbox 129 1347 280 1386; x_wconf 65' lang='lat' dir='ltr'>‹iustu-iaz,</span> <span class='ocrx_word' id='word_1_163' title='bbox 316 1354 416 1388; x_wconf 85' lang='lat' dir='ltr'>atque</span> <span class='ocrx_word' id='word_1_164' title='bbox 453 1349 680 1379; x_wconf 77' lang='lat' dir='ltr'>instrumenta</span> <span class='ocrx_word' id='word_1_165' title='bbox 713 1349 864 1379; x_wconf 84' lang='lat' dir='ltr'>virtutis:</span> 
     </span>
     <span class='ocr_line' id='line_1_30' title="bbox 128 1391 867 1432; baseline 0 -11"><span class='ocrx_word' id='word_1_166' title='bbox 128 1391 170 1421; x_wconf 91' lang='lat' dir='ltr'>de</span> <span class='ocrx_word' id='word_1_167' title='bbox 193 1392 357 1432; x_wconf 83' lang='lat' dir='ltr'>patientia</span> <span class='ocrx_word' id='word_1_168' title='bbox 379 1392 412 1422; x_wconf 92' lang='lat' dir='ltr'>in</span> <span class='ocrx_word' id='word_1_169' title='bbox 442 1391 578 1432; x_wconf 80' lang='lat' dir='ltr'>frigore,</span> <span class='ocrx_word' id='word_1_170' title='bbox 600 1392 702 1426; x_wconf 78' lang='lat' dir='ltr'>fame.</span> <span class='ocrx_word' id='word_1_171' title='bbox 725 1392 794 1429; x_wconf 82' lang='lat' dir='ltr'>siti,</span> <span class='ocrx_word' id='word_1_172' title='bbox 821 1392 867 1421; x_wconf 87' lang='lat' dir='ltr'>vi-</span> 
     </span>
     <span class='ocr_line' id='line_1_31' title="bbox 129 1435 866 1475; baseline 0 -10"><span class='ocrx_word' id='word_1_173' title='bbox 129 1435 218 1475; x_wconf 83' lang='lat' dir='ltr'>giliis</span> <span class='ocrx_word' id='word_1_174' title='bbox 251 1435 464 1475; x_wconf 80' lang='lat' dir='ltr'>perferendis.</span> <span class='ocrx_word' id='word_1_175' title='bbox 511 1435 645 1466; x_wconf 88' lang='lat' dir='ltr'>Cluent.</span> <span class='ocrx_word' id='word_1_176' title='bbox 681 1438 730 1466; x_wconf 85' lang='lat'>11.</span> <span class='ocrx_word' id='word_1_177' title='bbox 766 1436 866 1466; x_wconf 83' lang='lat' dir='ltr'>subsi-</span> 
     </span>
     <span class='ocr_line' id='line_1_32' title="bbox 128 1478 548 1518; baseline 0.002 -10"><span class='ocrx_word' id='word_1_178' title='bbox 128 1479 219 1509; x_wconf 81' lang='lat' dir='ltr'>dium</span> <span class='ocrx_word' id='word_1_179' title='bbox 236 1479 387 1518; x_wconf 84' lang='lat' dir='ltr'>generis3</span> <span class='ocrx_word' id='word_1_180' title='bbox 411 1479 451 1509; x_wconf 90' lang='lat' dir='ltr'>de</span> <span class='ocrx_word' id='word_1_181' title='bbox 468 1478 548 1509; x_wconf 88' lang='lat' dir='ltr'>filio.</span> 
     </span>
    </p>

    <p class='ocr_par' dir='ltr' id='par_1_5' title="bbox 126 1521 867 2039">
     <span class='ocr_line' id='line_1_33' title="bbox 172 1521 866 1561; baseline 0 -9"><span class='ocrx_word' id='word_1_182' title='bbox 172 1521 385 1561; x_wconf 55' lang='lat' dir='ltr'>Saba-ignare,</span> <span class='ocrx_word' id='word_1_183' title='bbox 402 1522 618 1552; x_wconf 82' lang='lat' dir='ltr'>subscribere.</span> <span class='ocrx_word' id='word_1_184' title='bbox 636 1521 744 1552; x_wconf 88' lang='lat' dir='ltr'>Flacc.</span> <span class='ocrx_word' id='word_1_185' title='bbox 758 1524 810 1554; x_wconf 85' lang='grc'>32.</span> <span class='ocrx_word' id='word_1_186' title='bbox 827 1521 866 1552; x_wconf 87' lang='lat' dir='ltr'>il-</span> 
     </span>
     <span class='ocr_line' id='line_1_34' title="bbox 128 1565 866 1606; baseline -0.001 -10"><span class='ocrx_word' id='word_1_187' title='bbox 128 1565 188 1596; x_wconf 85' lang='lat' dir='ltr'>lud</span> <span class='ocrx_word' id='word_1_188' title='bbox 199 1575 325 1605; x_wconf 82' lang='lat' dir='ltr'>quaero,</span> <span class='ocrx_word' id='word_1_189' title='bbox 333 1566 444 1596; x_wconf 85' lang='lat' dir='ltr'>sintne</span> <span class='ocrx_word' id='word_1_190' title='bbox 456 1566 522 1596; x_wconf 88' lang='lat' dir='ltr'>ista</span> <span class='ocrx_word' id='word_1_191' title='bbox 532 1565 657 1606; x_wconf 88' lang='lat' dir='ltr'>praedia</span> <span class='ocrx_word' id='word_1_192' title='bbox 663 1566 778 1595; x_wconf 81' lang='lat' dir='ltr'>censui</span> <span class='ocrx_word' id='word_1_193' title='bbox 789 1575 866 1595; x_wconf 88' lang='lat' dir='ltr'>cen-</span> 
     </span>
     <span class='ocr_line' id='line_1_35' title="bbox 127 1608 865 1647; baseline -0.001 -8"><span class='ocrx_word' id='word_1_194' title='bbox 127 1608 249 1639; x_wconf 79' lang='lat' dir='ltr'>sendo:</span> <span class='ocrx_word' id='word_1_195' title='bbox 277 1609 423 1640; x_wconf 83' lang='lat' dir='ltr'>habeant</span> <span class='ocrx_word' id='word_1_196' title='bbox 438 1609 496 1647; x_wconf 85' lang='lat' dir='ltr'>jus</span> <span class='ocrx_word' id='word_1_197' title='bbox 520 1609 636 1639; x_wconf 88' lang='lat' dir='ltr'>civile:</span> <span class='ocrx_word' id='word_1_198' title='bbox 659 1609 741 1646; x_wconf 88' lang='lat' dir='ltr'>sint,</span> <span class='ocrx_word' id='word_1_199' title='bbox 760 1618 865 1639; x_wconf 83' lang='lat' dir='ltr'>necne</span> 
     </span>
     <span class='ocr_line' id='line_1_36' title="bbox 128 1651 865 1693; baseline 0 -11"><span class='ocrx_word' id='word_1_200' title='bbox 128 1653 198 1683; x_wconf 86' lang='lat' dir='ltr'>sint</span> <span class='ocrx_word' id='word_1_201' title='bbox 215 1653 379 1693; x_wconf 79' lang='lat' dir='ltr'>mancipi:</span> <span class='ocrx_word' id='word_1_202' title='bbox 395 1653 581 1691; x_wconf 63' lang='lat' dir='ltr'>subsignari</span> <span class='ocrx_word' id='word_1_203' title='bbox 597 1651 686 1692; x_wconf 90' lang='lat' dir='ltr'>apud</span> <span class='ocrx_word' id='word_1_204' title='bbox 698 1653 865 1690; x_wconf 87' lang='lat' dir='ltr'>aerarium,</span> 
     </span>
     <span class='ocr_line' id='line_1_37' title="bbox 127 1695 866 1736; baseline -0.001 -10"><span class='ocrx_word' id='word_1_205' title='bbox 127 1695 218 1736; x_wconf 86' lang='lat' dir='ltr'>apud</span> <span class='ocrx_word' id='word_1_206' title='bbox 240 1705 411 1726; x_wconf 80' lang='lat' dir='ltr'>censorem</span> <span class='ocrx_word' id='word_1_207' title='bbox 430 1697 568 1736; x_wconf 84' lang='lat' dir='ltr'>possint.</span> <span class='ocrx_word' id='word_1_208' title='bbox 613 1696 743 1736; x_wconf 77' lang='lat' dir='ltr'>Nempe</span> <span class='ocrx_word' id='word_1_209' title='bbox 765 1697 866 1726; x_wconf 77' lang='lat' dir='ltr'>subsi-</span> 
     </span>
     <span class='ocr_line' id='line_1_38' title="bbox 126 1739 865 1780; baseline -0.001 -10"><span class='ocrx_word' id='word_1_210' title='bbox 126 1740 230 1779; x_wconf 78' lang='lat' dir='ltr'>gnari</span> <span class='ocrx_word' id='word_1_211' title='bbox 244 1739 368 1780; x_wconf 80' lang='lat' dir='ltr'>praedia</span> <span class='ocrx_word' id='word_1_212' title='bbox 388 1739 560 1776; x_wconf 88' lang='lat' dir='ltr'>dicuutur,</span> <span class='ocrx_word' id='word_1_213' title='bbox 576 1749 653 1769; x_wconf 87' lang='lat' dir='ltr'>cum</span> <span class='ocrx_word' id='word_1_214' title='bbox 677 1739 712 1769; x_wconf 89' lang='lat' dir='ltr'>in</span> <span class='ocrx_word' id='word_1_215' title='bbox 728 1749 865 1769; x_wconf 83' lang='lat' dir='ltr'>censum</span> 
     </span>
     <span class='ocr_line' id='line_1_39' title="bbox 127 1781 866 1814; baseline 0.001 -1"><span class='ocrx_word' id='word_1_216' title='bbox 127 1781 343 1813; x_wconf 81' lang='lat' dir='ltr'>deseruntur:</span> <span class='ocrx_word' id='word_1_217' title='bbox 371 1782 404 1813; x_wconf 85' lang='lat' dir='ltr'>h.</span> <span class='ocrx_word' id='word_1_218' title='bbox 429 1793 458 1813; x_wconf 90' lang='lat' dir='ltr'>e.</span> <span class='ocrx_word' id='word_1_219' title='bbox 481 1783 543 1813; x_wconf 88' lang='lat' dir='ltr'>sub</span> <span class='ocrx_word' id='word_1_220' title='bbox 566 1783 701 1812; x_wconf 90' lang='lat' dir='ltr'>nomine</span> <span class='ocrx_word' id='word_1_221' title='bbox 723 1783 803 1813; x_wconf 84' lang='lat' dir='ltr'>civis</span> <span class='ocrx_word' id='word_1_222' title='bbox 825 1783 866 1814; x_wconf 89' lang='lat' dir='ltr'>R.</span> 
     </span>
     <span class='ocr_line' id='line_1_40' title="bbox 127 1825 866 1857; baseline 0 -1"><span class='ocrx_word' id='word_1_223' title='bbox 127 1827 165 1857; x_wconf 88' lang='lat' dir='ltr'>in</span> <span class='ocrx_word' id='word_1_224' title='bbox 188 1826 312 1857; x_wconf 86' lang='lat' dir='ltr'>tabulis</span> <span class='ocrx_word' id='word_1_225' title='bbox 342 1826 498 1857; x_wconf 86' lang='lat' dir='ltr'>censoriis</span> <span class='ocrx_word' id='word_1_226' title='bbox 521 1826 723 1856; x_wconf 86' lang='lat' dir='ltr'>scribuntur.</span> <span class='ocrx_word' id='word_1_227' title='bbox 768 1825 866 1856; x_wconf 86' lang='lat' dir='ltr'>Cete-</span> 
     </span>
     <span class='ocr_line' id='line_1_41' title="bbox 128 1869 867 1901; baseline -0.001 0"><span class='ocrx_word' id='word_1_228' title='bbox 128 1879 205 1901; x_wconf 89' lang='lat' dir='ltr'>rum</span> <span class='ocrx_word' id='word_1_229' title='bbox 227 1869 282 1900; x_wconf 89' lang='lat' dir='ltr'>hic</span> <span class='ocrx_word' id='word_1_230' title='bbox 305 1869 397 1899; x_wconf 90' lang='lat' dir='ltr'>locus</span> <span class='ocrx_word' id='word_1_231' title='bbox 419 1869 596 1900; x_wconf 82' lang='lat' dir='ltr'>confirmat</span> <span class='ocrx_word' id='word_1_232' title='bbox 626 1869 777 1900; x_wconf 85' lang='lat' dir='ltr'>Salmasii</span> <span class='ocrx_word' id='word_1_233' title='bbox 802 1870 867 1900; x_wconf 88' lang='lat' dir='ltr'>dis-</span> 
     </span>
     <span class='ocr_line' id='line_1_42' title="bbox 130 1912 865 1954; baseline 0.001 -11"><span class='ocrx_word' id='word_1_234' title='bbox 130 1913 342 1954; x_wconf 86' lang='lat' dir='ltr'>putationem</span> <span class='ocrx_word' id='word_1_235' title='bbox 364 1912 404 1943; x_wconf 89' lang='lat' dir='ltr'>de</span> <span class='ocrx_word' id='word_1_236' title='bbox 421 1913 508 1943; x_wconf 90' lang='lat' dir='ltr'>mod.</span> <span class='ocrx_word' id='word_1_237' title='bbox 526 1913 626 1943; x_wconf 91' lang='lat' dir='ltr'>Usur.</span> <span class='ocrx_word' id='word_1_238' title='bbox 642 1922 671 1943; x_wconf 91' lang='lat' dir='ltr'>c.</span> <span class='ocrx_word' id='word_1_239' title='bbox 690 1916 738 1944; x_wconf 88' lang='grc'>11.</span> <span class='ocrx_word' id='word_1_240' title='bbox 771 1915 865 1952; x_wconf 87' lang='lat' dir='ltr'>eujus</span> 
     </span>
     <span class='ocr_line' id='line_1_43' title="bbox 128 1956 866 1996; baseline 0.001 -9"><span class='ocrx_word' id='word_1_241' title='bbox 128 1956 200 1987; x_wconf 84' lang='lat' dir='ltr'>haec</span> <span class='ocrx_word' id='word_1_242' title='bbox 226 1962 279 1987; x_wconf 89' lang='lat' dir='ltr'>est</span> <span class='ocrx_word' id='word_1_243' title='bbox 303 1965 447 1993; x_wconf 89' lang='lat' dir='ltr'>summa,</span> <span class='ocrx_word' id='word_1_244' title='bbox 471 1957 660 1996; x_wconf 73' lang='lat' dir='ltr'>subsignare</span> <span class='ocrx_word' id='word_1_245' title='bbox 689 1965 760 1987; x_wconf 85' lang='lat' dir='ltr'>esse</span> <span class='ocrx_word' id='word_1_246' title='bbox 789 1956 866 1988; x_wconf 86' lang='lat' dir='ltr'>sub·</span> 
     </span>
     <span class='ocr_line' id='line_1_44' title="bbox 127 1999 672 2039; baseline -0.002 -9"><span class='ocrx_word' id='word_1_247' title='bbox 127 2000 286 2038; x_wconf 82' lang='lat' dir='ltr'>scribere,</span> <span class='ocrx_word' id='word_1_248' title='bbox 300 2004 335 2029; x_wconf 87' lang='lat' dir='ltr'>et</span> <span class='ocrx_word' id='word_1_249' title='bbox 351 1999 480 2029; x_wconf 83' lang='lat' dir='ltr'>differre</span> <span class='ocrx_word' id='word_1_250' title='bbox 496 2009 516 2030; x_wconf 87' lang='lat' dir='ltr'>a</span> <span class='ocrx_word' id='word_1_251' title='bbox 530 2000 672 2039; x_wconf 86' lang='lat' dir='ltr'>signare.</span> 
     </span>
    </p>

    <p class='ocr_par' dir='ltr' id='par_1_6' title="bbox 126 2042 866 2208">
     <span class='ocr_line' id='line_1_45' title="bbox 174 2042 866 2081; baseline -0.001 -7"><span class='ocrx_word' id='word_1_252' title='bbox 174 2043 366 2081; x_wconf 78' lang='lat' dir='ltr'>Subsistere,</span> <span class='ocrx_word' id='word_1_253' title='bbox 403 2042 581 2081; x_wconf 86' lang='lat' dir='ltr'>sustinere,</span> <span class='ocrx_word' id='word_1_254' title='bbox 616 2043 771 2074; x_wconf 84' lang='lat' dir='ltr'>tolerare.</span> <span class='ocrx_word' id='word_1_255' title='bbox 824 2042 866 2073; x_wconf 85' lang='lat' dir='ltr'>ad</span> 
     </span>
     <span class='ocr_line' id='line_1_46' title="bbox 127 2086 865 2123; baseline -0.001 -5"><span class='ocrx_word' id='word_1_256' title='bbox 127 2086 207 2118; x_wconf 79' lang='lat' dir='ltr'>Div.</span> <span class='ocrx_word' id='word_1_257' title='bbox 223 2087 268 2117; x_wconf 85' lang='lat' dir='ltr'>xi.</span> <span class='ocrx_word' id='word_1_258' title='bbox 288 2089 337 2118; x_wconf 86' lang='grc'>10.</span> <span class='ocrx_word' id='word_1_259' title='bbox 368 2096 448 2123; x_wconf 90' lang='lat' dir='ltr'>non,</span> <span class='ocrx_word' id='word_1_260' title='bbox 462 2087 489 2116; x_wconf 89' lang='lat' dir='ltr'>si</span> <span class='ocrx_word' id='word_1_261' title='bbox 514 2086 670 2117; x_wconf 89' lang='lat' dir='ltr'>Varronis</span> <span class='ocrx_word' id='word_1_262' title='bbox 691 2086 865 2117; x_wconf 80' lang='lat' dir='ltr'>thesauros</span> 
     </span>
     <span class='ocr_line' id='line_1_47' title="bbox 128 2130 864 2170; baseline 0 -9"><span class='ocrx_word' id='word_1_263' title='bbox 128 2130 299 2168; x_wconf 85' lang='lat' dir='ltr'>haberem,</span> <span class='ocrx_word' id='word_1_264' title='bbox 321 2130 489 2161; x_wconf 71' lang='lat' dir='ltr'>subsistere</span> <span class='ocrx_word' id='word_1_265' title='bbox 510 2130 638 2160; x_wconf 90' lang='lat' dir='ltr'>sumtui</span> <span class='ocrx_word' id='word_1_266' title='bbox 662 2139 805 2170; x_wconf 86' lang='lat' dir='ltr'>possem.</span> <span class='ocrx_word' id='word_1_267' title='bbox 834 2139 864 2161; x_wconf 90' lang='lat' dir='ltr'>v.</span> 
     </span>
     <span class='ocr_line' id='line_1_48' title="bbox 126 2172 815 2208; baseline 0.001 -5"><span class='ocrx_word' id='word_1_268' title='bbox 126 2173 272 2204; x_wconf 86' lang='lat' dir='ltr'>Gronov.</span> <span class='ocrx_word' id='word_1_269' title='bbox 289 2179 322 2204; x_wconf 85' lang='lat' dir='ltr'>et</span> <span class='ocrx_word' id='word_1_270' title='bbox 336 2173 510 2204; x_wconf 83' lang='lat' dir='ltr'>Drakenb.</span> <span class='ocrx_word' id='word_1_271' title='bbox 525 2173 566 2203; x_wconf 88' lang='lat' dir='ltr'>ad</span> <span class='ocrx_word' id='word_1_272' title='bbox 581 2172 652 2203; x_wconf 86' lang='lat' dir='ltr'>Liv.</span> <span class='ocrx_word' id='word_1_273' title='bbox 669 2173 767 2204; x_wconf 80' lang='lat' dir='ltr'>xxvii.</span> <span class='ocrx_word' id='word_1_274' title='bbox 783 2177 815 2208; x_wconf 82' lang='grc'>7.</span> 
     </span>
    </p>

    <p class='ocr_par' dir='ltr' id='par_1_7' title="bbox 126 2216 865 2336">
     <span class='ocr_line' id='line_1_49' title="bbox 174 2216 865 2248; baseline -0.001 0"><span class='ocrx_word' id='word_1_275' title='bbox 174 2216 363 2248; x_wconf 81' lang='lat' dir='ltr'>Subsortiri.</span> <span class='ocrx_word' id='word_1_276' title='bbox 393 2217 468 2248; x_wconf 85' lang='lat' dir='ltr'>Act.</span> <span class='ocrx_word' id='word_1_277' title='bbox 491 2217 512 2246; x_wconf 91' lang='lat' dir='ltr'>i.</span> <span class='ocrx_word' id='word_1_278' title='bbox 538 2217 573 2246; x_wconf 84' lang='lat' dir='ltr'>in</span> <span class='ocrx_word' id='word_1_279' title='bbox 595 2216 688 2247; x_wconf 79' lang='lat' dir='ltr'>verr.</span> <span class='ocrx_word' id='word_1_280' title='bbox 716 2219 764 2247; x_wconf 93' lang='grc'>10.</span> <span class='ocrx_word' id='word_1_281' title='bbox 793 2217 865 2247; x_wconf 79' lang='lat' dir='ltr'>sub-</span> 
     </span>
     <span class='ocr_line' id='line_1_50' title="bbox 126 2259 863 2299; baseline -0.001 -7"><span class='ocrx_word' id='word_1_282' title='bbox 126 2262 298 2299; x_wconf 75' lang='lat' dir='ltr'>sortiemur</span> <span class='ocrx_word' id='word_1_283' title='bbox 324 2261 427 2291; x_wconf 79' lang='lat' dir='ltr'>etiam</span> <span class='ocrx_word' id='word_1_284' title='bbox 453 2263 488 2290; x_wconf 84' lang='lat' dir='ltr'>in</span> <span class='ocrx_word' id='word_1_285' title='bbox 514 2259 646 2290; x_wconf 86' lang='lat' dir='ltr'>Metelli</span> <span class='ocrx_word' id='word_1_286' title='bbox 672 2260 794 2290; x_wconf 88' lang='lat' dir='ltr'>locum.</span> <span class='ocrx_word' id='word_1_287' title='bbox 833 2270 863 2291; x_wconf 94' lang='lat' dir='ltr'>v.</span> 
     </span>
     <span class='ocr_line' id='line_1_51' title="bbox 127 2304 333 2336; baseline -0.01 0"><span class='ocrx_word' id='word_1_288' title='bbox 127 2304 333 2336; x_wconf 80' lang='lat' dir='ltr'>subsortitio.</span> 
     </span>
    </p>

    <p class='ocr_par' dir='ltr' id='par_1_8' title="bbox 125 2345 866 2777">
     <span class='ocr_line' id='line_1_52' title="bbox 173 2345 865 2385; baseline -0.003 -7"><span class='ocrx_word' id='word_1_289' title='bbox 173 2347 374 2385; x_wconf 75' lang='lat' dir='ltr'>Subsortitio,</span> <span class='ocrx_word' id='word_1_290' title='bbox 403 2354 455 2377; x_wconf 88' lang='lat' dir='ltr'>est</span> <span class='ocrx_word' id='word_1_291' title='bbox 483 2345 590 2377; x_wconf 84' lang='lat' dir='ltr'>altera</span> <span class='ocrx_word' id='word_1_292' title='bbox 618 2346 750 2376; x_wconf 89' lang='lat' dir='ltr'>sortitio</span> <span class='ocrx_word' id='word_1_293' title='bbox 772 2346 865 2384; x_wconf 84' lang='lat' dir='ltr'>judi-</span> 
     </span>
     <span class='ocr_line' id='line_1_53' title="bbox 127 2389 864 2433; baseline -0.003 -11"><span class='ocrx_word' id='word_1_294' title='bbox 127 2400 219 2429; x_wconf 82' lang='lat' dir='ltr'>cum,</span> <span class='ocrx_word' id='word_1_295' title='bbox 249 2401 315 2433; x_wconf 86' lang='lat' dir='ltr'>qua</span> <span class='ocrx_word' id='word_1_296' title='bbox 344 2390 473 2421; x_wconf 87' lang='lat' dir='ltr'>scilicet</span> <span class='ocrx_word' id='word_1_297' title='bbox 502 2389 703 2430; x_wconf 83' lang='lat' dir='ltr'>supplentur</span> <span class='ocrx_word' id='word_1_298' title='bbox 732 2389 864 2428; x_wconf 86' lang='lat' dir='ltr'>judices</span> 
     </span>
     <span class='ocr_line' id='line_1_54' title="bbox 126 2432 865 2476; baseline -0.001 -11"><span class='ocrx_word' id='word_1_299' title='bbox 126 2440 203 2476; x_wconf 83' lang='lat' dir='ltr'>post</span> <span class='ocrx_word' id='word_1_300' title='bbox 219 2435 361 2475; x_wconf 86' lang='lat' dir='ltr'>priorem</span> <span class='ocrx_word' id='word_1_301' title='bbox 380 2434 529 2474; x_wconf 62' lang='lat' dir='ltr'>praetoris</span> <span class='ocrx_word' id='word_1_302' title='bbox 553 2439 611 2464; x_wconf 88' lang='lat' dir='ltr'>aut</span> <span class='ocrx_word' id='word_1_303' title='bbox 627 2432 752 2472; x_wconf 85' lang='lat' dir='ltr'>judicis</span> <span class='ocrx_word' id='word_1_304' title='bbox 775 2443 865 2472; x_wconf 86' lang='lat' dir='ltr'>quae·</span> 
     </span>
     <span class='ocr_line' id='line_1_55' title="bbox 126 2477 864 2517; baseline -0.003 -9"><span class='ocrx_word' id='word_1_305' title='bbox 126 2478 242 2508; x_wconf 82' lang='lat' dir='ltr'>stionis</span> <span class='ocrx_word' id='word_1_306' title='bbox 257 2478 466 2517; x_wconf 84' lang='lat' dir='ltr'>sortitionem</span> <span class='ocrx_word' id='word_1_307' title='bbox 487 2477 602 2516; x_wconf 75' lang='lat' dir='ltr'>rejecti</span> <span class='ocrx_word' id='word_1_308' title='bbox 617 2477 657 2507; x_wconf 90' lang='lat' dir='ltr'>ab</span> <span class='ocrx_word' id='word_1_309' title='bbox 673 2484 864 2507; x_wconf 73' lang='lat' dir='ltr'>accusatore</span> 
     </span>
     <span class='ocr_line' id='line_1_56' title="bbox 125 2519 866 2556; baseline -0.001 -4"><span class='ocrx_word' id='word_1_310' title='bbox 125 2525 161 2556; x_wconf 86' lang='lat' dir='ltr'>et</span> <span class='ocrx_word' id='word_1_311' title='bbox 181 2531 248 2552; x_wconf 89' lang='lat' dir='ltr'>reo.</span> <span class='ocrx_word' id='word_1_312' title='bbox 276 2521 369 2552; x_wconf 89' lang='lat' dir='ltr'>Verr.</span> <span class='ocrx_word' id='word_1_313' title='bbox 387 2522 408 2551; x_wconf 91' lang='lat' dir='ltr'>i.</span> <span class='ocrx_word' id='word_1_314' title='bbox 426 2521 478 2551; x_wconf 84' lang='lat'>61.</span> <span class='ocrx_word' id='word_1_315' title='bbox 499 2529 576 2550; x_wconf 87' lang='lat' dir='ltr'>nam</span> <span class='ocrx_word' id='word_1_316' title='bbox 593 2519 632 2550; x_wconf 88' lang='lat' dir='ltr'>de</span> <span class='ocrx_word' id='word_1_317' title='bbox 646 2521 866 2551; x_wconf 71' lang='lat' dir='ltr'>subsortitione</span> 
     </span>
     <span class='ocr_line' id='line_1_57' title="bbox 126 2563 865 2603; baseline -0.001 -9"><span class='ocrx_word' id='word_1_318' title='bbox 126 2564 184 2595; x_wconf 87' lang='lat' dir='ltr'>illa</span> <span class='ocrx_word' id='word_1_319' title='bbox 198 2564 513 2603; x_wconf 81' lang='lat' dir='ltr'>Junianajudicum</span> <span class='ocrx_word' id='word_1_320' title='bbox 530 2563 613 2594; x_wconf 88' lang='lat' dir='ltr'>nihil</span> <span class='ocrx_word' id='word_1_321' title='bbox 629 2563 714 2594; x_wconf 82' lang='lat' dir='ltr'>dico.</span> <span class='ocrx_word' id='word_1_322' title='bbox 743 2564 865 2593; x_wconf 74' lang='lat' dir='ltr'>*cata-</span> 
     </span>
     <span class='ocr_line' id='line_1_58' title="bbox 127 2606 864 2647; baseline -0.001 -10"><span class='ocrx_word' id='word_1_323' title='bbox 127 2607 222 2647; x_wconf 81' lang='lat' dir='ltr'>logus</span> <span class='ocrx_word' id='word_1_324' title='bbox 239 2608 392 2647; x_wconf 87' lang='lat' dir='ltr'>judicum</span> <span class='ocrx_word' id='word_1_325' title='bbox 409 2608 631 2638; x_wconf 75' lang='lat' dir='ltr'>subsortitione</span> <span class='ocrx_word' id='word_1_326' title='bbox 646 2606 864 2637; x_wconf 84' lang='lat' dir='ltr'>delectorum.</span> 
     </span>
     <span class='ocr_line' id='line_1_59' title="bbox 128 2650 865 2691; baseline 0 -11"><span class='ocrx_word' id='word_1_327' title='bbox 128 2650 264 2682; x_wconf 84' lang='lat' dir='ltr'>Cluent.</span> <span class='ocrx_word' id='word_1_328' title='bbox 280 2654 333 2682; x_wconf 83' lang='lat'>33.</span> <span class='ocrx_word' id='word_1_329' title='bbox 361 2651 450 2691; x_wconf 85' lang='lat' dir='ltr'>quod</span> <span class='ocrx_word' id='word_1_330' title='bbox 473 2651 590 2681; x_wconf 73' lang='lat' dir='ltr'>Verres</span> <span class='ocrx_word' id='word_1_331' title='bbox 612 2651 865 2680; x_wconf 71' lang='lat' dir='ltr'>subsortitionem</span> 
     </span>
     <span class='ocr_line' id='line_1_60' title="bbox 127 2693 864 2733; baseline -0.001 -9"><span class='ocrx_word' id='word_1_332' title='bbox 127 2694 199 2732; x_wconf 73' lang='lat' dir='ltr'>eius</span> <span class='ocrx_word' id='word_1_333' title='bbox 216 2694 249 2724; x_wconf 90' lang='lat' dir='ltr'>in</span> <span class='ocrx_word' id='word_1_334' title='bbox 264 2703 304 2724; x_wconf 83' lang='lat' dir='ltr'>eo</span> <span class='ocrx_word' id='word_1_335' title='bbox 320 2695 432 2724; x_wconf 84' lang='lat' dir='ltr'>codice</span> <span class='ocrx_word' id='word_1_336' title='bbox 456 2704 523 2724; x_wconf 86' lang='lat' dir='ltr'>non</span> <span class='ocrx_word' id='word_1_337' title='bbox 546 2694 696 2732; x_wconf 82' lang='lat' dir='ltr'>haberet,</span> <span class='ocrx_word' id='word_1_338' title='bbox 712 2693 767 2733; x_wconf 89' lang='lat' dir='ltr'>qui</span> <span class='ocrx_word' id='word_1_339' title='bbox 790 2697 864 2723; x_wconf 90' lang='lat' dir='ltr'>tum</span> 
     </span>
     <span class='ocr_line' id='line_1_61' title="bbox 127 2736 554 2777; baseline 0.002 -10"><span class='ocrx_word' id='word_1_340' title='bbox 127 2736 299 2768; x_wconf 83' lang='lat' dir='ltr'>interlitus</span> <span class='ocrx_word' id='word_1_341' title='bbox 315 2737 554 2777; x_wconf 79' lang='lat' dir='ltr'>proferebatur.</span> 
     </span>
    </p>

    <p class='ocr_par' dir='ltr' id='par_1_9' title="bbox 126 2779 866 2909">
     <span class='ocr_line' id='line_1_62' title="bbox 173 2779 865 2822; baseline 0 -12"><span class='ocrx_word' id='word_1_342' title='bbox 173 2780 349 2811; x_wconf 72' lang='lat' dir='ltr'>Substituo.</span> <span class='ocrx_word' id='word_1_343' title='bbox 387 2781 463 2812; x_wconf 87' lang='lat' dir='ltr'>Div.</span> <span class='ocrx_word' id='word_1_344' title='bbox 496 2782 531 2811; x_wconf 91' lang='lat' dir='ltr'>ii.</span> <span class='ocrx_word' id='word_1_345' title='bbox 559 2782 592 2813; x_wconf 87' lang='grc'>2.</span> <span class='ocrx_word' id='word_1_346' title='bbox 621 2779 865 2822; x_wconf 81' lang='lat' dir='ltr'>philosophiam</span> 
     </span>
     <span class='ocr_line' id='line_1_63' title="bbox 128 2824 866 2864; baseline 0.003 -12"><span class='ocrx_word' id='word_1_347' title='bbox 128 2833 189 2864; x_wconf 85' lang='lat' dir='ltr'>pro</span> <span class='ocrx_word' id='word_1_348' title='bbox 205 2824 285 2863; x_wconf 78' lang='lat' dir='ltr'>reip.</span> <span class='ocrx_word' id='word_1_349' title='bbox 300 2825 532 2863; x_wconf 77' lang='lat' dir='ltr'>procuratione</span> <span class='ocrx_word' id='word_1_350' title='bbox 549 2824 642 2856; x_wconf 88' lang='lat' dir='ltr'>nobis</span> <span class='ocrx_word' id='word_1_351' title='bbox 658 2825 866 2856; x_wconf 74' lang='lat' dir='ltr'>substitutam</span> 
     </span>
     <span class='ocr_line' id='line_1_64' title="bbox 126 2867 338 2909; baseline -0.005 -11"><span class='ocrx_word' id='word_1_352' title='bbox 126 2867 338 2909; x_wconf 69' lang='lat' dir='ltr'>putabamus.</span> 
     </span>
    </p>
   </div>
   <div class='ocr_carea' id='block_1_3' title="bbox 1559 80 1642 118">
    <p class='ocr_par' dir='ltr' id='par_1_10' title="bbox 1559 80 1642 118">
     <span class='ocr_line' id='line_1_65' title="bbox 1559 80 1642 118; baseline 0 -1"><span class='ocrx_word' id='word_1_353' title='bbox 1559 80 1642 118; x_wconf 76' lang='lat'>443</span> 
     </span>
    </p>
   </div>
   <div class='ocr_carea' id='block_1_4' title="bbox 905 174 1650 2909">
    <p class='ocr_par' dir='ltr' id='par_1_11' title="bbox 905 174 1645 1169">
     <span class='ocr_line' id='line_1_66' title="bbox 952 174 1643 218; baseline 0.007 -14"><span class='ocrx_word' id='word_1_354' title='bbox 952 174 1100 212; x_wconf 68' lang='lat' dir='ltr'>Subrius,</span> <span class='ocrx_word' id='word_1_355' title='bbox 1130 175 1322 207; x_wconf 82' lang='lat' dir='ltr'>Dialecticis</span> <span class='ocrx_word' id='word_1_356' title='bbox 1352 176 1474 218; x_wconf 84' lang='lat' dir='ltr'>reg-ulis</span> <span class='ocrx_word' id='word_1_357' title='bbox 1504 187 1643 209; x_wconf 84' lang='lat' dir='ltr'>consen-</span> 
     </span>
     <span class='ocr_line' id='line_1_67' title="bbox 905 217 1642 261; baseline 0.005 -14"><span class='ocrx_word' id='word_1_358' title='bbox 905 217 1004 248; x_wconf 86' lang='lat' dir='ltr'>tiens.</span> <span class='ocrx_word' id='word_1_359' title='bbox 1051 218 1238 258; x_wconf 81' lang='lat' dir='ltr'>Philosophi</span> <span class='ocrx_word' id='word_1_360' title='bbox 1264 221 1368 259; x_wconf 81' lang='lat' dir='ltr'>igitur</span> <span class='ocrx_word' id='word_1_361' title='bbox 1390 222 1519 261; x_wconf 85' lang='lat' dir='ltr'>proprie</span> <span class='ocrx_word' id='word_1_362' title='bbox 1536 221 1642 252; x_wconf 86' lang='lat' dir='ltr'>subti-</span> 
     </span>
     <span class='ocr_line' id='line_1_68' title="bbox 906 260 1641 304; baseline 0.005 -14"><span class='ocrx_word' id='word_1_363' title='bbox 906 260 967 298; x_wconf 81' lang='lat' dir='ltr'>les,</span> <span class='ocrx_word' id='word_1_364' title='bbox 997 266 1031 291; x_wconf 87' lang='lat' dir='ltr'>et</span> <span class='ocrx_word' id='word_1_365' title='bbox 1061 263 1250 300; x_wconf 81' lang='lat' dir='ltr'>quicunque</span> <span class='ocrx_word' id='word_1_366' title='bbox 1281 264 1359 294; x_wconf 82' lang='lat' dir='ltr'>artis</span> <span class='ocrx_word' id='word_1_367' title='bbox 1388 274 1424 294; x_wconf 82' lang='lat' dir='ltr'>ac</span> <span class='ocrx_word' id='word_1_368' title='bbox 1455 264 1641 304; x_wconf 67' lang='lat' dir='ltr'>disciplina</span> 
     </span>
     <span class='ocr_line' id='line_1_69' title="bbox 906 305 1639 348; baseline 0.007 -15"><span class='ocrx_word' id='word_1_369' title='bbox 906 309 1074 344; x_wconf 76' lang='lat' dir='ltr'>praecepta</span> <span class='ocrx_word' id='word_1_370' title='bbox 1089 305 1140 334; x_wconf 78' lang='lat' dir='ltr'>via</span> <span class='ocrx_word' id='word_1_371' title='bbox 1160 308 1194 334; x_wconf 85' lang='lat' dir='ltr'>et</span> <span class='ocrx_word' id='word_1_372' title='bbox 1210 306 1336 335; x_wconf 80' lang='lat' dir='ltr'>ratione</span> <span class='ocrx_word' id='word_1_373' title='bbox 1353 307 1392 336; x_wconf 86' lang='lat' dir='ltr'>ad</span> <span class='ocrx_word' id='word_1_374' title='bbox 1408 309 1639 348; x_wconf 80' lang='lat' dir='ltr'>praescriptum</span> 
     </span>
     <span class='ocr_line' id='line_1_70' title="bbox 905 346 1641 387; baseline 0.003 -8"><span class='ocrx_word' id='word_1_375' title='bbox 905 346 1096 387; x_wconf 84' lang='lat' dir='ltr'>regularum</span> <span class='ocrx_word' id='word_1_376' title='bbox 1121 347 1379 379; x_wconf 73' lang='lat' dir='ltr'>Dialecticarum</span> <span class='ocrx_word' id='word_1_377' title='bbox 1403 350 1551 381; x_wconf 80' lang='lat' dir='ltr'>tradunt.</span> <span class='ocrx_word' id='word_1_378' title='bbox 1581 352 1641 381; x_wconf 81' lang='lat' dir='ltr'>Or.</span> 
     </span>
     <span class='ocr_line' id='line_1_71' title="bbox 906 390 1640 430; baseline 0.003 -8"><span class='ocrx_word' id='word_1_379' title='bbox 906 392 929 422; x_wconf 90' lang='lat' dir='ltr'>i.</span> <span class='ocrx_word' id='word_1_380' title='bbox 951 393 1005 422; x_wconf 77' lang='grc'>23.</span> <span class='ocrx_word' id='word_1_381' title='bbox 1035 392 1061 422; x_wconf 89' lang='lat' dir='ltr'>si</span> <span class='ocrx_word' id='word_1_382' title='bbox 1087 391 1198 421; x_wconf 86' lang='lat' dir='ltr'>minus</span> <span class='ocrx_word' id='word_1_383' title='bbox 1222 390 1278 420; x_wconf 71' lang='lat' dir='ltr'>illa</span> <span class='ocrx_word' id='word_1_384' title='bbox 1300 393 1410 422; x_wconf 82' lang='lat' dir='ltr'>subtili</span> <span class='ocrx_word' id='word_1_385' title='bbox 1433 393 1640 430; x_wconf 73' lang='lat' dir='ltr'>delinitione,</span> 
     </span>
     <span class='ocr_line' id='line_1_72' title="bbox 906 433 1641 474; baseline 0.003 -8"><span class='ocrx_word' id='word_1_386' title='bbox 906 440 942 466; x_wconf 87' lang='lat' dir='ltr'>at</span> <span class='ocrx_word' id='word_1_387' title='bbox 957 433 1019 466; x_wconf 87' lang='lat' dir='ltr'>hac</span> <span class='ocrx_word' id='word_1_388' title='bbox 1035 434 1162 474; x_wconf 73' lang='lat' dir='ltr'>vulgari</span> <span class='ocrx_word' id='word_1_389' title='bbox 1177 434 1333 473; x_wconf 89' lang='lat' dir='ltr'>opinione</span> <span class='ocrx_word' id='word_1_390' title='bbox 1349 445 1417 465; x_wconf 81' lang='lat' dir='ltr'>esse</span> <span class='ocrx_word' id='word_1_391' title='bbox 1433 446 1483 466; x_wconf 84' lang='lat' dir='ltr'>ars</span> <span class='ocrx_word' id='word_1_392' title='bbox 1502 437 1641 468; x_wconf 79' lang='lat' dir='ltr'>videtur.</span> 
     </span>
     <span class='ocr_line' id='line_1_73' title="bbox 906 477 1640 510; baseline 0.001 -1"><span class='ocrx_word' id='word_1_393' title='bbox 906 480 977 509; x_wconf 81' lang='lat' dir='ltr'>Att.</span> <span class='ocrx_word' id='word_1_394' title='bbox 1002 489 1030 508; x_wconf 84' lang='lat' dir='ltr'>v.</span> <span class='ocrx_word' id='word_1_395' title='bbox 1049 482 1097 509; x_wconf 78' lang='lat'>14.</span> <span class='ocrx_word' id='word_1_396' title='bbox 1126 478 1303 508; x_wconf 79' lang='lat' dir='ltr'>subtiliores</span> <span class='ocrx_word' id='word_1_397' title='bbox 1326 477 1441 508; x_wconf 62' lang='lat' dir='ltr'>litt-rm.</span> <span class='ocrx_word' id='word_1_398' title='bbox 1471 479 1575 509; x_wconf 76' lang='lat' dir='ltr'>‘hinc</span> <span class='ocrx_word' id='word_1_399' title='bbox 1599 481 1640 510; x_wconf 91' lang='lat' dir='ltr'>de</span> 
     </span>
     <span class='ocr_line' id='line_1_74' title="bbox 907 520 1641 553; baseline 0.001 -1"><span class='ocrx_word' id='word_1_400' title='bbox 907 522 1092 552; x_wconf 78' lang='lat' dir='ltr'>dicentibus</span> <span class='ocrx_word' id='word_1_401' title='bbox 1108 529 1142 551; x_wconf 76' lang='lat' dir='ltr'>et</span> <span class='ocrx_word' id='word_1_402' title='bbox 1157 520 1389 552; x_wconf 78' lang='lat' dir='ltr'>scribentibus.</span> <span class='ocrx_word' id='word_1_403' title='bbox 1416 531 1445 551; x_wconf 80' lang='lat' dir='ltr'>v.</span> <span class='ocrx_word' id='word_1_404' title='bbox 1464 522 1641 553; x_wconf 73' lang='lat' dir='ltr'>subtilitas.</span> 
     </span>
     <span class='ocr_line' id='line_1_75' title="bbox 906 564 1642 600; baseline 0.001 -4"><span class='ocrx_word' id='word_1_405' title='bbox 906 566 964 596; x_wconf 88' lang='lat' dir='ltr'>Or.</span> <span class='ocrx_word' id='word_1_406' title='bbox 981 567 1001 596; x_wconf 93' lang='lat' dir='ltr'>i.</span> <span class='ocrx_word' id='word_1_407' title='bbox 1018 569 1070 600; x_wconf 83' lang='lat'>39.</span> <span class='ocrx_word' id='word_1_408' title='bbox 1099 565 1224 595; x_wconf 68' lang='lat' dir='ltr'>subtilis</span> <span class='ocrx_word' id='word_1_409' title='bbox 1242 565 1402 594; x_wconf 76' lang='lat' dir='ltr'>oratione.</span> <span class='ocrx_word' id='word_1_410' title='bbox 1433 564 1510 594; x_wconf 91' lang='lat' dir='ltr'>ibid.</span> <span class='ocrx_word' id='word_1_411' title='bbox 1527 565 1573 595; x_wconf 89' lang='lat' dir='ltr'>iii.</span> <span class='ocrx_word' id='word_1_412' title='bbox 1588 569 1642 597; x_wconf 72' lang='lat'>45.</span> 
     </span>
     <span class='ocr_line' id='line_1_76' title="bbox 906 606 1641 647; baseline 0 -8"><span class='ocrx_word' id='word_1_413' title='bbox 906 609 1036 640; x_wconf 80' lang='lat' dir='ltr'>subtiles</span> <span class='ocrx_word' id='word_1_414' title='bbox 1051 619 1177 639; x_wconf 86' lang='lat' dir='ltr'>sumus.</span> <span class='ocrx_word' id='word_1_415' title='bbox 1205 608 1300 638; x_wconf 85' lang='lat' dir='ltr'>Brut.</span> <span class='ocrx_word' id='word_1_416' title='bbox 1317 612 1348 642; x_wconf 87' lang='lat'>9.</span> <span class='ocrx_word' id='word_1_417' title='bbox 1382 606 1492 647; x_wconf 79' lang='lat' dir='ltr'>Lysias</span> <span class='ocrx_word' id='word_1_418' title='bbox 1509 610 1641 647; x_wconf 76' lang='lat' dir='ltr'>egregie</span> 
     </span>
     <span class='ocr_line' id='line_1_77' title="bbox 906 650 1644 692; baseline 0 -10"><span class='ocrx_word' id='word_1_419' title='bbox 906 653 1032 683; x_wconf 78' lang='lat' dir='ltr'>subtilis</span> <span class='ocrx_word' id='word_1_420' title='bbox 1053 653 1194 692; x_wconf 82' lang='lat' dir='ltr'>scriptor</span> <span class='ocrx_word' id='word_1_421' title='bbox 1217 659 1316 690; x_wconf 83' lang='lat' dir='ltr'>atque</span> <span class='ocrx_word' id='word_1_422' title='bbox 1340 650 1485 690; x_wconf 75' lang='lat' dir='ltr'>elegans.</span> <span class='ocrx_word' id='word_1_423' title='bbox 1516 651 1554 681; x_wconf 89' lang='lat' dir='ltr'>de</span> <span class='ocrx_word' id='word_1_424' title='bbox 1570 653 1644 682; x_wconf 85' lang='lat' dir='ltr'>sub-</span> 
     </span>
     <span class='ocr_line' id='line_1_78' title="bbox 907 695 1640 726; baseline 0.001 -1"><span class='ocrx_word' id='word_1_425' title='bbox 907 697 959 726; x_wconf 79' lang='lat' dir='ltr'>tili</span> <span class='ocrx_word' id='word_1_426' title='bbox 981 696 1129 726; x_wconf 81' lang='lat' dir='ltr'>oratione</span> <span class='ocrx_word' id='word_1_427' title='bbox 1154 705 1182 725; x_wconf 79' lang='lat' dir='ltr'>v.</span> <span class='ocrx_word' id='word_1_428' title='bbox 1199 696 1255 725; x_wconf 88' lang='lat' dir='ltr'>Or.</span> <span class='ocrx_word' id='word_1_429' title='bbox 1273 697 1325 726; x_wconf 73' lang='lat'>23.</span> <span class='ocrx_word' id='word_1_430' title='bbox 1343 697 1394 725; x_wconf 79' lang='grc'>24.</span> <span class='ocrx_word' id='word_1_431' title='bbox 1411 704 1437 724; x_wconf 88' lang='lat' dir='ltr'>s.</span> <span class='ocrx_word' id='word_1_432' title='bbox 1452 695 1524 725; x_wconf 79' lang='lat' dir='ltr'>Att.</span> <span class='ocrx_word' id='word_1_433' title='bbox 1541 705 1572 725; x_wconf 80' lang='lat' dir='ltr'>v.</span> <span class='ocrx_word' id='word_1_434' title='bbox 1590 698 1640 726; x_wconf 76' lang='lat'>1-1.</span> 
     </span>
     <span class='ocr_line' id='line_1_79' title="bbox 907 737 1644 779; baseline -0.001 -10"><span class='ocrx_word' id='word_1_435' title='bbox 907 739 1012 770; x_wconf 83' lang='lat' dir='ltr'>literae</span> <span class='ocrx_word' id='word_1_436' title='bbox 1039 739 1145 779; x_wconf 83' lang='lat' dir='ltr'>plenae</span> <span class='ocrx_word' id='word_1_437' title='bbox 1171 738 1314 778; x_wconf 68' lang='lat' dir='ltr'>pulveris</span> <span class='ocrx_word' id='word_1_438' title='bbox 1343 743 1384 768; x_wconf 78' lang='lat' dir='ltr'>et.</span> <span class='ocrx_word' id='word_1_439' title='bbox 1405 737 1644 776; x_wconf 75' lang='lat' dir='ltr'>festinationis,</span> 
     </span>
     <span class='ocr_line' id='line_1_80' title="bbox 908 782 1643 821; baseline -0.001 -8"><span class='ocrx_word' id='word_1_440' title='bbox 908 783 1044 821; x_wconf 83' lang='lat' dir='ltr'>reliquae</span> <span class='ocrx_word' id='word_1_441' title='bbox 1074 783 1248 812; x_wconf 79' lang='lat' dir='ltr'>subtiliores</span> <span class='ocrx_word' id='word_1_442' title='bbox 1287 785 1395 811; x_wconf 67' lang='lat' dir='ltr'>crunt.</span> <span class='ocrx_word' id='word_1_443' title='bbox 1439 782 1527 813; x_wconf 65' lang='lat' dir='ltr'>*On</span> <span class='ocrx_word' id='word_1_444' title='bbox 1560 782 1581 812; x_wconf 87' lang='lat' dir='ltr'>i.</span> <span class='ocrx_word' id='word_1_445' title='bbox 1612 785 1643 813; x_wconf 86' lang='lat'>5.</span> 
     </span>
     <span class='ocr_line' id='line_1_81' title="bbox 907 825 1644 864; baseline -0.001 -8"><span class='ocrx_word' id='word_1_446' title='bbox 907 827 1031 857; x_wconf 83' lang='lat' dir='ltr'>subtilis</span> <span class='ocrx_word' id='word_1_447' title='bbox 1042 831 1208 856; x_wconf 79' lang='lat' dir='ltr'>venustas.</span> <span class='ocrx_word' id='word_1_448' title='bbox 1247 825 1306 856; x_wconf 84' lang='lat' dir='ltr'>Est</span> <span class='ocrx_word' id='word_1_449' title='bbox 1321 835 1372 861; x_wconf 85' lang='lat' dir='ltr'>ca,</span> <span class='ocrx_word' id='word_1_450' title='bbox 1388 834 1460 864; x_wconf 84' lang='lat' dir='ltr'>quae</span> <span class='ocrx_word' id='word_1_451' title='bbox 1477 835 1544 856; x_wconf 89' lang='lat' dir='ltr'>non</span> <span class='ocrx_word' id='word_1_452' title='bbox 1561 825 1644 855; x_wconf 87' lang='lat' dir='ltr'>emi·</span> 
     </span>
     <span class='ocr_line' id='line_1_82' title="bbox 908 867 1643 908; baseline -0.001 -8"><span class='ocrx_word' id='word_1_453' title='bbox 908 876 968 900; x_wconf 90' lang='lat' dir='ltr'>net</span> <span class='ocrx_word' id='word_1_454' title='bbox 990 879 1058 899; x_wconf 89' lang='lat' dir='ltr'>uno</span> <span class='ocrx_word' id='word_1_455' title='bbox 1083 868 1194 908; x_wconf 85' lang='lat' dir='ltr'>aliquo</span> <span class='ocrx_word' id='word_1_456' title='bbox 1218 868 1302 904; x_wconf 87' lang='lat' dir='ltr'>loco,</span> <span class='ocrx_word' id='word_1_457' title='bbox 1321 876 1356 899; x_wconf 88' lang='lat' dir='ltr'>ut</span> <span class='ocrx_word' id='word_1_458' title='bbox 1378 867 1506 899; x_wconf 82' lang='lat' dir='ltr'>lumina</span> <span class='ocrx_word' id='word_1_459' title='bbox 1528 869 1643 899; x_wconf 66' lang='lat' dir='ltr'>verbo-</span> 
     </span>
     <span class='ocr_line' id='line_1_83' title="bbox 908 911 1645 953; baseline -0.003 -9"><span class='ocrx_word' id='word_1_460' title='bbox 908 923 982 944; x_wconf 90' lang='lat' dir='ltr'>rum</span> <span class='ocrx_word' id='word_1_461' title='bbox 1005 918 1039 943; x_wconf 88' lang='lat' dir='ltr'>et</span> <span class='ocrx_word' id='word_1_462' title='bbox 1063 913 1318 949; x_wconf 81' lang='lat' dir='ltr'>sententiarum,</span> <span class='ocrx_word' id='word_1_463' title='bbox 1335 911 1392 942; x_wconf 88' lang='lat' dir='ltr'>sed</span> <span class='ocrx_word' id='word_1_464' title='bbox 1416 922 1489 951; x_wconf 77' lang='lat' dir='ltr'>quae</span> <span class='ocrx_word' id='word_1_465' title='bbox 1512 921 1572 953; x_wconf 88' lang='lat' dir='ltr'>per</span> <span class='ocrx_word' id='word_1_466' title='bbox 1593 919 1645 942; x_wconf 91' lang='lat' dir='ltr'>to-</span> 
     </span>
     <span class='ocr_line' id='line_1_84' title="bbox 907 955 1642 994; baseline 0 -7"><span class='ocrx_word' id='word_1_467' title='bbox 907 962 978 987; x_wconf 85' lang='lat' dir='ltr'>tam</span> <span class='ocrx_word' id='word_1_468' title='bbox 1005 957 1191 986; x_wconf 77' lang='lat' dir='ltr'>orationcm</span> <span class='ocrx_word' id='word_1_469' title='bbox 1222 955 1429 994; x_wconf 71' lang='lat' dir='ltr'>aequabiliter</span> <span class='ocrx_word' id='word_1_470' title='bbox 1458 955 1544 993; x_wconf 81' lang='lat' dir='ltr'>susa,</span> <span class='ocrx_word' id='word_1_471' title='bbox 1574 965 1642 987; x_wconf 89' lang='lat' dir='ltr'>non</span> 
     </span>
     <span class='ocr_line' id='line_1_85' title="bbox 908 999 1644 1039; baseline -0.001 -9"><span class='ocrx_word' id='word_1_472' title='bbox 908 1001 971 1030; x_wconf 83' lang='lat' dir='ltr'>nisi</span> <span class='ocrx_word' id='word_1_473' title='bbox 995 1000 1036 1030; x_wconf 82' lang='lat' dir='ltr'>ab</span> <span class='ocrx_word' id='word_1_474' title='bbox 1059 999 1326 1038; x_wconf 84' lang='lat' dir='ltr'>intelligentibus</span> <span class='ocrx_word' id='word_1_475' title='bbox 1350 1003 1384 1028; x_wconf 88' lang='lat' dir='ltr'>et</span> <span class='ocrx_word' id='word_1_476' title='bbox 1407 999 1521 1039; x_wconf 86' lang='lat' dir='ltr'>peritis</span> <span class='ocrx_word' id='word_1_477' title='bbox 1544 999 1644 1029; x_wconf 90' lang='lat' dir='ltr'>intel-</span> 
     </span>
     <span class='ocr_line' id='line_1_86' title="bbox 908 1042 1643 1083; baseline -0.001 -9"><span class='ocrx_word' id='word_1_478' title='bbox 908 1043 1042 1083; x_wconf 87' lang='lat' dir='ltr'>ligitur:</span> <span class='ocrx_word' id='word_1_479' title='bbox 1068 1042 1173 1082; x_wconf 82' lang='lat' dir='ltr'>qualis</span> <span class='ocrx_word' id='word_1_480' title='bbox 1189 1047 1241 1072; x_wconf 89' lang='lat' dir='ltr'>est</span> <span class='ocrx_word' id='word_1_481' title='bbox 1256 1042 1424 1072; x_wconf 85' lang='lat' dir='ltr'>Socratica</span> <span class='ocrx_word' id='word_1_482' title='bbox 1439 1045 1591 1072; x_wconf 87' lang='lat' dir='ltr'>venustas</span> <span class='ocrx_word' id='word_1_483' title='bbox 1608 1049 1643 1073; x_wconf 90' lang='lat' dir='ltr'>et</span> 
     </span>
     <span class='ocr_line' id='line_1_87' title="bbox 909 1085 1644 1127; baseline -0.001 -10"><span class='ocrx_word' id='word_1_484' title='bbox 909 1087 1093 1123; x_wconf 83' lang='lat' dir='ltr'>urbanitas,</span> <span class='ocrx_word' id='word_1_485' title='bbox 1115 1087 1149 1116; x_wconf 89' lang='lat' dir='ltr'>in</span> <span class='ocrx_word' id='word_1_486' title='bbox 1177 1085 1354 1116; x_wconf 83' lang='lat' dir='ltr'>Platonicis</span> <span class='ocrx_word' id='word_1_487' title='bbox 1382 1092 1416 1115; x_wconf 88' lang='lat' dir='ltr'>et</span> <span class='ocrx_word' id='word_1_488' title='bbox 1440 1085 1644 1127; x_wconf 84' lang='lat' dir='ltr'>Xenophon-</span> 
     </span>
     <span class='ocr_line' id='line_1_88' title="bbox 907 1129 1138 1169; baseline 0 -9"><span class='ocrx_word' id='word_1_489' title='bbox 907 1130 970 1161; x_wconf 88' lang='lat' dir='ltr'>teis</span> <span class='ocrx_word' id='word_1_490' title='bbox 988 1129 1138 1169; x_wconf 81' lang='lat' dir='ltr'>dialogis.</span> 
     </span>
    </p>

    <p class='ocr_par' dir='ltr' id='par_1_12' title="bbox 906 1171 1646 1857">
     <span class='ocr_line' id='line_1_89' title="bbox 954 1171 1644 1213; baseline -0.001 -9"><span class='ocrx_word' id='word_1_491' title='bbox 954 1173 1136 1210; x_wconf 81' lang='lat' dir='ltr'>Subtiliter,</span> <span class='ocrx_word' id='word_1_492' title='bbox 1153 1183 1192 1203; x_wconf 83' lang='lat' dir='ltr'>ex</span> <span class='ocrx_word' id='word_1_493' title='bbox 1215 1172 1409 1213; x_wconf 63' lang='lat' dir='ltr'>praescripto</span> <span class='ocrx_word' id='word_1_494' title='bbox 1431 1171 1644 1203; x_wconf 80' lang='lat' dir='ltr'>Dialectices.</span> 
     </span>
     <span class='ocr_line' id='line_1_90' title="bbox 906 1216 1645 1248; baseline -0.003 0"><span class='ocrx_word' id='word_1_495' title='bbox 906 1217 1007 1248; x_wconf 81' lang='lat' dir='ltr'>Tusc.</span> <span class='ocrx_word' id='word_1_496' title='bbox 1024 1227 1054 1247; x_wconf 92' lang='lat' dir='ltr'>v.</span> <span class='ocrx_word' id='word_1_497' title='bbox 1069 1219 1122 1248; x_wconf 82' lang='lat'>33.</span> <span class='ocrx_word' id='word_1_498' title='bbox 1154 1226 1220 1246; x_wconf 90' lang='lat' dir='ltr'>non</span> <span class='ocrx_word' id='word_1_499' title='bbox 1243 1217 1404 1246; x_wconf 74' lang='lat' dir='ltr'>subtiliter</span> <span class='ocrx_word' id='word_1_500' title='bbox 1419 1216 1517 1246; x_wconf 85' lang='lat' dir='ltr'>nimis</span> <span class='ocrx_word' id='word_1_501' title='bbox 1533 1216 1645 1246; x_wconf 77' lang='lat' dir='ltr'>divisit</span> 
     </span>
     <span class='ocr_line' id='line_1_91' title="bbox 908 1259 1643 1300; baseline -0.001 -9"><span class='ocrx_word' id='word_1_502' title='bbox 908 1270 1032 1300; x_wconf 84' lang='lat' dir='ltr'>genera</span> <span class='ocrx_word' id='word_1_503' title='bbox 1053 1261 1113 1291; x_wconf 63' lang='lat' dir='ltr'>Sec.</span> <span class='ocrx_word' id='word_1_504' title='bbox 1144 1260 1224 1300; x_wconf 80' lang='lat' dir='ltr'>Leg.</span> <span class='ocrx_word' id='word_1_505' title='bbox 1242 1260 1262 1290; x_wconf 90' lang='lat' dir='ltr'>i.</span> <span class='ocrx_word' id='word_1_506' title='bbox 1279 1263 1311 1290; x_wconf 86' lang='lat'>4.</span> <span class='ocrx_word' id='word_1_507' title='bbox 1341 1260 1488 1289; x_wconf 85' lang='lat' dir='ltr'>subtilius</span> <span class='ocrx_word' id='word_1_508' title='bbox 1508 1259 1547 1289; x_wconf 85' lang='lat' dir='ltr'>de</span> <span class='ocrx_word' id='word_1_509' title='bbox 1565 1260 1643 1298; x_wconf 90' lang='lat' dir='ltr'>jure</span> 
     </span>
     <span class='ocr_line' id='line_1_92' title="bbox 908 1302 1645 1343; baseline -0.003 -9"><span class='ocrx_word' id='word_1_510' title='bbox 908 1304 995 1334; x_wconf 86' lang='lat' dir='ltr'>civili</span> <span class='ocrx_word' id='word_1_511' title='bbox 1009 1303 1200 1341; x_wconf 86' lang='lat' dir='ltr'>conscribis,</span> <span class='ocrx_word' id='word_1_512' title='bbox 1211 1313 1309 1342; x_wconf 87' lang='lat' dir='ltr'>quam</span> <span class='ocrx_word' id='word_1_513' title='bbox 1327 1303 1440 1332; x_wconf 88' lang='lat' dir='ltr'>ceteri.</span> <span class='ocrx_word' id='word_1_514' title='bbox 1464 1306 1482 1324; x_wconf 59' lang='grc' dir='ltr'>Ἐ</span> <span class='ocrx_word' id='word_1_515' title='bbox 1493 1302 1570 1333; x_wconf 91' lang='lat' dir='ltr'>hinc</span> <span class='ocrx_word' id='word_1_516' title='bbox 1585 1313 1645 1343; x_wconf 90' lang='lat' dir='ltr'>pro</span> 
     </span>
     <span class='ocr_line' id='line_1_93' title="bbox 908 1346 1645 1378; baseline -0.003 0"><span class='ocrx_word' id='word_1_517' title='bbox 908 1352 1073 1378; x_wconf 79' lang='lat' dir='ltr'>accurate.</span> <span class='ocrx_word' id='word_1_518' title='bbox 1098 1348 1142 1378; x_wconf 84' lang='lat' dir='ltr'>N.</span> <span class='ocrx_word' id='word_1_519' title='bbox 1160 1347 1201 1377; x_wconf 93' lang='lat' dir='ltr'>D.</span> <span class='ocrx_word' id='word_1_520' title='bbox 1218 1347 1252 1376; x_wconf 87' lang='lat' dir='ltr'>ii.</span> <span class='ocrx_word' id='word_1_521' title='bbox 1270 1349 1322 1378; x_wconf 82' lang='lat'>58.</span> <span class='ocrx_word' id='word_1_522' title='bbox 1347 1346 1436 1376; x_wconf 88' lang='lat' dir='ltr'>oculi</span> <span class='ocrx_word' id='word_1_523' title='bbox 1452 1346 1559 1376; x_wconf 88' lang='lat' dir='ltr'>multa</span> <span class='ocrx_word' id='word_1_524' title='bbox 1575 1356 1645 1377; x_wconf 88' lang='lat' dir='ltr'>cer-</span> 
     </span>
     <span class='ocr_line' id='line_1_94' title="bbox 909 1390 1645 1422; baseline -0.003 0"><span class='ocrx_word' id='word_1_525' title='bbox 909 1396 996 1422; x_wconf 85' lang='lat' dir='ltr'>nunt</span> <span class='ocrx_word' id='word_1_526' title='bbox 1017 1392 1173 1422; x_wconf 81' lang='lat' dir='ltr'>subtilius.</span> <span class='ocrx_word' id='word_1_527' title='bbox 1204 1390 1260 1420; x_wconf 87' lang='lat' dir='ltr'>Or.</span> <span class='ocrx_word' id='word_1_528' title='bbox 1279 1390 1312 1420; x_wconf 90' lang='lat' dir='ltr'>ii.</span> <span class='ocrx_word' id='word_1_529' title='bbox 1339 1393 1387 1420; x_wconf 92' lang='grc'>10.</span> <span class='ocrx_word' id='word_1_530' title='bbox 1418 1390 1484 1420; x_wconf 84' lang='lat' dir='ltr'>vim</span> <span class='ocrx_word' id='word_1_531' title='bbox 1507 1391 1645 1420; x_wconf 75' lang='lat' dir='ltr'>oratoris</span> 
     </span>
     <span class='ocr_line' id='line_1_95' title="bbox 907 1433 1644 1475; baseline 0 -10"><span class='ocrx_word' id='word_1_532' title='bbox 907 1436 1093 1475; x_wconf 78' lang='lat' dir='ltr'>exprimere</span> <span class='ocrx_word' id='word_1_533' title='bbox 1121 1434 1283 1465; x_wconf 75' lang='lat' dir='ltr'>subtiliter</span> <span class='ocrx_word' id='word_1_534' title='bbox 1313 1433 1400 1463; x_wconf 83' lang='lat' dir='ltr'>visus</span> <span class='ocrx_word' id='word_1_535' title='bbox 1431 1443 1477 1463; x_wconf 87' lang='lat' dir='ltr'>es.</span> <span class='ocrx_word' id='word_1_536' title='bbox 1507 1433 1588 1464; x_wconf 85' lang='lat' dir='ltr'>Lael.</span> <span class='ocrx_word' id='word_1_537' title='bbox 1612 1435 1644 1465; x_wconf 88' lang='grc'>2.</span> 
     </span>
     <span class='ocr_line' id='line_1_96' title="bbox 908 1476 1644 1518; baseline 0 -10"><span class='ocrx_word' id='word_1_538' title='bbox 908 1479 964 1518; x_wconf 90' lang='lat' dir='ltr'>qui</span> <span class='ocrx_word' id='word_1_539' title='bbox 995 1479 1058 1508; x_wconf 79' lang='lat' dir='ltr'>ista</span> <span class='ocrx_word' id='word_1_540' title='bbox 1084 1479 1233 1508; x_wconf 82' lang='lat' dir='ltr'>subtilius</span> <span class='ocrx_word' id='word_1_541' title='bbox 1261 1479 1425 1516; x_wconf 67' lang='lat' dir='ltr'>quaerunt.</span> <span class='ocrx_word' id='word_1_542' title='bbox 1462 1476 1518 1506; x_wconf 86' lang='lat' dir='ltr'>Or.</span> <span class='ocrx_word' id='word_1_543' title='bbox 1546 1477 1567 1507; x_wconf 93' lang='lat' dir='ltr'>i.</span> <span class='ocrx_word' id='word_1_544' title='bbox 1591 1479 1644 1508; x_wconf 87' lang='grc'>21.</span> 
     </span>
     <span class='ocr_line' id='line_1_97' title="bbox 906 1519 1643 1561; baseline -0.003 -9"><span class='ocrx_word' id='word_1_545' title='bbox 906 1523 1066 1552; x_wconf 75' lang='lat' dir='ltr'>subtiliter</span> <span class='ocrx_word' id='word_1_546' title='bbox 1081 1521 1244 1561; x_wconf 81' lang='lat' dir='ltr'>persequi.</span> <span class='ocrx_word' id='word_1_547' title='bbox 1266 1521 1336 1551; x_wconf 82' lang='lat' dir='ltr'>Att.</span> <span class='ocrx_word' id='word_1_548' title='bbox 1353 1521 1374 1550; x_wconf 92' lang='lat' dir='ltr'>i.</span> <span class='ocrx_word' id='word_1_549' title='bbox 1394 1523 1443 1551; x_wconf 85' lang='grc'>13.</span> <span class='ocrx_word' id='word_1_550' title='bbox 1467 1519 1538 1550; x_wconf 83' lang='lat' dir='ltr'>haec</span> <span class='ocrx_word' id='word_1_551' title='bbox 1554 1520 1595 1550; x_wconf 88' lang='lat' dir='ltr'>ad</span> <span class='ocrx_word' id='word_1_552' title='bbox 1609 1525 1643 1551; x_wconf 89' lang='lat' dir='ltr'>te</span> 
     </span>
     <span class='ocr_line' id='line_1_98' title="bbox 907 1563 1644 1596; baseline -0.001 -1"><span class='ocrx_word' id='word_1_553' title='bbox 907 1565 1049 1596; x_wconf 84' lang='lat' dir='ltr'>scribam</span> <span class='ocrx_word' id='word_1_554' title='bbox 1081 1564 1162 1594; x_wconf 82' lang='lat' dir='ltr'>alias</span> <span class='ocrx_word' id='word_1_555' title='bbox 1191 1564 1349 1594; x_wconf 77' lang='lat' dir='ltr'>subtilius.</span> <span class='ocrx_word' id='word_1_556' title='bbox 1388 1563 1488 1594; x_wconf 82' lang='lat' dir='ltr'>Acad.</span> <span class='ocrx_word' id='word_1_557' title='bbox 1517 1564 1559 1594; x_wconf 86' lang='lat' dir='ltr'>iv.</span> <span class='ocrx_word' id='word_1_558' title='bbox 1594 1567 1644 1594; x_wconf 91' lang='lat' dir='ltr'>ll.</span> 
     </span>
     <span class='ocr_line' id='line_1_99' title="bbox 907 1607 1645 1649; baseline -0.001 -10"><span class='ocrx_word' id='word_1_559' title='bbox 907 1609 1069 1649; x_wconf 85' lang='lat' dir='ltr'>impressa</span> <span class='ocrx_word' id='word_1_560' title='bbox 1083 1609 1244 1638; x_wconf 79' lang='lat' dir='ltr'>subtiliter</span> <span class='ocrx_word' id='word_1_561' title='bbox 1267 1617 1312 1637; x_wconf 84' lang='lat' dir='ltr'>sc.</span> <span class='ocrx_word' id='word_1_562' title='bbox 1329 1607 1363 1636; x_wconf 88' lang='lat' dir='ltr'>in</span> <span class='ocrx_word' id='word_1_563' title='bbox 1387 1611 1499 1637; x_wconf 82' lang='lat' dir='ltr'>mente</span> <span class='ocrx_word' id='word_1_564' title='bbox 1515 1612 1550 1637; x_wconf 88' lang='lat' dir='ltr'>et</span> <span class='ocrx_word' id='word_1_565' title='bbox 1573 1608 1645 1638; x_wconf 86' lang='lat' dir='ltr'>aui-</span> 
     </span>
     <span class='ocr_line' id='line_1_100' title="bbox 907 1650 1646 1690; baseline -0.003 -8"><span class='ocrx_word' id='word_1_566' title='bbox 907 1662 973 1682; x_wconf 89' lang='lat' dir='ltr'>mo.</span> <span class='ocrx_word' id='word_1_567' title='bbox 1018 1652 1153 1683; x_wconf 78' lang='lat' dir='ltr'>Dicitur</span> <span class='ocrx_word' id='word_1_568' title='bbox 1167 1656 1283 1681; x_wconf 84' lang='lat' dir='ltr'>tamen</span> <span class='ocrx_word' id='word_1_569' title='bbox 1299 1656 1334 1680; x_wconf 86' lang='lat' dir='ltr'>et</span> <span class='ocrx_word' id='word_1_570' title='bbox 1348 1650 1383 1680; x_wconf 90' lang='lat' dir='ltr'>in</span> <span class='ocrx_word' id='word_1_571' title='bbox 1400 1655 1529 1690; x_wconf 86' lang='lat' dir='ltr'>partem</span> <span class='ocrx_word' id='word_1_572' title='bbox 1553 1650 1646 1681; x_wconf 85' lang='lat' dir='ltr'>dete-</span> 
     </span>
     <span class='ocr_line' id='line_1_101' title="bbox 908 1694 1644 1726; baseline -0.001 0"><span class='ocrx_word' id='word_1_573' title='bbox 908 1697 1039 1726; x_wconf 89' lang='lat' dir='ltr'>riorem.</span> <span class='ocrx_word' id='word_1_574' title='bbox 1069 1695 1193 1725; x_wconf 85' lang='lat' dir='ltr'>Caecin.</span> <span class='ocrx_word' id='word_1_575' title='bbox 1209 1696 1262 1725; x_wconf 87' lang='grc'>20.</span> <span class='ocrx_word' id='word_1_576' title='bbox 1291 1694 1389 1724; x_wconf 87' lang='lat' dir='ltr'>verba</span> <span class='ocrx_word' id='word_1_577' title='bbox 1406 1694 1566 1725; x_wconf 82' lang='lat' dir='ltr'>subtiliter</span> <span class='ocrx_word' id='word_1_578' title='bbox 1588 1704 1644 1725; x_wconf 86' lang='lat' dir='ltr'>ex-</span> 
     </span>
     <span class='ocr_line' id='line_1_102' title="bbox 908 1738 1646 1779; baseline -0.001 -10"><span class='ocrx_word' id='word_1_579' title='bbox 908 1740 1051 1779; x_wconf 85' lang='lat' dir='ltr'>quirere,</span> <span class='ocrx_word' id='word_1_580' title='bbox 1068 1739 1089 1768; x_wconf 87' lang='lat' dir='ltr'>i.</span> <span class='ocrx_word' id='word_1_581' title='bbox 1107 1748 1136 1768; x_wconf 91' lang='lat' dir='ltr'>e.</span> <span class='ocrx_word' id='word_1_582' title='bbox 1153 1738 1195 1768; x_wconf 94' lang='lat' dir='ltr'>ad</span> <span class='ocrx_word' id='word_1_583' title='bbox 1218 1738 1454 1777; x_wconf 83' lang='lat' dir='ltr'>proprietatem</span> <span class='ocrx_word' id='word_1_584' title='bbox 1479 1747 1646 1777; x_wconf 84' lang='lat' dir='ltr'>gramma·</span> 
     </span>
     <span class='ocr_line' id='line_1_103' title="bbox 907 1781 1645 1822; baseline -0.001 -9"><span class='ocrx_word' id='word_1_585' title='bbox 907 1784 1024 1820; x_wconf 85' lang='lat' dir='ltr'>ticam,</span> <span class='ocrx_word' id='word_1_586' title='bbox 1040 1781 1278 1822; x_wconf 71' lang='lat' dir='ltr'>etymologiam</span> <span class='ocrx_word' id='word_1_587' title='bbox 1297 1785 1332 1811; x_wconf 85' lang='lat' dir='ltr'>et</span> <span class='ocrx_word' id='word_1_588' title='bbox 1347 1791 1387 1811; x_wconf 79' lang='lat' dir='ltr'>ea</span> <span class='ocrx_word' id='word_1_589' title='bbox 1401 1781 1443 1811; x_wconf 92' lang='lat' dir='ltr'>ad</span> <span class='ocrx_word' id='word_1_590' title='bbox 1459 1781 1570 1812; x_wconf 87' lang='lat' dir='ltr'>vivum</span> <span class='ocrx_word' id='word_1_591' title='bbox 1594 1791 1645 1813; x_wconf 89' lang='lat' dir='ltr'>re-</span> 
     </span>
     <span class='ocr_line' id='line_1_104' title="bbox 907 1836 1030 1857; baseline -0.016 0"><span class='ocrx_word' id='word_1_592' title='bbox 907 1836 1030 1857; x_wconf 81' lang='lat' dir='ltr'>secare.</span> 
     </span>
    </p>

    <p class='ocr_par' dir='ltr' id='par_1_13' title="bbox 905 1868 1650 2595">
     <span class='ocr_line' id='line_1_105' title="bbox 952 1868 1645 1908; baseline -0.003 -7"><span class='ocrx_word' id='word_1_593' title='bbox 952 1870 1135 1907; x_wconf 80' lang='lat' dir='ltr'>Subtilitas,</span> <span class='ocrx_word' id='word_1_594' title='bbox 1162 1872 1214 1899; x_wconf 85' lang='lat' dir='ltr'>est</span> <span class='ocrx_word' id='word_1_595' title='bbox 1240 1868 1344 1898; x_wconf 79' lang='lat' dir='ltr'>virtus</span> <span class='ocrx_word' id='word_1_596' title='bbox 1371 1868 1541 1905; x_wconf 87' lang='lat' dir='ltr'>orationis,</span> <span class='ocrx_word' id='word_1_597' title='bbox 1569 1878 1645 1908; x_wconf 78' lang='lat' dir='ltr'>quae</span> 
     </span>
     <span class='ocr_line' id='line_1_106' title="bbox 907 1911 1645 1953; baseline -0.001 -10"><span class='ocrx_word' id='word_1_598' title='bbox 907 1917 958 1943; x_wconf 87' lang='lat' dir='ltr'>est</span> <span class='ocrx_word' id='word_1_599' title='bbox 974 1913 1082 1953; x_wconf 87' lang='lat' dir='ltr'>primo</span> <span class='ocrx_word' id='word_1_600' title='bbox 1097 1912 1285 1953; x_wconf 86' lang='lat' dir='ltr'>perspicua,</span> <span class='ocrx_word' id='word_1_601' title='bbox 1302 1921 1402 1950; x_wconf 84' lang='lat' dir='ltr'>atque</span> <span class='ocrx_word' id='word_1_602' title='bbox 1426 1911 1506 1941; x_wconf 86' lang='lat' dir='ltr'>adeo</span> <span class='ocrx_word' id='word_1_603' title='bbox 1523 1911 1564 1941; x_wconf 91' lang='lat' dir='ltr'>ad</span> <span class='ocrx_word' id='word_1_604' title='bbox 1588 1911 1645 1942; x_wconf 83' lang='lat' dir='ltr'>do-</span> 
     </span>
     <span class='ocr_line' id='line_1_107' title="bbox 907 1954 1649 1997; baseline -0.003 -10"><span class='ocrx_word' id='word_1_605' title='bbox 907 1957 1050 1987; x_wconf 84' lang='lat' dir='ltr'>cendum</span> <span class='ocrx_word' id='word_1_606' title='bbox 1075 1960 1165 1997; x_wconf 78' lang='lat' dir='ltr'>apta,</span> <span class='ocrx_word' id='word_1_607' title='bbox 1182 1955 1301 1986; x_wconf 90' lang='lat' dir='ltr'>deinde</span> <span class='ocrx_word' id='word_1_608' title='bbox 1324 1956 1395 1984; x_wconf 87' lang='lat' dir='ltr'>sine</span> <span class='ocrx_word' id='word_1_609' title='bbox 1415 1954 1495 1985; x_wconf 84' lang='lat' dir='ltr'>vitio</span> <span class='ocrx_word' id='word_1_610' title='bbox 1511 1959 1649 1986; x_wconf 84' lang='lat' dir='ltr'>senten-</span> 
     </span>
     <span class='ocr_line' id='line_1_108' title="bbox 905 1998 1650 2038; baseline -0.001 -8"><span class='ocrx_word' id='word_1_611' title='bbox 905 2000 1030 2030; x_wconf 84' lang='lat' dir='ltr'>tiarum</span> <span class='ocrx_word' id='word_1_612' title='bbox 1048 2009 1082 2030; x_wconf 66' lang='lat' dir='ltr'>et</span> <span class='ocrx_word' id='word_1_613' title='bbox 1101 2000 1293 2029; x_wconf 80' lang='lat' dir='ltr'>verborum:</span> <span class='ocrx_word' id='word_1_614' title='bbox 1319 2008 1392 2038; x_wconf 85' lang='lat' dir='ltr'>quae</span> <span class='ocrx_word' id='word_1_615' title='bbox 1412 1998 1594 2033; x_wconf 41' lang='lat' dir='ltr'>omnia-via</span> <span class='ocrx_word' id='word_1_616' title='bbox 1610 2004 1650 2029; x_wconf 78' lang='lat' dir='ltr'>et</span> 
     </span>
     <span class='ocr_line' id='line_1_109' title="bbox 907 2041 1645 2082; baseline -0.001 -8"><span class='ocrx_word' id='word_1_617' title='bbox 907 2044 1050 2081; x_wconf 88' lang='lat' dir='ltr'>ratione,</span> <span class='ocrx_word' id='word_1_618' title='bbox 1065 2048 1106 2073; x_wconf 85' lang='lat' dir='ltr'>ut</span> <span class='ocrx_word' id='word_1_619' title='bbox 1127 2042 1314 2074; x_wconf 82' lang='lat' dir='ltr'>Dialectica</span> <span class='ocrx_word' id='word_1_620' title='bbox 1329 2042 1442 2082; x_wconf 78' lang='lat' dir='ltr'>jubet,</span> <span class='ocrx_word' id='word_1_621' title='bbox 1462 2041 1577 2072; x_wconf 87' lang='lat' dir='ltr'>docet:</span> <span class='ocrx_word' id='word_1_622' title='bbox 1609 2042 1645 2073; x_wconf 89' lang='lat' dir='ltr'>in</span> 
     </span>
     <span class='ocr_line' id='line_1_110' title="bbox 906 2084 1644 2127; baseline -0.004 -9"><span class='ocrx_word' id='word_1_623' title='bbox 906 2097 973 2127; x_wconf 90' lang='lat' dir='ltr'>qua</span> <span class='ocrx_word' id='word_1_624' title='bbox 1002 2086 1086 2117; x_wconf 87' lang='lat' dir='ltr'>nihil</span> <span class='ocrx_word' id='word_1_625' title='bbox 1122 2086 1342 2126; x_wconf 81' lang='lat' dir='ltr'>superfluum,</span> <span class='ocrx_word' id='word_1_626' title='bbox 1372 2084 1456 2115; x_wconf 89' lang='lat' dir='ltr'>nihil</span> <span class='ocrx_word' id='word_1_627' title='bbox 1493 2093 1644 2123; x_wconf 79' lang='lat' dir='ltr'>curtum,</span> 
     </span>
     <span class='ocr_line' id='line_1_111' title="bbox 906 2127 1646 2167; baseline -0.004 -6"><span class='ocrx_word' id='word_1_628' title='bbox 906 2130 991 2161; x_wconf 89' lang='lat' dir='ltr'>nihil</span> <span class='ocrx_word' id='word_1_629' title='bbox 1013 2129 1147 2167; x_wconf 82' lang='lat' dir='ltr'>falsum,</span> <span class='ocrx_word' id='word_1_630' title='bbox 1163 2129 1278 2159; x_wconf 86' lang='lat' dir='ltr'>omnia</span> <span class='ocrx_word' id='word_1_631' title='bbox 1299 2134 1402 2166; x_wconf 87' lang='lat' dir='ltr'>recta,</span> <span class='ocrx_word' id='word_1_632' title='bbox 1418 2127 1475 2158; x_wconf 86' lang='lat' dir='ltr'>sed</span> <span class='ocrx_word' id='word_1_633' title='bbox 1490 2137 1557 2158; x_wconf 91' lang='lat' dir='ltr'>non</span> <span class='ocrx_word' id='word_1_634' title='bbox 1574 2139 1646 2158; x_wconf 83' lang='lat' dir='ltr'>ma-</span> 
     </span>
     <span class='ocr_line' id='line_1_112' title="bbox 905 2171 1645 2214; baseline -0.001 -10"><span class='ocrx_word' id='word_1_635' title='bbox 905 2183 1051 2214; x_wconf 85' lang='lat' dir='ltr'>gnopere</span> <span class='ocrx_word' id='word_1_636' title='bbox 1066 2177 1194 2204; x_wconf 89' lang='lat' dir='ltr'>ornata.</span> <span class='ocrx_word' id='word_1_637' title='bbox 1216 2172 1281 2202; x_wconf 82' lang='lat' dir='ltr'>vid.</span> <span class='ocrx_word' id='word_1_638' title='bbox 1299 2171 1392 2202; x_wconf 89' lang='lat' dir='ltr'>Orat.</span> <span class='ocrx_word' id='word_1_639' title='bbox 1407 2173 1462 2202; x_wconf 86' lang='grc'>23.</span> <span class='ocrx_word' id='word_1_640' title='bbox 1477 2173 1529 2202; x_wconf 76' lang='grc'>24.</span> <span class='ocrx_word' id='word_1_641' title='bbox 1545 2181 1571 2202; x_wconf 79' lang='lat' dir='ltr'>s·</span> <span class='ocrx_word' id='word_1_642' title='bbox 1586 2171 1645 2203; x_wconf 91' lang='lat' dir='ltr'>Or.</span> 
     </span>
     <span class='ocr_line' id='line_1_113' title="bbox 906 2215 1645 2255; baseline -0.003 -7"><span class='ocrx_word' id='word_1_643' title='bbox 906 2218 926 2248; x_wconf 88' lang='lat' dir='ltr'>i.</span> <span class='ocrx_word' id='word_1_644' title='bbox 948 2221 996 2248; x_wconf 89' lang='lat'>15.</span> <span class='ocrx_word' id='word_1_645' title='bbox 1026 2217 1188 2248; x_wconf 75' lang='lat' dir='ltr'>subtilitas</span> <span class='ocrx_word' id='word_1_646' title='bbox 1203 2215 1396 2252; x_wconf 86' lang='lat' dir='ltr'>disserendi,</span> <span class='ocrx_word' id='word_1_647' title='bbox 1413 2220 1465 2245; x_wconf 84' lang='lat' dir='ltr'>est</span> <span class='ocrx_word' id='word_1_648' title='bbox 1478 2215 1550 2255; x_wconf 89' lang='lat' dir='ltr'>ipsa</span> <span class='ocrx_word' id='word_1_649' title='bbox 1564 2215 1645 2246; x_wconf 90' lang='lat' dir='ltr'>Dia-</span> 
     </span>
     <span class='ocr_line' id='line_1_114' title="bbox 906 2258 1646 2292; baseline -0.004 -1"><span class='ocrx_word' id='word_1_650' title='bbox 906 2260 1037 2291; x_wconf 85' lang='lat' dir='ltr'>lectica.</span> <span class='ocrx_word' id='word_1_651' title='bbox 1066 2261 1168 2292; x_wconf 83' lang='lat' dir='ltr'>Tusc.</span> <span class='ocrx_word' id='word_1_652' title='bbox 1185 2260 1232 2290; x_wconf 86' lang='lat' dir='ltr'>iii.</span> <span class='ocrx_word' id='word_1_653' title='bbox 1254 2261 1306 2290; x_wconf 85' lang='grc'>23.</span> <span class='ocrx_word' id='word_1_654' title='bbox 1338 2269 1358 2289; x_wconf 87' lang='lat' dir='ltr'>a</span> <span class='ocrx_word' id='word_1_655' title='bbox 1378 2259 1557 2290; x_wconf 77' lang='lat' dir='ltr'>subtilitate</span> <span class='ocrx_word' id='word_1_656' title='bbox 1579 2258 1646 2289; x_wconf 83' lang='lat' dir='ltr'>dis-</span> 
     </span>
     <span class='ocr_line' id='line_1_115' title="bbox 907 2301 1647 2345; baseline -0.003 -11"><span class='ocrx_word' id='word_1_657' title='bbox 907 2303 1049 2345; x_wconf 87' lang='lat' dir='ltr'>putandi</span> <span class='ocrx_word' id='word_1_658' title='bbox 1065 2303 1251 2334; x_wconf 86' lang='lat' dir='ltr'>orationem</span> <span class='ocrx_word' id='word_1_659' title='bbox 1268 2302 1310 2332; x_wconf 90' lang='lat' dir='ltr'>ad</span> <span class='ocrx_word' id='word_1_660' title='bbox 1325 2301 1478 2342; x_wconf 85' lang='lat' dir='ltr'>exempla</span> <span class='ocrx_word' id='word_1_661' title='bbox 1500 2302 1647 2332; x_wconf 86' lang='lat' dir='ltr'>traduci-</span> 
     </span>
     <span class='ocr_line' id='line_1_116' title="bbox 906 2346 1648 2386; baseline -0.004 -8"><span class='ocrx_word' id='word_1_662' title='bbox 906 2357 993 2378; x_wconf 87' lang='lat' dir='ltr'>mus.</span> <span class='ocrx_word' id='word_1_663' title='bbox 1024 2346 1066 2377; x_wconf 87' lang='lat' dir='ltr'>ad</span> <span class='ocrx_word' id='word_1_664' title='bbox 1089 2347 1166 2377; x_wconf 90' lang='lat' dir='ltr'>Div.</span> <span class='ocrx_word' id='word_1_665' title='bbox 1189 2347 1232 2377; x_wconf 88' lang='lat' dir='ltr'>iv.</span> <span class='ocrx_word' id='word_1_666' title='bbox 1254 2348 1286 2376; x_wconf 84' lang='lat'>4.</span> <span class='ocrx_word' id='word_1_667' title='bbox 1316 2346 1475 2376; x_wconf 77' lang='lat' dir='ltr'>subtilitas</span> <span class='ocrx_word' id='word_1_668' title='bbox 1505 2346 1648 2386; x_wconf 85' lang='lat' dir='ltr'>scripto-</span> 
     </span>
     <span class='ocr_line' id='line_1_117' title="bbox 906 2390 1646 2421; baseline -0.004 0"><span class='ocrx_word' id='word_1_669' title='bbox 906 2401 981 2421; x_wconf 86' lang='lat' dir='ltr'>rum</span> <span class='ocrx_word' id='word_1_670' title='bbox 1005 2394 1154 2421; x_wconf 86' lang='lat' dir='ltr'>tuorum.</span> <span class='ocrx_word' id='word_1_671' title='bbox 1184 2390 1242 2421; x_wconf 89' lang='lat' dir='ltr'>Or.</span> <span class='ocrx_word' id='word_1_672' title='bbox 1257 2391 1311 2420; x_wconf 81' lang='grc'>23.</span> <span class='ocrx_word' id='word_1_673' title='bbox 1340 2390 1502 2419; x_wconf 69' lang='lat' dir='ltr'>subtilitas</span> <span class='ocrx_word' id='word_1_674' title='bbox 1523 2390 1646 2419; x_wconf 85' lang='lat' dir='ltr'>oratio-</span> 
     </span>
     <span class='ocr_line' id='line_1_118' title="bbox 906 2432 1647 2471; baseline -0.001 -7"><span class='ocrx_word' id='word_1_675' title='bbox 906 2436 969 2464; x_wconf 83' lang='lat' dir='ltr'>nis.</span> <span class='ocrx_word' id='word_1_676' title='bbox 1001 2434 1058 2465; x_wconf 93' lang='lat' dir='ltr'>Or.</span> <span class='ocrx_word' id='word_1_677' title='bbox 1083 2433 1116 2463; x_wconf 91' lang='lat' dir='ltr'>ii.</span> <span class='ocrx_word' id='word_1_678' title='bbox 1141 2437 1172 2468; x_wconf 82' lang='lat'>7.</span> <span class='ocrx_word' id='word_1_679' title='bbox 1201 2434 1363 2464; x_wconf 72' lang='lat' dir='ltr'>subtilitas</span> <span class='ocrx_word' id='word_1_680' title='bbox 1386 2432 1520 2471; x_wconf 79' lang='lat' dir='ltr'>linguae.</span> <span class='ocrx_word' id='word_1_681' title='bbox 1552 2433 1647 2464; x_wconf 85' lang='lat' dir='ltr'>Brut.</span> 
     </span>
     <span class='ocr_line' id='line_1_119' title="bbox 907 2474 1647 2515; baseline -0.003 -6"><span class='ocrx_word' id='word_1_682' title='bbox 907 2481 959 2509; x_wconf 75' lang='lat'>84.</span> <span class='ocrx_word' id='word_1_683' title='bbox 991 2478 1156 2508; x_wconf 80' lang='lat' dir='ltr'>subtilitas</span> <span class='ocrx_word' id='word_1_684' title='bbox 1180 2477 1322 2507; x_wconf 85' lang='lat' dir='ltr'>minuta.</span> <span class='ocrx_word' id='word_1_685' title='bbox 1352 2475 1425 2506; x_wconf 74' lang='lat' dir='ltr'>*ad</span> <span class='ocrx_word' id='word_1_686' title='bbox 1447 2474 1511 2515; x_wconf 74' lang='lat' dir='ltr'>Qu.</span> <span class='ocrx_word' id='word_1_687' title='bbox 1537 2476 1588 2507; x_wconf 80' lang='lat' dir='ltr'>Fr.</span> <span class='ocrx_word' id='word_1_688' title='bbox 1612 2476 1647 2507; x_wconf 86' lang='lat' dir='ltr'>ii.</span> 
     </span>
     <span class='ocr_line' id='line_1_120' title="bbox 910 2519 1646 2552; baseline -0.003 0"><span class='ocrx_word' id='word_1_689' title='bbox 910 2524 959 2552; x_wconf 88' lang='grc'>10.</span> <span class='ocrx_word' id='word_1_690' title='bbox 982 2521 1143 2552; x_wconf 81' lang='lat' dir='ltr'>subtilitas</span> <span class='ocrx_word' id='word_1_691' title='bbox 1159 2520 1278 2550; x_wconf 78' lang='lat' dir='ltr'>veteris</span> <span class='ocrx_word' id='word_1_692' title='bbox 1291 2519 1502 2550; x_wconf 86' lang='lat' dir='ltr'>urbanitatis.</span> <span class='ocrx_word' id='word_1_693' title='bbox 1526 2529 1556 2550; x_wconf 90' lang='lat' dir='ltr'>v.</span> <span class='ocrx_word' id='word_1_694' title='bbox 1569 2520 1646 2550; x_wconf 91' lang='lat' dir='ltr'>sub-</span> 
     </span>
     <span class='ocr_line' id='line_1_121' title="bbox 906 2564 1158 2595; baseline -0.008 0"><span class='ocrx_word' id='word_1_695' title='bbox 906 2564 975 2595; x_wconf 90' lang='lat' dir='ltr'>tilis</span> <span class='ocrx_word' id='word_1_696' title='bbox 992 2569 1158 2594; x_wconf 84' lang='lat' dir='ltr'>venustas.</span> 
     </span>
    </p>

    <p class='ocr_par' dir='ltr' id='par_1_14' title="bbox 908 2606 1650 2681">
     <span class='ocr_line' id='line_1_122' title="bbox 953 2606 1650 2638; baseline 0 -1"><span class='ocrx_word' id='word_1_697' title='bbox 953 2607 1139 2637; x_wconf 73' lang='lat' dir='ltr'>Suet-edere.</span> <span class='ocrx_word' id='word_1_698' title='bbox 1163 2606 1203 2636; x_wconf 85' lang='lat' dir='ltr'>ad</span> <span class='ocrx_word' id='word_1_699' title='bbox 1215 2606 1291 2636; x_wconf 90' lang='lat' dir='ltr'>Div.</span> <span class='ocrx_word' id='word_1_700' title='bbox 1303 2606 1366 2636; x_wconf 86' lang='lat' dir='ltr'>xvi.</span> <span class='ocrx_word' id='word_1_701' title='bbox 1376 2607 1430 2638; x_wconf 81' lang='grc'>21.</span> <span class='ocrx_word' id='word_1_702' title='bbox 1445 2615 1522 2637; x_wconf 86' lang='lat' dir='ltr'>cum</span> <span class='ocrx_word' id='word_1_703' title='bbox 1533 2607 1650 2638; x_wconf 73' lang='lat' dir='ltr'>omnia</span> 
     </span>
     <span class='ocr_line' id='line_1_123' title="bbox 908 2649 1274 2681; baseline -0.005 0"><span class='ocrx_word' id='word_1_704' title='bbox 908 2651 990 2681; x_wconf 88' lang='lat' dir='ltr'>mihi</span> <span class='ocrx_word' id='word_1_705' title='bbox 1007 2649 1106 2680; x_wconf 80' lang='lat' dir='ltr'>velles</span> <span class='ocrx_word' id='word_1_706' title='bbox 1121 2659 1274 2680; x_wconf 74' lang='lat' dir='ltr'>successa.</span> 
     </span>
    </p>

    <p class='ocr_par' dir='ltr' id='par_1_15' title="bbox 909 2692 1650 2820">
     <span class='ocr_line' id='line_1_124' title="bbox 954 2692 1646 2730; baseline -0.003 -6"><span class='ocrx_word' id='word_1_707' title='bbox 954 2693 1120 2730; x_wconf 70' lang='lat' dir='ltr'>Suoeidia,</span> <span class='ocrx_word' id='word_1_708' title='bbox 1153 2703 1228 2724; x_wconf 83' lang='lat' dir='ltr'>caro</span> <span class='ocrx_word' id='word_1_709' title='bbox 1257 2692 1356 2724; x_wconf 86' lang='lat' dir='ltr'>suilla</span> <span class='ocrx_word' id='word_1_710' title='bbox 1390 2693 1483 2724; x_wconf 81' lang='lat' dir='ltr'>fumo</span> <span class='ocrx_word' id='word_1_711' title='bbox 1517 2693 1646 2723; x_wconf 84' lang='lat' dir='ltr'>durata.</span> 
     </span>
     <span class='ocr_line' id='line_1_125' title="bbox 909 2736 1650 2777; baseline 0 -11"><span class='ocrx_word' id='word_1_712' title='bbox 909 2736 992 2767; x_wconf 74' lang='lat' dir='ltr'>Cato</span> <span class='ocrx_word' id='word_1_713' title='bbox 1026 2737 1075 2767; x_wconf 87' lang='lat'>16.</span> <span class='ocrx_word' id='word_1_714' title='bbox 1107 2736 1243 2767; x_wconf 86' lang='lat' dir='ltr'>hortum</span> <span class='ocrx_word' id='word_1_715' title='bbox 1274 2736 1336 2777; x_wconf 88' lang='lat' dir='ltr'>ipsi</span> <span class='ocrx_word' id='word_1_716' title='bbox 1365 2736 1519 2777; x_wconf 83' lang='lat' dir='ltr'>agricolae</span> <span class='ocrx_word' id='word_1_717' title='bbox 1547 2737 1650 2767; x_wconf 68' lang='lat' dir='ltr'>sucd-</span> 
     </span>
     <span class='ocr_line' id='line_1_126' title="bbox 909 2778 1352 2820; baseline 0 -9"><span class='ocrx_word' id='word_1_718' title='bbox 909 2780 998 2811; x_wconf 78' lang='lat' dir='ltr'>diam</span> <span class='ocrx_word' id='word_1_719' title='bbox 1014 2779 1153 2810; x_wconf 88' lang='lat' dir='ltr'>alteram</span> <span class='ocrx_word' id='word_1_720' title='bbox 1169 2778 1352 2820; x_wconf 84' lang='lat' dir='ltr'>appellant.</span> 
     </span>
    </p>

    <p class='ocr_par' dir='ltr' id='par_1_16' title="bbox 907 2822 1649 2909">
     <span class='ocr_line' id='line_1_127' title="bbox 954 2822 1649 2864; baseline 0 -10"><span class='ocrx_word' id='word_1_721' title='bbox 954 2823 1155 2854; x_wconf 79' lang='lat' dir='ltr'>Succinctus.</span> <span class='ocrx_word' id='word_1_722' title='bbox 1183 2823 1299 2862; x_wconf 84' lang='lat' dir='ltr'>Agrar.</span> <span class='ocrx_word' id='word_1_723' title='bbox 1329 2824 1364 2856; x_wconf 88' lang='lat' dir='ltr'>ii.</span> <span class='ocrx_word' id='word_1_724' title='bbox 1393 2825 1445 2861; x_wconf 68' lang='lat'>32.</span> <span class='ocrx_word' id='word_1_725' title='bbox 1481 2822 1649 2864; x_wconf 68' lang='lat' dir='ltr'>Carthago</span> 
     </span>
     <span class='ocr_line' id='line_1_128' title="bbox 907 2867 1262 2909; baseline 0 -11"><span class='ocrx_word' id='word_1_726' title='bbox 907 2868 1074 2901; x_wconf 81' lang='lat' dir='ltr'>succincta</span> <span class='ocrx_word' id='word_1_727' title='bbox 1089 2867 1262 2909; x_wconf 74' lang='lat' dir='ltr'>portubus.</span> 
     </span>
    </p>
   </div>
  </div>
 </body>
</html>
