1790 3219
130 73 217 115 452

136 182 204 214 quo
221 170 303 202 nihil
319 172 371 201 est
384 168 699 200 Latinis-usitatius.
724 169 818 201 Verr.
833 169 868 199 ii.

633 79 783 109 INDEX
815 79 1115 109 LATINITATIS.

960 168 1122 200 Tardare.
1143 168 1236 199 Verr.
1253 168 1299 199 iii.
1317 171 1369 202 57.
1393 169 1529 200 tardare
1544 169 1651 200 alicu·

139 218 193 248 66.
219 215 363 246 maxime
392 214 625 244 remotissimi:
659 223 717 254 pro
743 213 874 243 remoti.
904 213 962 253 jus
980 214 1130 244 animum
1153 213 1193 243 ad
1214 213 1495 252 persequendum.
1519 212 1562 244 cf.
1578 220 1648 244 tar-

137 260 296 300 Inprimis
329 259 381 288 hic
422 258 539 288 modus
572 257 730 296 loquendi
760 267 872 287 rursus

137 305 240 345 coepit
255 302 459 342 frequentari
486 301 598 332 seculo
616 306 786 340 argenteo.
807 301 836 331 T
839 310 873 330 a·

141 349 198 379 cit.
216 347 254 378 A.
280 347 301 377 i.
329 350 379 378 53.
405 345 498 376 nulla
519 350 589 376 tam
616 346 736 375 intima
763 354 874 374 cansa.

146 392 215 422 vid.
247 390 350 421 Indic.
374 391 512 420 Sueten.
528 390 560 419 in
587 393 667 419 tam.
703 388 756 417 Sic·
778 388 878 417 etiam

145 435 447 473 videturjuncium
465 443 534 463 esse
559 440 624 463 mm
654 432 877 471 comparativo

141 488 205 521 pro
232 478 386 519 positivo,
403 478 429 507 si
446 477 537 507 locus
561 486 661 507 sanus
687 480 750 511 eat,
769 475 879 504 Deiot.

145 527 178 554 3.
202 532 261 563 per
276 524 373 552 istam
391 523 574 557 dexteram,
587 530 652 549 non
671 524 739 549 tam
756 518 789 547 in
813 517 880 548 bel-

145 566 186 598 lis
210 572 244 596 et
260 565 395 606 proeliiS,
413 574 512 604 quam
531 565 564 593 in
583 563 749 603 promissi,
767 569 799 591 et
819 560 880 590 fide,

144 611 340 641 firmiorem.
374 610 391 627 ³*
409 618 474 638 non
513 615 582 637 tam
621 609 781 644 sequente
823 604 881 634 sed

142 659 292 685 tantum.
320 653 389 683 Fin.
414 653 435 683 i.
461 655 488 682 l.
513 651 570 681 ubi
594 649 750 681 Davisius
773 658 880 679 corre·

148 698 198 729 xit
214 706 300 727 rum.

192 738 472 777 Tamen,salten1.
499 738 595 768 Rosc.
613 736 686 767 Am.
703 739 734 767 3.
749 735 882 766 videan-

144 788 210 817 ‘tur
226 784 272 814 illi
289 782 440 813 nonnihil
457 787 567 812 {amm
584 781 616 810 in
635 780 812 810 deserendo
829 788 887 808 no-

147 829 240 859 mine
256 826 373 857 secuti.
397 828 416 847 ff
434 835 501 855 non
518 825 640 854 diserte
655 833 786 864 semper
801 832 884 863 proe-

146 872 237 902 cedit
253 871 330 908 etsi,
356 869 414 900 sed
429 873 488 899 aut
511 868 593 898 latet
619 870 653 898 in
678 868 742 898 alio
772 867 883 905 aliquo

147 915 260 953 verbo,
292 920 352 944 aut
389 918 441 944 est
478 911 603 952 ellipsis
642 911 883 941 amec-edentis.

145 958 244 990 Rosc.
262 957 336 988 Am.
359 960 406 988 18.
438 966 515 986 cum
543 954 631 995 apud
658 956 798 993 majores
825 963 884 983 no-

145 1006 230 1033 stros
247 1001 369 1032 summi
387 1000 549 1039 viri—qui
565 999 656 1030 omni
672 1004 824 1038 tempore
842 997 883 1027 ad

148 1044 376 1086 gubernacula
403 1045 483 1084 reip.
501 1044 614 1073 sedere
637 1042 815 1079 debebant,
833 1046 883 1071 ta·
906 1066 911 1072 ,

149 1099 225 1120 men
241 1090 274 1119 in
302 1089 387 1128 agris
404 1097 534 1128 quoque
557 1086 703 1117 colendis
731 1085 883 1124 aliquan-

147 1139 223 1164 tum
242 1142 350 1173 operae
374 1132 599 1171 temporisque
624 1129 881 1160 consumserint.

146 1178 211 1207 etsi
227 1176 309 1206 latet
326 1177 359 1206 in
378 1176 433 1215 qui
451 1175 553 1205 omni.
578 1174 616 1204 In
633 1173 690 1204 illo
704 1176 817 1203 autem
841 1172 883 1202 ad

147 1219 225 1252 Div.
243 1221 286 1250 ix.
310 1223 355 1253 19.
381 1225 490 1250 tamen
507 1228 573 1248 non
588 1217 727 1248 discedis
752 1228 770 1246 a
787 1216 882 1246 mali-

145 1265 195 1294 tia
211 1276 221 1302 ς
247 1263 423 1294 manifeste
439 1269 548 1292 totum
566 1261 766 1292 antecedens
783 1262 883 1290 omit-

145 1308 235 1338 titur
249 1317 288 1338 ex
306 1317 367 1337 usu
391 1306 560 1345 loquendi,
577 1307 633 1344 qui
657 1305 757 1334 etiam
772 1305 806 1334 in
824 1314 883 1333 no-

146 1356 217 1382 stro
232 1360 384 1381 sermone
400 1351 541 1380 obtinet.
559 1349 598 1379 de
622 1358 687 1387 quo
705 1358 766 1378 usu
792 1348 882 1377 verbi

144 1395 212 1425 vid.
229 1395 371 1425 Gronov.
388 1395 426 1423 ad
446 1394 517 1424 Liv.
534 1393 625 1423 xxiii.
637 1396 691 1426 19.
715 1392 733 1410 ³*
747 1401 806 1432 pro
822 1392 884 1430 igi-

146 1442 206 1469 tur
219 1442 295 1479 post
316 1437 530 1478 parenthesin
546 1442 584 1466 ut
600 1435 695 1466 Brut.
712 1436 763 1466 2⁷6.
781 1435 882 1464 Acad.

146 1483 189 1512 iv.
207 1483 238 1513 6.
262 1482 318 1512 ubi
333 1481 398 1512 vid.
414 1487 484 1511 not.
502 1487 650 1512 nostram
668 1483 703 1510 et
726 1479 768 1511 ad
784 1478 883 1509 Catil.

148 1526 196 1556 iii.
217 1528 266 1556 10.

191 1569 386 1600 Tamenetsi.
412 1568 453 1599 ad
478 1568 555 1598 Div.
585 1567 627 1597 iv.
659 1569 709 1597 13.
734 1566 823 1606 quod
849 1570 885 1597 et

145 1613 265 1654 Quint.
282 1615 335 1643 ⁶21.
361 1612 509 1652 reposuit
525 1611 685 1641 Graevius.

191 1657 354 1695 Tangere,
379 1656 539 1696 accipere.
563 1655 659 1685 Rosc.
682 1655 719 1684 C.
748 1655 796 1683 1⁶2.
822 1663 884 1692 ego

145 1700 319 1737 Roscium,
335 1701 361 1729 si
378 1699 457 1738 quid
474 1699 644 1728 cummuni
661 1698 796 1728 nomine
812 1699 883 1727 tett-

142 1745 208 1783 gz't,
226 1744 388 1774 confiteor
411 1746 567 1783 praestare
584 1742 702 1772 debere
719 1741 883 1771 societati.

143 1787 186 1817 ad
214 1788 288 1818 Div.
306 1788 339 1817 ii.
364 1790 411 1821 17.
448 1786 487 1816 de
514 1786 627 1826 praeda
650 1795 737 1822 mea,
759 1789 882 1824 praeter

145 1837 326 1870 quaestores
343 1831 498 1867 urbanos,
515 1829 548 1859 h.
566 1839 593 1858 e.
611 1829 773 1869 populum
786 1829 883 1858 Rom.

142 1875 334 1905 teruncium
353 1884 414 1904 nee
430 1874 545 1912 attigit
557 1873 746 1912 quisquam,
760 1882 821 1902 nec
834 1877 884 1902 ta-

143 1922 259 1948 cturus
282 1922 338 1948 est.
363 1917 478 1956 Agrar.
500 1917 534 1946 ii.
563 1919 616 1947 ⁶25.
640 1916 763 1946 idcirco
787 1925 882 1955 agros

140 1962 317 1992 nominare
353 1971 419 1991 non
453 1970 602 2000 possum,
633 1961 710 1998 quia
742 1964 882 1998 tangam

139 2005 274 2036 nullum
292 2005 332 2035 ab
358 2005 474 2034 invito.
509 2003 529 2022 ³¹⁶
545 2003 709 2034 occidere.
733 2003 803 2033 Att.
831 2013 881 2033 xv.

144 2052 196 2079 11.
214 2059 416 2089 quemquam
433 2052 597 2089 praeterea
609 2048 795 2088 oportuisse
808 2051 886 2079 tam·

140 2103 189 2133 gt.

190 2135 364 2176 Tanquam
393 2145 453 2176 pro
490 2134 591 2173 sicut,
630 2139 795 2174 sequente
827 2134 887 2165 sic.

143 2178 247 2210 Tusc.
264 2190 293 2210 v.
311 2183 341 2212 5.

190 2223 350 2260 Tantum,
375 2221 530 2259 formula,
548 2225 677 2252 rantum
693 2222 788 2261 quod,
806 2221 887 2253 (luo-

144 2267 206 2298 bus
225 2267 329 2298 modis
356 2267 491 2303 dicitur,
516 2276 576 2306 pro
602 2266 668 2303 vix,
695 2265 819 2296 modo:
845 2266 886 2295 ad

145 2311 224 2342 Div.
246 2311 301 2341 vii.
328 2313 381 2343 23.
405 2313 539 2340 tantum
564 2310 647 2349 quod
667 2318 706 2339 ex
734 2309 885 2350 Arpinati

144 2363 312 2384 veneram.
342 2353 384 2384 cf.
409 2353 478 2384 Att.
502 2363 554 2383 xv.
584 2356 632 2383 13.
658 2362 686 2381 v.
714 2352 820 2383 Graev.
844 2353 886 2383 ad

145 2397 287 2428 Luciani
304 2398 509 2428 Soloecistam
527 2407 559 2436 p.
577 2399 652 2432 729.
676 2396 821 2427 Gronov.
845 2397 887 2426 ad

146 2439 220 2471 Liv.
237 2442 348 2471 xxxiii.
366 2444 395 2472 5.
413 2443 443 2471 2.
462 2440 522 2470 hoe
539 2450 646 2470 unum
662 2444 794 2470 tantum
811 2440 887 2470 dee-

147 2487 212 2521 rat,
229 2485 317 2523 quod
333 2485 393 2514 &c.
411 2484 493 2514 nihil
518 2483 631 2513 deerat
649 2484 724 2514 nisi.
751 2484 845 2514 Verr.
863 2485 885 2514 i.

146 2530 201 2558 45.
225 2533 355 2558 tantum
383 2528 465 2567 quod
486 2528 658 2558 hominem
684 2537 751 2557 non
779 2529 887 2559 nomi-

151 2575 222 2601 nat.
238 2570 282 2601 cf.
297 2571 389 2602 Verr.
407 2572 453 2601 iii.
473 2574 525 2602 53.

197 2613 334 2644 Tantus.
360 2615 516 2651 formula,
542 2619 588 2645 est
615 2615 712 2645 tanti.
737 2614 838 2646 Catil.
864 2615 887 2646 i.

149 2661 184 2692 9.
210 2657 245 2688 ii.
271 2661 302 2691 7.
335 2658 428 2689 verr.
455 2659 498 2689 iv,
530 2660 579 2689 1⁶2.
599 2659 660 2689 90.
685 2658 756 2689 Att.
780 2669 811 2689 v,
837 2661 890 2690 520.

151 2701 212 2731 &c.
229 2700 410 2743 significat,
430 2712 500 2731 esse
527 2705 586 2732 aut
607 2702 709 2732 fuisse
735 2713 795 2732 cur
817 2704 890 2742 quis

150 2744 232 2783 quid
260 2744 363 2774 faciat
391 2745 568 2783 feceritve3
601 2745 684 2775 utile
713 2746 815 2776 fuisse
845 2747 890 2784 ei,

154 2788 211 2827 qui
247 2788 376 2818 feeerit.
411 2797 440 2817 ν.
474 2789 607 2819 Manut.
645 2789 688 2819 ad
720 2790 815 2820 Verr.
845 2791 887 2820 iv.

150 2832 204 2904 ἐξ).
238 2830 351 2905 Ῐέὶιιιέε
381 2831 498 2863 laudat
520 2833 708 2864 Arnzenius
734 2833 777 2865 ad
802 2833 889 2866 Plin.

181 2884 234 2906 an.
269 2897 278 2906 .

913 257 1011 287 ditas.
1035 258 1093 288 Or.
1120 259 1151 288 2.
1176 266 1289 286 vereor
1317 266 1358 286 ne
1386 257 1513 287 tardem
1537 257 1652 287 studia

915 301 1111 331 multorum.
1139 301 1193 331 ΒΓ.
1221 301 1272 331 68.
1298 299 1510 330 Glabrionem
1539 309 1650 331 socors

913 344 1016 383 ipsius
1033 349 1154 374 natura
1180 344 1419 383 negligensque
1447 344 1652 374 tardaverat.

916 390 936 408 ³*
950 387 1160 424 neutraliter,
1176 398 1235 427 pro
1264 387 1396 418 morari.
1419 388 1460 417 ad
1483 386 1580 418 Brut.
1599 389 1652 418 18.

916 431 1054 461 tardare
1067 436 1101 460 te
1118 431 1237 462 melius
1253 437 1349 461 esset.

964 474 1131 511 Τανάὶῑαε,
1149 475 1261 505 stultit
1276 485 1306 512 a,
1325 485 1400 505 cum
1418 483 1537 514 parum
1561 473 1652 504 vide-

919 527 1007 554 mus,
1021 518 1099 556 quid
1116 518 1281 556 agendum
1299 526 1332 548 et
1349 518 1516 558 quomodo
1527 517 1581 547 sit.
1593 517 1653 548 Or·

919 562 941 590 i.
956 562 1007 594 27.
1033 565 1091 590 ant
1101 567 1225 591 εἰει-ιη
1238 562 1270 591 in
1284 572 1323 591 eo
1341 569 1398 592 aut
1415 566 1504 591 certe
1520 561 1652 591 diutur-

921 614 966 634 na
981 605 1101 634 valebit
1130 605 1242 644 opinio
1258 606 1437 636 tarditatis.
1472 605 1491 623 *Ψ
1508 604 1593 635 Phil.
1608 604 1654 635 xi.

926 651 973 678 ΙΟ.
1001 649 1066 678 ista
1091 648 1261 678 sententia
1287 649 1382 679 affert
1403 649 1596 680 tarditatem
1611 647 1655 679 ad

921 691 1130 723 Dolabellam
1150 692 1425 731 persequendum.

968 735 1094 774 Tertiis,
1112 737 1168 775 qui
1178 735 1325 765 occultat
1342 735 1492 772 consilia,
1506 735 1654 775 negotia,

920 779 1119 810 dissimulat.
1144 780 1239 810 Rosc.
1256 781 1294 810 A.
1307 782 1361 810 40.
1384 780 1458 810 tecti
1473 779 1516 809 ad
1531 778 1657 810 alienos

921 832 991 853 esse
1017 833 1213 863 possumus:
1254 824 1352 853 amici
1385 822 1495 853 multa
1519 822 1657 853 videant

923 877 1056 897 necesse
1069 872 1130 897 est.
1147 867 1239 897 Orat.
1257 869 1309 897 4⁶2.
1334 877 1371 896 ac
1387 867 1527 897 sortasse
1544 866 1656 897 aliite·

922 912 1032 941 etim-es
1043 924 1051 940 :
1071 910 1117 948 (h.
1130 922 1158 940 e.
1172 911 1438 947 dissimularunt,
1451 919 1484 940 se
1497 909 1658 949 eloquen-

920 955 1003 985 tiam
1020 954 1185 993 didicisse)
1205 963 1267 994 ego
1289 964 1420 995 semper
1443 963 1512 994 prae
1532 963 1586 985 me
1601 959 1659 984 tu-

919 997 953 1028 li.

967 1041 1097 1079 Telum,
1114 1051 1173 1082 pro
1196 1042 1421 1075 instrumento
1446 1050 1659 1081 quocunque.

922 1085 1002 1116 Lael.
1039 1089 1087 1120 17.
1127 1095 1193 1115 non
1222 1085 1386 1116 mediocre
1412 1087 1512 1116 telum
1539 1085 1582 1115 ad
1607 1094 1659 1116 res

923 1129 1096 1169 gerendas.

969 1173 1191 1210 Temerarius,
1215 1182 1330 1213 expers
1361 1173 1499 1202 rationis
1522 1175 1558 1202 et
1580 1181 1660 1202 con-

920 1216 996 1247 silii.
1019 1217 1133 1247 Divin.
1151 1217 1172 1247 i.
1185 1220 1236 1251 29.
1262 1217 1446 1248 temeraria>
1460 1221 1573 1257 partes
1588 1216 1662 1246 ani·

922 1270 979 1290 nn.

967 1304 1212 1344 Temperantia,
1239 1307 1289 1334 est
1319 1303 1408 1333 modi
1445 1303 1480 1333 in
1508 1312 1661 1342 quacun-

923 1359 986 1388 que
1010 1358 1044 1377 re
1073 1348 1224 1378 servandi
1251 1347 1412 1378 studium.
1435 1346 1516 1378 Nat.
1539 1347 1583 1378 D.
1613 1347 1661 1378 iii.

928 1396 976 1423 15.
1000 1393 1219 1430 temperantia
1246 1394 1377 1421 constat
1400 1401 1439 1421 ex
1457 1390 1662 1431 praetermit·

923 1435 1033 1466 tendis
1058 1437 1202 1475 corporis
1227 1434 1466 1475 voluptatibus.
1489 1435 1590 1465 Tusc.
1617 1434 1661 1466 iv.

923 1486 954 1514 9.
980 1481 1197 1518 temperantia
1212 1479 1307 1509 sedat
1323 1479 1558 1519 appetitiones.
1571 1477 1661 1510 conf.

925 1524 994 1553 Fin.
1009 1524 1030 1553 i.
1053 1527 1079 1554 l.
1100 1524 1158 1553 Or.
1177 1523 1211 1552 ii.
1229 1524 1281 1552 60.
1306 1523 1494 1554 dicacitatis
1511 1521 1664 1552 modera-

922 1569 970 1597 tio
987 1571 1019 1596 et
1036 1568 1263 1606 temperantia.
1287 1567 1329 1596 ad
1348 1567 1423 1596 Div.
1450 1566 1518 1596 viii.
1546 1568 1597 1596 10.
1620 1565 1663 1596 de

923 1611 1088 1641 modestia
1101 1611 1136 1640 in
1149 1610 1330 1640 honoribus
1346 1609 1511 1650 petendis.

969 1655 1174 1693 Temperare.
1198 1663 1345 1693 parcere.
1359 1654 1452 1683 Verr.
1471 1654 1493 1684 i.
1511 1656 1564 1688 59.
1580 1657 1664 1683 tem-

915 1708 1039 1738 perare
1053 1698 1160 1727 sociis.
1185 1698 1218 1727 ii.
1237 1693 1274 1728 22
1291 1701 1473 1736 temperare
1498 1697 1663 1728 hostibus.

921 1742 963 1772 cf.
980 1741 1058 1771 ibid.
1070 1742 1100 1771 6.
1125 1741 1217 1771 Balb.
1234 1742 1287 1774 ⁶27.
1314 1743 1333 1762 *Ψ
1351 1750 1476 1780 regere.
1502 1740 1603 1771 Acad.
1619 1741 1664 1772 iv.

926 1788 952 1815 l.
977 1790 1157 1824 temperare
1173 1785 1334 1814 civitates.
1357 1785 1376 1802 ²*
1388 1795 1465 1814 cum
1482 1783 1662 1823 infinitivo,

922 1830 999 1860 Div.
1023 1829 1044 1858 i.
1070 1830 1123 1860 21.
1147 1833 1343 1868 temperaret
1359 1828 1498 1859 tollere:
1523 1828 1545 1858 i.
1560 1838 1590 1858 e.
1616 1837 1661 1858 ne

921 1872 1068 1903 tolleret.
1103 1875 1121 1893 ’ἕ
1136 1873 1286 1902 miscere.
1319 1872 1398 1903 Nat.
1415 1872 1458 1902 D.
1474 1872 1521 1902 iii.
1546 1874 1596 1902 14.
1620 1881 1663 1902 ex

923 1917 1000 1955 igne
1018 1921 1052 1946 et
1079 1917 1192 1946 anima
1209 1920 1425 1955 temperatam
1452 1925 1528 1946 esse.
1550 1915 1570 1934 *²
1582 1925 1661 1946 cum

921 1970 1060 2000 praepos.
1076 1970 1164 1989 cum.
1189 1960 1246 1990 Or.
1263 1962 1315 1991 ⁴28.
1340 1969 1401 1989 nec
1415 1969 1511 1990 suam
1529 1959 1662 1999 copiam

922 2014 999 2034 cum
1026 2004 1088 2034 illis
1111 2003 1239 2033 duobus
1262 2004 1439 2043 generibus
1458 2003 1664 2044 temperavit.

923 2048 951 2078 si
964 2055 1077 2078 tamen
1097 2057 1173 2077 cum
1192 2048 1378 2087 genuinum
1396 2051 1458 2078 est.

969 2091 1182 2131 Temperatio.
1206 2090 1306 2121 Tusc.
1335 2091 1356 2121 i.
1387 2093 1440 2123 28.
1474 2091 1664 2131 temperatio

924 2145 1113 2176 corporum,
1142 2141 1204 2171 est,
1232 2144 1309 2165 cum
1336 2144 1398 2164 nec
1425 2135 1529 2165 nimio
1555 2133 1665 2165 calore

925 2189 988 2210 nec
1002 2179 1126 2218 frigore
1149 2183 1307 2208 uruntur.
1333 2178 1413 2209 ibid.
1431 2178 1473 2208 iv.
1494 2181 1521 2208 l.
1544 2182 1667 2217 tempe-

924 2224 1010 2253 ratio
1037 2223 1192 2259 civitafis,
1210 2223 1406 2252 continetur
1426 2222 1587 2259 moribus,
1611 2221 1666 2252 in-

925 2267 1066 2303 stitutis,
1092 2266 1230 2305 legibus.
1258 2266 1300 2297 cf.
1319 2265 1421 2296 Acad.
1447 2266 1491 2296 iv.
1518 2269 1545 2296 1.
1569 2265 1665 2297 Verr-

925 2311 968 2341 iv.
995 2313 1048 2341 44.
1080 2311 1266 2351 temperatio
1297 2309 1385 2346 aeris,
1413 2315 1464 2340 est
1494 2310 1664 2340 variorum

926 2353 1139 2384 metallorum
1155 2355 1245 2384 inter
1259 2363 1293 2383 se
1310 2354 1484 2393 permistio
1497 2364 1508 2391 ς
1532 2362 1608 2393 quae
1623 2353 1666 2384 fit

926 2398 961 2428 in
977 2398 1098 2428 statuis
1115 2397 1253 2437 aliisque
1267 2398 1420 2438 operibus
1435 2396 1614 2427 fundendis
1630 2399 1668 2431 et.

929 2441 1124 2472 conflandis.
1158 2452 1186 2471 v.
1224 2440 1307 2471 Plin.
1338 2441 1382 2471 H.
1413 2442 1455 2472 N.
1486 2440 1596 2471 xxxiv.
1628 2444 1663 2475 9.

925 2485 1006 2524 Leg.
1033 2486 1067 2515 ii.
1095 2488 1127 2519 7.
1153 2485 1321 2516 mensium
1345 2486 1545 2526 temperatio.
1570 2483 1606 2515 h.
1633 2493 1666 2515 e.

927 2529 1008 2559 ordo
1020 2535 1055 2558 et
1071 2529 1166 2559 ratio.
1661 2532 1663 2534 ’

975 2572 1194 2612 Temperator.
1229 2573 1287 2604 Or.
1316 2574 1369 2603 21.
1413 2570 1604 2601 moderator
1632 2573 1669 2605 et

928 2616 1021 2655 quasi
1034 2621 1228 2657 temperator
1237 2616 1338 2656 hujus
1350 2614 1466 2656 quadri
1469 2615 1602 2655 partitae
1611 2624 1670 2645 va-

929 2660 1072 2691 rietatis.

975 2704 1199 2744 Temperatus.
1221 2703 1316 2734 Verr.
1332 2703 1375 2733 iv.
1391 2704 1445 2733 43.
1467 2701 1569 2732 homo
1584 2705 1667 2732 tem-

921 2749 1161 2786 peratissimus.
1186 2747 1229 2778 ad
1244 2747 1321 2777 Div.
1338 2747 1406 2776 viii.
1434 2748 1484 2776 15.
1506 2749 1668 2785 tempera-

928 2792 1000 2820 tior.
1027 2792 1084 2822 Or.
1102 2792 1137 2822 ii.
1155 2793 1207 2823 52.
1230 2800 1293 2821 nec
1309 2796 1361 2820 est
1374 2788 1445 2820 ulla
1459 2789 1668 2830 temperatior

929 2836 1048 2865 oratio.
1065 2835 1087 2865 i.
1105 2835 1224 2865 melius
1240 2834 1435 2874 composita.

976 2879 1173 2920 Tempestas.
1194 2877 1288 2910 Verr.
1315 2878 1349 2910 ii.
1365 2881 1419 2913 37.
1441 2877 1559 2909 Verres
1585 2879 1668 2907 tom-
