1790 3219
633 91 777 119 mmsx
809 91 909 118 1..le
917 91 942 118 N
949 91 1104 118 1TA'1‘18.

132 182 297 213 numm
313 186 534 222 preterquam
552 180 586 210 in
603 179 714 209 sacris.
740 179 773 209 Si
791 187 857 208 non

133 225 168 256 in
187 225 381 263 solitudine,
398 225 507 255 nonin
518 222 666 253 convivio
680 221 860 252 honestum

131 276 183 299 est
205 271 350 300 saltare:
376 269 431 298 obi
458 266 594 298 tandem
618 265 695 295 est?
721 266 785 296 Off.
814 265 859 296 iii.

135 314 186 347 19.
211 313 304 342 dares
333 313 416 342 hanc
441 312 506 341 vim
532 310 579 340 M.
597 309 794 339 Crasso—in
811 309 860 338 fo-

132 364 183 392 m,
209 357 290 386 mihi
313 355 422 392 crede,
447 356 595 384 saltaret.
643 351 746 382 Estne
774 352 856 383 hoc:

135 398 347 435 histrionem,
381 398 627 438 pantomimum
655 397 795 436 ageret?
831 397 858 426 si

133 452 201 473 non
219 453 277 482 per
292 452 326 472 se
343 441 518 480 indignum
543 440 683 470 honesto
705 446 739 469 et
767 441 857 479 gravi

132 486 269 517 homine
284 492 371 516 esset
388 484 522 519 saltare,
549 483 715 522 quomodo
731 483 794 514 hoc
810 483 857 514 di-

130 539 206 560 cere
222 529 406 569 potuissvt?
432 537 547 558 sensus
563 535 627 563 est,
647 528 761 557 omnia
773 528 859 557 indi-

130 573 292 612 gnissima
307 572 500 602 hereditatis
512 581 611 601 causa
623 571 748 601 faceret
762 571 857 602 Cras-

129 625 199 652 sus,
215 622 249 646 et
266 616 354 655 quod
371 616 473 645 etiam
502 614 589 645 domi
618 619 717 654 turpe
743 623 805 652 est,
825 616 857 645 id

126 658 178 689 vel
204 659 238 689 in
262 659 332 689 foro
348 659 486 696 faceret,
505 664 541 688 ut
556 660 705 689 saltaret.
752 659 856 689 Deni-

123 712 188 742 que
203 703 489 742 pantomimorum
501 704 631 733 saltatio
643 703 703 732 sub
721 702 858 732 Caesari-

128 745 189 776 bus
205 747 340 777 demum
361 748 496 777 inventa
513 752 574 775 est.

169 790 379 821 Saltatorius.
404 790 468 820 Pis.
490 793 537 820 10.
552 790 742 820 saltatorius
756 789 853 820 orbis.

127 843 157 863 v.
173 834 273 864 orbis.

168 877 296 915 salsus,
340 886 474 918 pascua.
525 875 642 916 Quint.
684 877 714 907 6.
766 881 850 907 extr.

122 920 284 962 Quintius
331 922 460 951 interea
496 920 536 950 de
577 921 667 950 saltu
707 930 852 960 agroque

123 965 295 996 communi
321 964 522 995 detruditur.
546 964 634 994 idem
652 969 731 994 ante
759 964 851 995 dixe-

122 1014 174 1039 rat
191 1018 219 1038 c.
236 1011 267 1039 3.
290 1009 448 1048 pecuaria
464 1017 514 1038 res
531 1007 647 1048 ampla
661 1013 696 1038 et
713 1009 848 1039 rustica.

119 1051 183 1082 boc
199 1061 301 1082 sensu
324 1052 462 1082 verbum
490 1051 554 1082 hoc
577 1052 694 1082 crebro
722 1060 773 1082 est
797 1062 850 1092 ap.

121 1095 329 1126 Ciceronem.
345 1106 375 1126 v.
401 1096 515 1126 Festus
533 1096 567 1126 in
584 1095 617 1126 h.
634 1105 664 1126 v.
708 1096 773 1126 Res
789 1106 848 1136 op-

118 1139 202 1169 time
219 1140 374 1180 cog-nosci
387 1145 499 1180 potest
518 1150 535 1169 e
559 1139 696 1169 Varron.
713 1139 752 1170 R.
769 1139 808 1170 R.
825 1139 847 1170 l.

121 1183 157 1214 ii.
176 1183 286 1214 Etiam
301 1184 335 1214 in
352 1183 480 1223 legibus
494 1183 664 1214 Caesarum
681 1183 729 1213 sie
743 1185 848 1214 saltas

116 1232 310 1258 occurrunt.
320 1227 384 1258 vid.
399 1226 604 1257 Glossarium
616 1227 748 1258 Nomic.
765 1227 846 1258 Cod.

115 1270 146 1302 Τ
148 1269 245 1302 heod.

160 1313 274 1352 satus,
309 1324 361 1345 res
389 1324 409 1345 a
434 1324 501 1354 qua
521 1316 611 1346 salus
641 1313 776 1355 pendet.
808 1315 842 1345 in

119 1357 234 1388 Cecil.
250 1360 304 1389 21.
328 1358 421 1389 Verr.
438 1359 459 1389 i.
477 1360 507 1389 2.
525 1358 618 1389 nulla
631 1361 722 1389 salus
738 1358 845 1397 major

115 1401 257 1442 reipubl.
294 1403 428 1443 reperiri
461 1407 584 1443 potest.
622 1411 652 1433 v.
678 1411 841 1434 summus.

114 1445 134 1464 ⁸
151 1445 348 1476 insolentius
376 1446 500 1476 dicitur
521 1446 615 1477 Verr.
643 1446 678 1476 ii.
695 1447 725 1477 6.
743 1447 843 1485 juris,

113 1487 291 1528 libertatis,
316 1499 441 1527 rerum,
465 1489 744 1529 fortunarumque
767 1499 843 1520 sua-

114 1541 189 1563 rum
205 1534 344 1564 satutem
361 1535 395 1564 in
414 1534 510 1564 istius
525 1534 742 1564 damnatione
763 1544 842 1564 con-

112 1575 240 1606 sistere.
264 1576 283 1595 *
299 1576 391 1607 Verr.
419 1577 466 1608 iii.
489 1580 540 1612 57.
565 1587 630 1617 quo
647 1587 685 1607 ex
711 1577 841 1616 judicio

110 1623 147 1650 te
159 1619 230 1651 ulla
245 1622 335 1651 salus
350 1630 478 1651 servare
491 1628 612 1662 posset.
636 1621 740 1651 *Diu
754 1621 774 1651 i.
787 1624 841 1656 47.

111 1662 310 1695 addubitato
324 1663 453 1696 Salutis
464 1665 615 1705 augurio.
632 1665 709 1695 Fuit
725 1671 839 1696 autem

111 1705 240 1738 Salutis
268 1709 447 1748 augurium
475 1718 581 1748 genus
606 1709 757 1748 auspicii,
775 1718 841 1748 quo

109 1755 285 1791 tamquam
302 1751 522 1783 consulebant
546 1753 649 1791 Deos,
667 1761 709 1783 an
725 1752 786 1782 sibi
802 1752 841 1783 li-

109 1799 202 1825 ceret
223 1795 367 1827 salutem
393 1795 508 1836 populi
530 1797 570 1827 ab
591 1797 670 1837 ipsis
698 1801 837 1836 petere3

111 1838 200 1878 quod
216 1839 287 1870 lieri
306 1849 371 1870 non
389 1839 521 1877 licebat,
539 1840 601 1870 nisi
619 1840 673 1871 ubi
691 1849 766 1870 aves
782 1840 839 1870 ad-

110 1881 284 1914 dixissent.
310 1883 358 1914 Eo
380 1883 433 1914 die
465 1884 631 1915 autemid
657 1885 836 1923 augurium

106 1925 284 1965 agebatur,
301 1937 366 1966 quo
382 1927 493 1958 nullus
521 1931 631 1958 motus
648 1932 735 1958 esset
752 1928 840 1958 mili-

104 1969 203 2007 taris,
222 1979 330 2009 neque
357 1976 475 2001 contra
500 1971 644 2008 hostem,
662 1981 770 2010 neque
795 1972 836 2002 ab

105 2011 211 2043 hoste.
247 2013 363 2052 ltaque
384 2015 418 2044 in
435 2014 527 2045 bellis
545 2014 695 2045 civilibus
713 2020 747 2044 ct
763 2025 837 2055 gra·

105 2056 249 2087 vioribus
266 2056 338 2088 aliis
364 2067 430 2088 non
457 2058 628 2098 agebatur.
659 2059 741 2089 Haec
769 2060 835 2090 Dio

105 2099 208 2130 tradit
221 2099 242 2130 l.
256 2101 376 2131 xxxvii.
393 2111 492 2141 quem
504 2101 545 2132 ad
558 2102 589 2132 h.
606 2101 627 2132 l.
639 2101 753 2132 laudat
766 2102 833 2132 Da-

102 2143 214 2174 visius.
229 2144 270 2175 de
286 2144 348 2175 hoc
359 2146 498 2183 augurio
514 2156 543 2175 v.
562 2145 717 2176 Politian.
733 2145 829 2176 Misc.

67 2207 70 2211 -
106 2189 156 2218 13.
179 2186 337 2219 'ron-ent.
365 2193 399 2218 et
420 2188 606 2219 casaubon.
635 2189 676 2219 ad
692 2189 830 2221 Sueton.

101 2229 245 2270 August.
264 2234 316 2263 31.
334 2231 425 2272 Lips.
444 2233 485 2263 ad
498 2231 608 2262 Tacit.
620 2233 659 2263 A.
676 2233 732 2263 xii.
749 2235 801 2264 93.

144 2273 365 2313 salutariter,
381 2280 467 2306 tuto.
497 2276 540 2307 ad
561 2276 638 2307 Div.
658 2286 690 2306 x.
713 2278 766 2308 23.
790 2282 830 2309 ut

100 2317 152 2348 vel
175 2318 329 2350 celeriter
358 2319 528 2358 accedere,
554 2320 606 2350 vel
635 2321 830 2352 salutariter

99 2361 246 2401 recipere
263 2373 317 2393 me
333 2372 476 2404 possem.

143 2405 318 2438 Samnites.
345 2407 436 2438 Sext.
454 2408 507 2438 64.
541 2417 646 2447 genus
662 2406 827 2447 gladiato-

97 2457 187 2486 rum,
202 2450 290 2490 quod
307 2460 430 2481 nomen
459 2451 563 2482 traxit
583 2452 624 2481 ab
653 2455 826 2482 armatura

96 2491 293 2531 Samnitica,
310 2505 410 2534 quam
428 2494 586 2525 describit
620 2493 691 2525 Liv.
709 2495 751 2525 ix.
767 2497 822 2527 40.

94 2535 184 2566 Ante
199 2537 367 2569 Romanos
377 2539 449 2577 jam
467 2538 630 2578 Campani
647 2543 823 2569 contume-

94 2577 148 2610 lioe
170 2590 272 2612 causa
294 2581 496 2622 gladiatores
513 2582 706 2612 Samniticis
722 2583 824 2613 armis

95 2621 277 2664 habituque
309 2635 460 2666 pugnare
482 2627 714 2662 instituerant,
739 2635 820 2665 quos

93 2665 218 2698 imitati
246 2672 327 2700 sunt
347 2670 503 2702 Romani.
527 2669 598 2700 Liv.
615 2668 693 2699 ibid.
720 2668 761 2700 cf.
780 2669 820 2699 de

93 2707 158 2740 hoc
171 2719 294 2751 genere
308 2712 532 2753 gladiatorum
549 2712 640 2754 Lipm
651 2712 819 2743 Satumal.

91 2752 126 2783 ii.
145 2755 198 2784 11.

135 2795 289 2837 sancire,
304 2799 440 2832 firmum
470 2800 621 2840 reddere,
636 2803 677 2830 ut
692 2800 822 2840 posscs-

91 2839 232 2871 sionem.
245 2840 323 2882 Agr.
340 2843 388 2874 iii.
410 2846 479 2876 m.
491 2847 523 2877 3.
552 2843 571 2863 ⁴
588 2853 716 2874 cavere.
736 2843 818 2883 Leg.

89 2882 137 2914 lii.
152 2885 206 2916 20.
229 2885 280 2916 vis
295 2887 418 2928 capite,
434 2888 574 2920 avaritia
590 2887 700 2918 multa
712 2887 819 2918 unnot-

1591 1 1610 21 θ

1561 83 1643 128 417

901 182 990 208 οων.
1003 178 1067 208 Off.
1087 178 1131 208 iii.
1154 182 1202 213 17.
1220 180 1292 220 lege
1301 182 1428 212 sancire
1442 181 1488 212 sic
1500 182 1633 213 dicitur.

904 220 1016 250 Plane.
1039 223 1084 255 l9.
1109 231 1206 261 poena
1220 226 1348 255 sancire
1363 225 1498 264 aliquid.

949 265 1094 301 Sanctio,
1112 271 1161 294 est
1170 274 1266 306 caput
1284 268 1378 307 legis,
1395 268 1483 307 quod
1496 278 1628 309 poenam

902 307 1066 344 continet,
1083 318 1149 346 qua
1164 315 1336 348 tamquam
1355 317 1480 342 sanctie
1496 315 1529 342 et
1547 313 1632 342 invl-

901 350 1037 381 olabiles
1054 350 1143 390 leges
1161 352 1259 383 fiunt.
1285 354 1377 385 Verr.
1395 356 1436 385 iv.
1456 356 1508 386 66.
1532 354 1627 387 Balb.

946 437 1124 476 Sanctitas,
1148 440 1215 478 jus.
1241 439 1513 473 inviolabilitatis.
1538 442 1629 474 Sext.

900 484 952 516 37.
989 482 1094 513 fretus
1138 484 1312 513 sanctitate
1352 485 1552 516 tribunatus.
1586 486 1628 517 ad

902 524 976 557 Div.
1009 536 1039 556 x.
1071 529 1102 556 4.
1126 528 1283 557 sanctitas
1311 527 1429 566 patria.
1469 529 1522 558 Sic
1554 530 1626 560 Liv.

899 569 974 600 xliv.
992 571 1044 604 99.
1068 572 1275 601 sanctitatem
1298 569 1416 610 templi
1441 571 1623 612 insulaeque

900 613 940 642 dc
958 614 1036 651 jure
1052 613 1131 654 asyli
1151 614 1246 645 dixit.

946 657 1075 688 Sancte.
1095 658 1204 688 Rabir.
1224 658 1312 688 Post.
1327 661 1358 689 4.
1382 659 1627 698 sanctiusjudi-

900 706 976 731 cata
991 701 1163 739 dicuntur,
1181 711 1254 740 quae
1283 702 1409 742 legibus
1427 702 1519 732 novis
1535 711 1625 733 seve-

898 754 965 774 rius
981 752 1249 776 COHSUYUUHYUY.

942 788 1096 825 Sanctus,
1114 788 1322 820 inviolabilis.
1347 789 1428 830 Leg.
1446 788 1492 820 iii.
1508 792 1540 821 3.
1563 791 1623 820 tri-

898 832 978 862 buni
995 831 1038 871 pl.
1053 834 1158 863 sancti
1173 838 1284 864 sunto.
1310 833 1381 864 Fin.
1400 833 1508 864 iii-20.
1531 843 1623 864 amo·

896 885 947 905 res
962 877 1077 906 sancti.
1095 886 1125 906 v.
1142 886 1246 907 amor.

939 919 1028 950 Sane
1044 930 1121 950 cum
1149 919 1214 959 adj.
1238 920 1363 950 Heren.
1388 921 1430 950 iv.
1462 922 1515 955 49.
1539 930 1619 953 sane

895 973 1017 1003 magna
1033 964 1182 994 cicatrix.
1199 973 1238 993 ex
1256 963 1372 994 Graeco
1387 961 1430 996 δή.

937 1006 1107 1047 Sanguen.
1132 1007 1203 1037 Fin.
1221 1017 1250 1038 v.
1272 1010 1320 1038 ll.

937 1050 1094 1091 Sanguis,
1111 1051 1227 1081 caedes.
1251 1051 1347 1082 Rosc.
1366 1051 1403 1082 A.
1423 1054 1452 1082 5.
1477 1052 1624 1092 quotidi-

890 1103 973 1125 anus
988 1096 1135 1133 sanguis.
1158 1097 1177 1116 ἤ
1189 1095 1344 1135 pecunia,
1361 1104 1438 1125 cum
1455 1095 1495 1126 de
1512 1097 1619 1136 priva·

890 1138 947 1175 tis,
964 1139 1134 1176 aerarium,
1145 1148 1222 1168 cum
1235 1138 1275 1168 de
1292 1148 1360 1179 rep.
1375 1138 1508 1170 dicitur.
1526 1140 1616 1171 Sext.

889 1183 941 1213 36.
953 1184 1090 1222 sanguis
1105 1182 1186 1222 reip.
1203 1181 1245 1212 cf.
1261 1181 1361 1212 Dom.
1379 1185 1432 1216 47.
1455 1183 1533 1213 hinc
1549 1183 1617 1214 ele-

888 1229 1007 1265 ganter
1024 1225 1213 1266 plebecula,
1231 1226 1265 1256 in
1282 1235 1382 1265 quam
1400 1232 1537 1266 propter
1547 1227 1617 1258 fru-

887 1270 1069 1300 mentarias
1086 1269 1282 1309 largitiones
1301 1270 1445 1309 pecunia
1467 1281 1507 1300 ex
1533 1280 1615 1301 aera-

887 1314 935 1343 rio
960 1313 1178 1354 impenditur,
1207 1313 1326 1344 hirudo
1354 1314 1461 1344 aerarii
1478 1313 1614 1345 dicitur.

886 1366 916 1386 v.
934 1357 1064 1387 hirudo.

929 1400 1067 1439 Sannio,
1093 1410 1218 1431 scurra.
1241 1400 1298 1432 Or.
1327 1401 1363 1432 ii.
1391 1401 1443 1432 61.
1466 1401 1509 1433 ad
1535 1402 1613 1433 Div.

886 1445 930 1475 ix.
952 1445 1000 1475 16.
1018 1450 1103 1474 extr.

929 1488 1064 1528 Sapere.
1090 1488 1164 1519 Div.
1182 1488 1203 1519 i.
1229 1491 1280 1520 58.
1300 1489 1355 1528 qui
1372 1489 1433 1519 sibi
1456 1489 1610 1521 semitam

885 1541 952 1561 non
974 1533 1126 1573 sapiunt.-
1150 1542 1168 1562 e
1193 1535 1314 1572 poeta3
1339 1532 1360 1562 i.
1388 1542 1418 1562 e.
1443 1533 1612 1572 nesciunt,

884 1584 951 1606 non
967 1576 1092 1606 vident.
1117 1573 1188 1606 Fin.
1205 1576 1239 1606 ii.
1257 1579 1288 1606 8.
1302 1585 1368 1609 non
1379 1577 1541 1615 sequitur,
1559 1581 1612 1616 ut,

883 1620 938 1650 cui
956 1629 1012 1650 cor
1026 1621 1145 1659 sapiat,
1161 1620 1191 1650 ei
1215 1629 1281 1650 non
1297 1621 1404 1659 sapiat
1419 1619 1549 1660 palatus
1563 1633 1570 1651 :
1589 1621 1612 1652 i.

881 1673 910 1693 e.
930 1673 997 1694 non
1013 1664 1137 1694 sentiat
1152 1668 1242 1694 recte
1253 1664 1286 1693 in
1303 1664 1390 1701 cibo,
1400 1672 1466 1694 non
1477 1664 1611 1704 judicet

880 1712 972 1737 recte
988 1706 1029 1737 de
1048 1707 1231 1747 saporibus.
1255 1705 1297 1737 ad
1324 1707 1400 1738 Div.
1422 1707 1444 1738 i.
1479 1711 1528 1739 lo.
1552 1708 1610 1739 ubi

880 1751 968 1781 solus
984 1761 1095 1791 sapere
1111 1750 1254 1781 videare.
1270 1754 1321 1782 est
1330 1751 1429 1790 jocus
1446 1761 1486 1782 ex
1503 1752 1609 1782 ambi-

880 1804 956 1834 guo.
972 1795 1131 1825 scribitur
1145 1795 1236 1825 enim
1265 1793 1306 1824 de
1331 1793 1431 1833 JCto,
1463 1804 1608 1835 quorum

877 1839 1020 1869 scientia
1034 1838 1210 1869 dicebatur
1232 1838 1407 1879 sapientia.
1422 1848 1452 1869 v.
1474 1840 1608 1880 sapien-

877 1883 936 1913 tia.

921 1926 1070 1967 Sapiens,
1086 1926 1126 1958 de
1141 1925 1240 1957 JCto.
1265 1925 1346 1957 Lael.
1363 1927 1394 1958 2.
1416 1925 1511 1958 Balb.
1531 1928 1582 1957 15.

921 1970 1102 2010 Sapientia.
1128 1970 1185 2001 Or.
1219 1970 1266 2000 iii.
1298 1973 1346 2001 15.
1371 1969 1451 2009 quid
1480 1969 1605 2000 Graecis

877 2013 947 2044 sit?
974 2015 1015 2045 ib.
1030 2015 1063 2045 ii.
1087 2018 1113 2045 l.
1137 2015 1295 2054 sapientia
1316 2014 1439 2051 omniS,
1456 2016 1507 2044 est
1527 2023 1606 2044 eru-

876 2056 971 2088 ditio.
995 2059 1013 2076 *
1028 2057 1119 2089 «luris
1144 2058 1294 2088 scientia.
1323 2057 1401 2088 hinc
1429 2057 1470 2088 ad
1487 2057 1564 2088 Div.
1580 2057 1605 2089 i.

879 2104 928 2132 10.
945 2102 1042 2140 jocus
1059 2102 1101 2133 ad
1116 2101 1285 2132 Valerium
1301 2100 1446 2132 actum:
1474 2101 1529 2131 ubi
1546 2110 1606 2132 au-

874 2144 969 2175 dacia
998 2145 1078 2176 lieet
1108 2155 1167 2185 pro
1189 2146 1351 2185 sapientia
1379 2145 1442 2176 uti.
1467 2144 1602 2176 *Tusa

873 2189 920 2220 iii.
941 2192 988 2220 18.
1007 2190 1042 2219 in
1057 2189 1192 2229 plurali,
1208 2190 1382 2229 sapientiae.

915 2232 1032 2272 Sapor.
1049 2233 1288 2272 intelligentia.
1302 2232 1378 2263 Sen.
1389 2242 1422 2272 p.
1436 2231 1476 2263 R.
1494 2232 1525 2263 6.
1540 2231 1600 2262 ho-

871 2285 927 2306 mo
952 2277 1023 2306 sine
1046 2286 1160 2314 sensu,
1178 2276 1250 2306 sine
1277 2285 1400 2316 sapore.
1424 2274 1519 2307 Brut.
1543 2275 1597 2307 46.

867 2329 964 2360 sapor
994 2319 1194 2350 vernaculus
1209 2331 1216 2349 z
1252 2325 1304 2350 est
1326 2323 1497 2358 venustas,
1532 2318 1599 2350 ele-

867 2364 984 2403 gantia
1000 2363 1189 2394 vernacula.

911 2405 1053 2438 sarissa.
1081 2407 1230 2444 Herenn.
1260 2407 1303 2437 iv.
1328 2408 1381 2438 32.
1404 2410 1444 2437 ut
1469 2407 1495 2437 si
1520 2407 1594 2447 quin

866 2449 1069 2482 Macedonas
1096 2451 1273 2492 appellarit
1298 2450 1360 2480 hoc
1378 2450 1497 2481 modo:
1526 2460 1592 2481 non

864 2498 935 2524 tam
952 2495 1020 2525 cito
1035 2496 1164 2525 sarioeoe
1180 2494 1309 2525 Graecia
1323 2495 1422 2534 potiti
1443 2498 1534 2526 sunt.
1553 2504 1594 2526 ex

864 2547 929 2577 quo
941 2543 1036 2579 patet
1052 2538 1154 2569 fuisse
1172 2539 1279 2569 telum
1295 2543 1356 2568 aut
1372 2537 1501 2569 hastam
1520 2537 1595 2569 Ma-

863 2581 1041 2612 cedonum.

906 2624 1038 2656 Sartus.
1063 2622 1193 2655 Verrin.
1211 2625 1232 2655 i.
1247 2627 1301 2656 40.
1318 2627 1371 2660 49.
1393 2630 1487 2656 sarta
1501 2628 1594 2656 tecta

862 2669 1005 2708 exigere.
1053 2667 1158 2699 Βατία
1181 2673 1265 2699 tecta
1288 2673 1368 2699 sunt
1397 2679 1499 2710 opera
1530 2679 1595 2709 pu·

863 2712 962 2750 blica,
979 2712 1014 2742 iu
1031 2712 1147 2752 primis
1162 2711 1303 2753 templa,
1319 2723 1393 2753 quae
1410 2723 1429 2743 a
1444 2713 1589 2743 censori-

860 2755 921 2786 bus
944 2755 1113 2794 locantur,
1131 2760 1171 2787 ut
1186 2760 1246 2787 aut
1262 2764 1347 2786 nova
1363 2757 1588 2793 aedificentur,

862 2803 922 2830 aut
946 2800 1156 2837 sarciantur,
1171 2799 1199 2830 si
1214 2798 1295 2839 quid
1318 2800 1353 2830 in
1377 2800 1417 2831 iis
1433 2805 1492 2830 aut
1516 2799 1589 2830 vitii

859 2847 926 2881 est,
942 2847 1000 2874 aut
1019 2843 1138 2874 melius
1155 2843 1282 2883 aliquid
1295 2853 1460 2874 novumve
1475 2848 1592 2874 extru-

860 2887 986 2918 endum
1010 2896 1081 2918 esse
1104 2886 1248 2918 videtur.
1292 2887 1358 2919 Ubi
1375 2891 1489 2919 autem
1506 2895 1589 2927 opus

915 2939 937 2960 ι
952 2940 970 2960 e
