1790 3219
536 85 680 115 INDEX
711 85 846 114 LA'riN
853 87 1008 116 mans.

26 174 90 206 nini
111 183 153 205 ea
175 175 294 213 virtus,
311 184 385 215 quae
409 179 541 205 constat
563 183 604 203 ex
629 172 773 203 homini-

27 217 87 249 bus
102 218 250 256 tuendis,
267 219 300 250 id
323 224 386 257 est,
402 228 442 249 ex
466 218 624 248 societate
641 216 772 255 generis

26 258 181 300 humani,
213 264 359 302 attingat
389 262 615 301 cognitionem
647 269 772 296 rerum,

23 306 169 344 solivaga
186 307 333 346 cognitio
349 309 383 336 et
393 306 511 345 jejuna
525 302 686 334 videatur.

73 348 212 384 Solium,
224 355 275 381 est
289 348 371 380 sella
385 354 557 385 excavata,
569 351 604 377 et
620 352 772 386 propter-

26 402 67 422 ea
104 393 322 429 commodior,
361 401 427 431 qua
473 395 583 432 patres
630 389 772 420 familias

28 446 145 467 omues
168 437 362 473 utebantur,
385 439 420 464 et
445 434 578 464 seminoe
603 434 637 463 in
660 434 772 464 convi-

29 481 99 511 siis.
155 479 309 521 Inprimis
347 483 462 509 autern
499 477 577 508 JCti
607 477 771 515 solebant,

27 533 104 554 cum
122 523 211 554 domi
228 522 268 553 de
284 523 363 561 jure
389 521 648 562 respondebant,
665 522 698 551 in
722 532 774 552 so-

30 567 74 597 lio
97 567 223 598 sedere.
255 566 336 605 Leg.
360 567 381 596 i.
402 569 432 596 3.
463 575 555 595 inore
579 566 699 606 patrio,
723 575 774 595 se-

28 610 109 641 ‹lens
139 611 172 640 in
203 611 277 641 solio
307 609 558 640 consulentibus
596 609 773 649 responde-

29 663 110 684 rem.
140 653 197 684 Or.
211 654 245 683 ii.
263 656 314 685 55.
341 663 382 683 ne
399 654 432 683 in
449 653 532 683 rutis
549 653 642 683 caesis
657 654 773 683 solium

27 702 206 737 paternum
237 697 415 738 recepisse,
442 706 562 737 nempe
590 695 686 726 Bruti
718 706 774 736 pa-

28 741 88 771 tris
118 740 207 771 qu.
247 739 304 771 Or.
335 741 370 771 ii.
399 744 451 772 33.
492 750 512 770 a
542 739 706 770 subselliis
738 739 773 770 in

25 785 132 824 otium
165 786 340 824 soliumque
372 794 407 815 se
441 783 641 814 contulerit:
681 782 713 813 b.
744 793 774 813 e.

25 829 160 859 desierit
179 838 295 859 causas
319 828 352 858 in
376 828 447 858 foro
470 836 581 866 agere,
599 831 633 856 ct
656 831 774 856 contra

27 872 169 911 dejure
200 871 417 912 responderit.
462 871 566 901 *Diis
603 870 706 900 etiam
739 870 774 900 iu

28 915 163 956 templis
179 914 270 946 sellae
287 915 404 955 positae
426 919 521 951 sunt,
540 923 615 953 quae
630 914 709 951 solia
726 913 774 944 di-

29 960 203 990 cebantur.
235 958 316 990 Har.
342 958 381 989 R.
406 960 460 992 97.
492 957 643 988 Deorum
667 958 775 996 ignes,

25 1005 118 1042 mdia,
135 1012 266 1034 mensas
282 1004 342 1032 διο.
357 1012 387 1032 ν.
404 1001 510 1032 Graev.
527 1001 569 1032 ad
585 1002 616 1031 h.
634 1001 655 1031 l.
679 1002 698 1020 t
710 1001 773 1031 Pis.

28 1049 82 1081 ⁴27.
111 1047 236 1077 bibitur
259 1055 363 1086 usquc
387 1056 440 1082 co,
457 1045 536 1075 dum
562 1045 602 1075 de
625 1046 697 1076 solio
713 1046 774 1075 ini-

29 1092 200 1121 nistretur.
246 1089 396 1120 Graevius
425 1090 541 1120 solium
571 1089 605 1119 li.
628 1089 649 1120 l.
675 1093 775 1129 putat

26 1144 97 1166 esse
136 1134 276 1172 lectum,
308 1133 359 1164 vel
397 1132 528 1171 sellam,
560 1133 616 1163 ubi
654 1132 773 1172 hospes

28 1178 102 1208 Piso
127 1177 250 1208 sederit
281 1177 383 1214 solus,
409 1181 448 1207 ut
479 1177 523 1207 sit
553 1176 606 1207 hic
635 1186 771 1206 sensus:

27 1222 165 1259 bibitur,
191 1221 351 1261 quamdiu
377 1220 496 1260 hospes
528 1221 674 1251 convivis
699 1229 774 1260 pro-

29 1266 136 1306 pinat.
183 1265 248 1295 Sed
277 1274 385 1304 neque
418 1264 614 1295 commodus
645 1268 696 1294 est
721 1263 775 1294 bic

28 1319 159 1346 sensus,
190 1318 300 1348 neque
337 1308 437 1338 verba
474 1317 552 1338 eum
589 1308 778 1348 patiuntur.

28 1353 117 1384 Nam
133 1353 255 1393 primo,
273 1352 327 1383 bic
350 1361 467 1382 sensus
490 1352 517 1382 si
533 1356 633 1390 esset,
651 1352 775 1382 intem-

29 1397 183 1437 perantia
219 1396 252 1426 in
290 1395 434 1426 bibendo
472 1404 540 1425 non
579 1399 773 1436 appareret:

27 1440 148 1471 deinde
164 1449 269 1480 usque
290 1449 331 1470 eo
353 1439 434 1470 dum
457 1448 535 1469 cum
560 1439 775 1477 conjunctivo

29 1494 94 1515 non
111 1488 223 1525 potest
245 1483 435 1523 significare
459 1483 630 1521 quamdiu.
678 1482 711 1512 Si
727 1493 775 1513 so-

27 1530 111 1559 lium
125 1532 176 1558 est
192 1537 213 1557 a
231 1526 401 1558 Ciceronis
425 1535 541 1564 manu,
558 1533 676 1567 putem
701 1535 772 1556 esse

26 1572 166 1603 dolium.
211 1570 300 1602 Nam
319 1571 436 1601 solium
459 1570 563 1601 etiam
586 1570 622 1600 in
645 1570 772 1600 balneis

26 1619 79 1647 est
93 1624 149 1646 vas
165 1615 354 1654 aquarium,
370 1613 458 1654 quod
479 1618 515 1645 et
538 1613 668 1646 labrum
693 1613 775 1644 dici-

26 1665 95 1690 tur.
139 1658 205 1690 Sed
221 1657 304 1689 mihi
323 1657 436 1698 placet.
456 1658 638 1698 Augustini
660 1667 776 1688 emen-

26 1697 219 1742 datio‚'qui
247 1701 394 1741 legebat,
426 1701 467 1732 de
497 1701 597 1732 dolio.
641 1701 776 1732 Bibitur

26 1746 171 1784 tamdiu,
196 1745 303 1776 donec
331 1745 447 1776 vinum
475 1744 631 1776 defusum
658 1750 694 1775 et
718 1755 774 1775 ve-

28 1795 159 1822 tustum
185 1799 252 1820 non
278 1793 438 1830 suppetat
461 1789 619 1829 amplius,
643 1788 701 1819 sed
723 1793 774 1819 et-

29 1834 95 1865 iam
126 1833 244 1864 vinum
274 1842 403 1871 recens,
434 1832 572 1870 donare,
604 1832 774 1863 ministre-

27 1885 94 1910 tur.
141 1876 268 1909 Solium
298 1881 334 1907 et
363 1875 491 1907 dolium
517 1876 774 1908 confunduntur

28 1923 64 1951 in
91 1920 183 1952 libris
207 1920 352 1961 scriptis.
391 1920 456 1951 vid.
487 1919 611 1951 Pamel.
637 1920 679 1951 ad
710 1920 774 1961 Cy·

29 1965 137 2005 priani
160 1965 281 2006 ep.76.
305 1973 338 1995 n.
356 1965 410 1995 42.
437 1963 602 1995 Harduin.
620 1964 663 1995 ad
685 1963 773 1994 Plin.¹

30 2018 126 2039 xxxv.
151 2010 199 2039 12.
231 2008 283 2040 De
309 2007 398 2038 dolio
420 2008 532 2038 bibere
555 2011 668 2040 autem
692 2007 775 2038 diei-

31 2057 87 2083 tur
101 2052 138 2083 in
154 2055 380 2082 contemtum.
404 2061 435 2082 v.
453 2051 594 2082 dolium.

74 2095 286 2127 Soloem'smus.
324 2095 366 2125 ad
393 2094 517 2125 Heren.
544 2095 586 2125 iv.
618 2096 666 2126 12.
696 2095 777 2136 quid

30 2140 98 2171 sit?

70 2183 272 2221 Somnium,
303 2181 414 2213 media
443 2187 555 2219 oestas,
580 2180 778 2221 longissima

31 2227 113 2258 dien.
150 2226 231 2258 Nat.
262 2225 306 2258 D.
330 2226 364 2256 ii.
388 2229 419 2261 7.
457 2226 691 2266 posset—-solis
723 2236 778 2257 ac-

31 2279 143 2301 cessus
165 2269 395 2309 discessusque
420 2270 562 2308 solslitiis
585 2269 778 2310 brumisque

31 2313 200 2354 cognosci.
215 2313 259 2344 cf.
273 2316 322 2348 19.
339 2315 392 2344 Sic
401 2314 710 2353 sempersolstc'tium
720 2323 781 2344 au-

29 2357 191 2397 tiquiores
207 2357 378 2396 dixerunt,
392 2363 432 2388 ut
454 2360 541 2388 esset
557 2366 663 2388 unum
679 2358 783 2388 solsti-

30 2403 130 2440 tium,
147 2405 185 2432 ut
207 2401 291 2432 bene
315 2405 430 2432 monet
445 2400 613 2432 Victorius
629 2401 670 2432 ad
686 2401 781 2433 Varr.

34 2445 72 2476 R.
95 2444 136 2476 R.
161 2445 183 2475 i.
206 2445 260 2476 46.
291 2444 390 2485 Apud
414 2444 562 2474 Plinium
589 2448 704 2475 autem
729 2448 782 2475 cst

31 2489 203 2520 solstitium
233 2490 379 2520 aestz'vum
407 2489 441 2518 ii.
470 2490 540 2520 103.
571 2491 607 2519 et
630 2497 683 2529 ap.
707 2488 781 2519 Ma-

32 2532 122 2566 crcb.
158 2531 229 2564 Sat.
253 2532 274 2563 i.
295 2535 347 2565 21.
386 2531 478 2563 Idem
504 2536 621 2563 tamen
651 2531 780 2564 Plinius

33 2575 122 2608 alias‘
137 2576 245 2606 utitur
269 2586 360 2607 more
385 2576 618 2613 ciceroniano,
642 2582 682 2606 ut
706 2575 727 2606 l.
752 2586 781 2606 c.

33 2619 90 2650 ubi
112 2620 250 2650 solstitia
276 2620 418 2660 opponit
443 2619 590 2650 brumae:
623 2623 658 2650 et
681 2620 723 2651 iv.
747 2622 779 2651 5.

34 2667 87 2693 est
100 2663 211 2693 oriens
226 2663 387 2694 brumalis
403 2667 438 2695 et
453 2661 650 2695 solstitialis.

79 2705 208 2744 Solum,
225 2716 314 2745 area,
331 2707 447 2747 inqua.
462 2706 660 2738 aedificatur.
683 2706 780 2738 Brut.

33 2751 86 2784 74.
115 2750 220 2781 solum
233 2755 269 2780 et
284 2751 377 2790 quasi
392 2750 654 2782 fundamentum
670 2755 781 2782 orato-

35 2794 78 2824 ris
94 2792 184 2824 vides
208 2791 413 2825 locutionem
436 2794 651 2826 emendatam
675 2799 710 2824 et
733 2794 780 2824 la-

32 2837 154 2867 tinam.
189 2835 233 2866 cf.
257 2836 314 2868 Or.
337 2838 384 2869 iii.
412 2841 465 2872 37„
502 2838 778 2879 *pavimentum

36 2879 150 2911 Parad.
159 2880 200 2910 vi.
214 2883 245 2911 3.
269 2885 386 2913 aurata
400 2885 492 2916 tecta
507 2889 543 2914 et
554 2883 622 2914 sola
633 2891 777 2917 marmou

1480 80 1559 119 431

815 183 872 203 rea
903 174 936 204 in
967 174 1052 204 villis
1085 175 1204 208 facere.
1241 177 1348 209 *Nan
1379 178 1422 210 D.
1456 181 1477 210 i.
1507 181 1561 212 23.

816 216 1051 256 quodcumque
1070 219 1102 248 in
1118 221 1220 250 solum
1238 222 1344 259 venit,
1362 228 1400 252 ut
1423 222 1561 262 dicitur,

817 261 946 299 effingis
973 266 1008 290 et
1034 262 1147 291 efficis.
1186 263 1227 293 ad
1255 265 1329 295 Div.
1356 266 1399 296 ix.
1424 268 1476 298 -26,
1514 266 1562 297 lo-

816 314 911 342 quor,
929 304 1017 343 quod
1034 305 1067 334 in
1083 307 1207 336 solum:
1233 307 1292 340 int.
1312 310 1412 340 venit.
1431 320 1563 350 prover-

815 347 907 377 bium
924 348 964 378 de
982 348 1094 384 rebuS,
1110 358 1190 387 quas
1207 354 1333 381 temere
1351 362 1388 382 ac
1405 353 1560 392 fortuito,

817 395 855 421 ut
866 400 961 422 casus
972 391 1050 428 fert,
1061 392 1226 422 arbitratu
1241 399 1363 432 nostro,
1377 406 1442 427 non
1459 398 1561 429 ratio-

816 434 1033 471 ne‚facimus.
1051 445 1078 465 v.
1092 435 1225 466 Manat.
1241 437 1281 467 ad
1296 437 1353 468 l.c.
1370 439 1464 471 ἥλιε.
1475 442 1518 471 ix.
1528 446 1561 476 9.

815 479 959 509 sciebam
978 479 1082 517 enim,
1098 484 1146 517 te,
1164 487 1266 518 quoto
1287 490 1388 519 anno,
1404 488 1438 513 et
1455 494 1559 522 quan-

816 527 890 552 tum
911 524 944 553 in
968 524 1042 560 solo,
1060 522 1166 553 solere
1190 532 1357 562 quaercre:
1384 526 1444 556 int.
1462 526 1562 558 habe-

816 572 902 597 rent.
933 567 968 596 in
982 568 1045 596 solo
1068 566 1189 597 habere
1204 567 1342 605 dicitur,
1359 567 1399 598 de
1417 571 1562 610 praediis,

815 615 853 640 ut
870 610 904 639 in
922 611 1034 640 numis
1059 610 1192 648 habere,
1209 610 1249 641 de
1273 612 1428 651 pecunia.
1474 613 1562 644 Hinc

815 653 908 684 Balb.
927 657 957 684 5.
985 655 1052 684 sola
1072 659 1238 685 terrarum
1264 655 1476 688 ultimarum.
1506 658 1563 688 ubi

818 707 847 726 v.
866 703 936 728 not.

863 740 987 771 Solum.
1012 740 1084 770 adv.
1117 741 1194 772 Post
1217 752 1280 773 mm
1300 744 1403 774 solum
1426 753 1487 783 pro
1509 744 1566 775 sed

815 785 915 814 etlam
930 785 1130 824 simpliciter
1148 787 1260 817 etiam.
1289 786 1354 818 ofl'.
1368 788 1391 818 i.
1407 788 1460 818 22.
1492 787 1564 818 hoec

817 827 951 866 quidem
970 838 1020 858 res
1037 837 1104 858 non
1127 831 1229 860 solam
1253 840 1294 860 ex
1314 830 1499 862 domestica
1511 836 1564 862 est

815 870 1008 911 disciplina:
1035 872 1175 912 attingit
1190 875 1290 904 etiam
1302 874 1470 906 bellicam.
1488 875 1565 907 add.

816 915 989 946 Drakenb.
1007 915 1048 946 ad
1065 915 1136 947 Liv.
1155 917 1232 948 xxii.
1250 919 1302 948 25.

860 958 963 990 Solva.
994 960 1035 989 ab
1059 959 1123 990 alio
1146 960 1272 991 solvere
1296 962 1479 1001 significat,
1494 971 1564 993 non

815 1012 855 1032 ex
873 1012 949 1033 arca
969 1013 1030 1033 sua
1051 1003 1192 1041 solvere,
1207 1005 1265 1035 sed
1290 1015 1348 1045 per
1371 1006 1564 1037 attributio-

817 1056 907 1083 nem,
943 1046 1203 1086 delegationem,
1241 1049 1464 1089 scripturam;
1504 1056 1564 1081 aut

816 1091 927 1120 numis
943 1090 1094 1121 alterius.
1126 1091 1214 1121 Caec.
1230 1092 1261 1123 6.
1289 1094 1426 1124 solvitur
1449 1103 1469 1123 a
1491 1094 1564 1124 Cne-

815 1134 943 1164 sennia.
969 1134 1010 1164 cf.
1023 1134 1096 1164 Ait.
1109 1134 1164 1164 vii.
1179 1138 1226 1166 18.
1236 1135 1279 1166 ib.
1293 1146 1322 1167 v.
1335 1139 1387 1167 21.
1411 1137 1564 1169 homines

815 1186 882 1206 non
900 1177 998 1208 modo
1014 1187 1082 1208 non
1106 1187 1271 1217 recusare,
1290 1180 1349 1210 sed
1371 1181 1474 1211 etiam
1500 1181 1563 1212 hoc

814 1220 938 1259 dicere,
956 1230 990 1251 sc
1007 1231 1026 1251 a
1043 1231 1096 1252 me
1112 1224 1240 1253 solvere.
1268 1223 1357 1263 quod
1371 1225 1462 1255 enim
1479 1235 1564 1266 prae·

815 1265 881 1295 tori
919 1265 998 1295 dare
1037 1270 1268 1304 consuessent,
1304 1268 1464 1307 quoniam
1502 1279 1566 1309 ego

819 1317 886 1339 non
911 1318 1120 1348 acceperam,
1139 1319 1175 1339 se
1198 1320 1218 1340 a
1242 1320 1294 1341 me
1318 1311 1566 1350 quodammodo

818 1351 907 1383 dare.
947 1352 1095 1383 *solvere
1125 1353 1239 1392 fidem,
1271 1355 1312 1385 ad
1346 1355 1422 1386 Div.
1450 1367 1481 1387 x.
1509 1359 1564 1389 23.

816 1405 876 1435 pro
901 1395 1099 1437 persolvere,
1120 1402 1290 1437 praestare.
1321 1398 1388 1429 alia
1410 1400 1567 1441 exempla

818 1449 848 1469 v.
879 1449 932 1480 ap.
960 1440 1122 1471 Burman.
1152 1441 1194 1471 ad
1223 1442 1320 1473 Ovid.
1351 1442 1495 1475 Metam.
1521 1445 1568 1476 xi.

820 1485 890 1514 135.
922 1483 1028 1514 ἐοίυι·
1054 1494 1114 1525 pro
1139 1483 1270 1516 liberari
1299 1486 1339 1516 ab
1362 1487 1568 1527 obligatione

815 1526 939 1567 aliqua,
962 1527 1204 1568 Dispensation
1235 1529 1450 1562 bekommen.
1487 1531 1568 1572 Agr.

816 1570 849 1600 ii.
875 1571 927 1602 36.
964 1573 1040 1602 solvi
1072 1571 1201 1611 legibus
1225 1574 1424 1613 opponitur:
1456 1577 1568 1606 teneri

816 1613 957 1654 legibus.
1005 1614 1043 1645 In
1069 1625 1134 1655 quo
1155 1620 1207 1646 est
1231 1618 1335 1648 etiam
1359 1620 1568 1650 constructio

817 1668 893 1688 cum
917 1659 1066 1698 genitivo
1088 1659 1178 1699 apud
1204 1660 1401 1692 Ciceronem
1425 1663 1517 1693 Sext.
1532 1667 1565 1698 7.

814 1703 893 1732 solvi
916 1702 1050 1741 legum:
1087 1713 1147 1743 per
1172 1704 1405 1743 graeeismum:
1437 1706 1478 1736 de
1502 1717 1569 1746 quo

815 1745 881 1776 vid.
898 1745 1090 1777 BroukhuS.
1107 1747 1150 1778 ad
1172 1747 1296 1779 Tibull.
1314 1749 1335 1780 i.
1355 1752 1385 1781 8.
1401 1752 1453 1781 40.
1485 1750 1569 1781 *re—

814 1789 941 1820 fellere.
972 1789 1044 1821 Fin.
1071 1790 1092 1820 i.
1109 1794 1140 1826 7.
1172 1801 1239 1831 qua
1262 1793 1314 1822 via
1337 1794 1487 1835 captiosa
1507 1796 1569 1825 sol-

815 1837 952 1864 vantur.
984 1836 1129 1865 *nautae
1153 1834 1315 1867 dicuntur
1335 1837 1468 1876 solvere,
1489 1847 1568 1869 cum

817 1886 954 1907 ancoras
970 1877 1109 1915 tollunt,
1126 1882 1162 1909 et
1185 1880 1356 1919 navigant.
1387 1880 1459 1911 Att.
1476 1882 1497 1912 i.
1518 1885 1569 1914 13.

815 1922 934 1951 solvere
953 1931 1102 1953 ancoras.
1133 1921 1267 1954 Muren.
1283 1926 1314 1955 2.
1343 1929 1444 1964 portu
1459 1927 1569 1957 solves.

817 1965 894 1995 Div.
911 1965 933 1996 i.
954 1965 1004 1996 16.
1033 1967 1154 1997 solvere
1168 1967 1325 2007 imperat.
1353 1967 1395 1998 ad
1409 1968 1488 1999 Div.
1504 1970 1570 2000 xvi.

817 2011 849 2042 9.
874 2018 934 2039 nos
951 2018 990 2038 eo
1007 2008 1060 2040 die
1076 2010 1199 2040 coenati
1213 2012 1378 2042 solvimus.

863 2051 985 2090 Solate,
1001 2053 1116 2091 libere,
1133 2063 1195 2085 sua
1210 2059 1342 2095 sponte.
1369 2055 1444 2086 Div.
1462 2056 1496 2087 ii.
1513 2059 1568 2089 48.

816 2097 917 2128 solute
943 2102 1097 2128 movetur
1119 2098 1271 2128 animus:
1304 2099 1344 2129 de
1374 2099 1573 2131 dormienti-

818 2140 893 2178 bus,
910 2150 1054 2179 quoruin
1077 2142 1210 2172 animus
1234 2151 1303 2173 non
1325 2143 1490 2182 sensibus,
1510 2144 1570 2176 sed

818 2192 881 2214 sua
904 2184 933 2213 vi
956 2189 1123 2223 movetur,
1141 2185 1230 2216 unde
1254 2187 1397 2218 somnia.
1428 2186 1571 2227 *facile,

819 2227 1022 2258 volubiliter.
1054 2228 1151 2260 Brut.
1172 2231 1224 2264 29.
1255 2230 1320 2260 nisi
1343 2230 1378 2261 id
1400 2240 1502 2270 queas
1524 2241 1574 2262 so-

819 2272 887 2302 lute
910 2277 945 2302 et
968 2272 1116 2303 suaviter
1139 2273 1260 2304 dicere.
1291 2273 1370 2305 ibid.
1390 2276 1444 2305 81.
1473 2274 1573 2307 facile

818 2316 982 2356 soluteque
996 2316 1103 2347 verbis
1120 2316 1248 2347 volvere
1263 2318 1463 2349 sententias.
1492 2318 1574 2350 *re-

823 2359 935 2395 misse,
961 2359 1002 2390 de
1035 2361 1168 2391 actione
1195 2361 1352 2392 oratoria.
1390 2360 1489 2392 Brut.
1516 2365 1571 2395 80.

822 2402 911 2441 quod
936 2402 992 2433 ille
1015 2408 1088 2434 tam
1110 2405 1212 2435 solute
1235 2405 1370 2444 egisset,
1393 2408 1466 2436 tam
1488 2407 1575 2438 osci-

823 2450 951 2477 tanter.

868 2489 1005 2522 Salutio.
1044 2490 1140 2521 offic.
1171 2491 1205 2522 ii.
1231 2492 1283 2523 24.
1314 2493 1430 2523 solutio
1459 2502 1573 2526 rerum

822 2533 1038 2565 creditarum.
1061 2534 1150 2575 ⁸Att.
1183 2535 1240 2565 xii.
1275 2538 1327 2567 51.
1363 2537 1479 2568 solutio
1511 2548 1572 2569 no-

823 2577 922 2607 minis
938 2577 1119 2609 Valeriani.
1149 2577 1234 2609 *On
1251 2579 1272 2609 i.
1290 2581 1342 2610 25.
1371 2581 1486 2612 solutio
1508 2581 1574 2613 lin·

823 2630 911 2661 guae,
927 2620 967 2652 de
990 2621 1154 2653 facilitate
1178 2625 1212 2653 et
1235 2622 1445 2655 volubilitate
1464 2625 1500 2656 in
1523 2626 1574 2657 di·

823 2664 942 2695 cendo.

866 2708 1012 2746 Solutus,
1036 2707 1132 2747 liber,
1157 2709 1210 2740 cui
1240 2711 1411 2750 integrum
1442 2715 1495 2742 est
1521 2711 1571 2743 fa·

821 2761 908 2789 cere,
927 2752 1015 2791 quod
1041 2753 1133 2784 velit.
1165 2753 1208 2784 ad
1223 2753 1298 2784 Div.
1315 2754 1336 2785 i.
1351 2759 1383 2789 9.
1413 2755 1441 2785 si
1461 2763 1575 2786 essent

823 2795 904 2826 mihi
921 2797 1035 2826 omnia
1049 2797 1256 2828 solutissima.
1288 2797 1382 2829 Verr.
1398 2799 1432 2829 ii.
1447 2801 1502 2833 78.
1527 2809 1576 2830 so-

821 2840 884 2869 luti
909 2839 951 2868 ad
974 2849 1091 2871 causas
1115 2842 1307 2872 veniebant.
1345 2841 1386 2872 dc
1410 2843 1574 2882 patronis,

820 2883 877 2921 qui
894 2881 1022 2916 nullam
1039 2884 1229 2917 mercedem
1243 2888 1450 2925 acceperunt
1463 2885 1504 2916 ab
1518 2886 1572 2925 iis,
