1790 3219
559 105 706 137 mnnx
735 105 1032 135 LATINITAUS.

42 192 87 227 bo
97 203 116 226 e
129 191 288 227 Cicerone
297 193 406 227 dicere
415 193 589 232 constitui,
602 192 764 235 proferam
771 216 780 231 ,

45 239 195 270 tironum
219 249 331 276 causa,
347 238 456 269 dicere
482 238 619 274 attinet,
635 237 714 276 quid
730 238 780 267 in-

43 283 142 313 tersit
169 283 258 313 inter
281 284 452 313 veritatem
473 285 508 312 et
523 290 647 311 verum.
691 279 781 311 Nam

44 324 199 356 homines
225 326 342 363 nostri,
358 325 558 356 Germanica
579 323 709 355 ratione
726 323 783 353 de-

44 370 145 409 cepti,
161 378 248 410 saepe
264 370 433 399 :mutem
448 367 578 404 dicunt,
594 367 651 397 ubi
667 376 781 397 verum

45 412 156 443 dicere
188 412 361 442 debebant.
391 417 566 450 tamquam
586 423 593 440 ε
631 411 784 441 veritates

44 464 147 486 novas
163 455 324 491 invenire,
334 455 506 485 veritatem
522 453 631 484 dicere
643 455 703 484 ἃς.
718 453 782 484 Re-

44 498 125 538 gula
139 507 218 538 ergo
233 497 304 528 baec
325 502 376 527 est
393 510 399 528 :
437 497 567 528 Veritas
589 497 726 535 dicitur,
742 502 782 527 ut

41 540 229 582 philosophi
245 541 441 579 loquuntur,
453 541 633 577 abstracte,
647 540 680 570 h.
695 550 724 570 e.
741 540 782 571 de

43 594 134 621 vero,
167 587 332 623 quatenus
362 585 567 624 cogitatione
593 584 785 623 sejungitur

42 637 63 658 a
79 628 188 663 rebus,
215 626 326 666 factis,
350 627 461 665 dictis,
477 628 596 667 quibus
614 628 711 657 inest.
728 626 782 657 Sic

42 670 149 702 latine
165 669 310 701 dicitur:
329 681 444 701 amans
460 672 619 708 veritatis,
633 671 784 701 studium

38 715 198 752 veritatis,
230 715 442 755 investigatio
472 716 630 752 veritatis,
661 715 782 744 veritas

39 757 76 787 in
106 763 210 798 puteo
241 757 325 788 latet
356 759 416 789 διο.
454 767 527 797 quae
557 757 671 788 omnia
701 762 781 787 sunt

39 800 271 832 Ciceroniana.
305 811 384 832 nam
420 801 455 831 in
488 801 539 831 his
571 809 636 830 non
669 800 782 840 agitur

38 843 80 874 de
112 849 204 875 certo
241 844 344 882 facto,
379 844 468 875 dicto
506 844 566 874 διο.
605 843 693 883 quod
727 853 781 873 ve-

38 897 114 919 rum
143 889 200 925 sit,
224 887 282 919 sed
312 887 352 918 de
379 897 456 918 vero
484 897 545 927 per
573 896 619 917 se.
657 886 696 917 In
728 887 779 918 his

38 931 196 961 omnibus
221 936 334 961 autem
351 936 387 961 et
412 931 533 961 veritas
548 933 582 961 et
597 940 712 961 verum
729 941 780 961 re-

39 979 94 1005 cte
115 974 250 1005 dicitur.
275 973 398 1005 Verum
424 979 539 1005 autem
566 974 668 1004 etiam
699 983 778 1005 con-

38 1024 130 1048 crete
144 1017 281 1054 dicitur,
292 1017 326 1048 h.
344 1027 372 1047 e.
389 1027 467 1048 cum
492 1028 552 1048 vox
578 1017 780 1049 Germanica

37 1061 91 1092 die
106 1060 282 1091 Wabrbeit
297 1061 466 1101 significat
494 1071 611 1092 verum
636 1062 777 1099 factum,

37 1104 168 1135 dictum
185 1104 244 1134 &c.
261 1105 296 1134 in
323 1105 442 1144 quibus
459 1113 632 1144 nunquam
655 1106 779 1135 veritas

36 1147 173 1185 dicitur,
193 1147 252 1178 sed
277 1157 410 1188 semper
430 1157 545 1179 verum
559 1161 568 1178 .·
590 1152 642 1186 ut,
661 1157 776 1179 von-um

37 1191 160 1229 dicere,
176 1201 293 1222 verum
317 1201 450 1222 narrare
477 1192 537 1222 &c.
561 1192 678 1231 Neque
703 1197 776 1222 tur-

37 1235 115 1266 bare
131 1245 333 1275 quemquam
343 1235 467 1266 debent
478 1234 643 1276 exempla,
655 1236 689 1265 in
703 1236 778 1275 qui-

37 1278 98 1309 bus
125 1278 224 1309 aliter
246 1288 316 1309 esse
338 1279 484 1316 videtur,
504 1282 544 1309 ut
567 1277 639 1308 Inv.
668 1279 690 1309 i.
723 1280 776 1311 36.

36 1331 111 1361 quae
127 1322 337 1363 perspicuam
354 1323 509 1353 omnibus
526 1323 679 1353 continet
694 1325 777 1354 veri-

36 1370 138 1396 tatem
160 1367 334 1404 assumtio,
355 1366 440 1396 nihil
462 1366 593 1405 indiget
616 1366 777 1407 approba-

34 1409 150 1440 tionis.
173 1409 260 1440 Nam
278 1410 312 1440 in
328 1409 378 1440 bis
395 1419 526 1449 quoque
538 1409 644 1440 verbis
656 1411 777 1440 veritas

34 1452 201 1484 abstracte
228 1452 353 1483 dicitur
379 1452 442 1483 hoc
460 1462 581 1483 sensu:
606 1454 701 1493 cujus
725 1463 776 1484 as-

34 1496 215 1527 sumtionis
225 1497 346 1527 veritas
355 1497 510 1527 omnibus
520 1501 670 1537 apparet.
685 1496 704 1515 '¹¹²
714 1496 775 1527 Ve-

37 1541 122 1570 ritas
135 1540 306 1570 interdum
331 1545 382 1571 est
405 1541 586 1570 necessitas
610 1543 645 1570 et
669 1549 776 1580 oppo-

33 1583 129 1614 nitur
158 1584 249 1614 casui
275 1583 426 1614 fortuito.
457 1584 535 1614 Div.
562 1584 584 1614 i.
614 1586 665 1615 13.
691 1593 772 1615 num

33 1636 113 1658 casu
124 1626 252 1658 factum
264 1637 335 1658 esse
348 1631 471 1668 potest,
486 1627 574 1667 quod
583 1637 699 1658 omnes
714 1637 776 1658 nu-

34 1679 145 1701 meros
165 1672 314 1702 veritatis
327 1670 438 1701 habet.
461 1670 542 1701 Nat.
557 1671 601 1702 D.
617 1671 639 1701 i.
652 1673 706 1702 90.
729 1681 775 1702 ae-

32 1719 133 1745 terna
155 1716 288 1745 veritas.
324 1717 344 1736 ἰ
362 1714 542 1745 certitudo.
577 1714 658 1745 Nat.
680 1715 723 1746 D.
752 1715 774 1746 i.

34 1758 88 1788 22.
106 1757 297 1797 persuaderi
310 1757 393 1788 mihi
403 1767 470 1788 non
479 1757 587 1788 solum
602 1758 774 1798 opinione,

34 1800 94 1831 sed
114 1801 219 1831 etiam
252 1800 294 1832 ad
321 1803 494 1832 veritatem
522 1801 621 1841 plane
661 1801 773 1833 velim.

36 1844 55 1862 ⁸*
69 1845 223 1884 aequitas,
233 1843 380 1883 justitia.
404 1845 478 1876 Act.
493 1844 515 1875 i.
529 1844 623 1876 Verr.
639 1847 665 1875 l.
689 1847 776 1876 veri-

33 1887 86 1918 tas
106 1887 325 1928 judiciorum.
354 1887 396 1918 ad
423 1888 499 1919 Div.
531 1888 598 1918 viii.
624 1888 655 1919 6.
679 1889 706 1920 si
732 1889 773 1920 ad

33 1940 203 1962 summam
225 1933 395 1963 veritatem
412 1933 470 1971 jus
488 1931 680 1971 legitimum
697 1942 775 1964 exe·

34 1975 133 2014 geris.
156 1975 177 1994 ὓ
190 1974 243 2005 Sic
253 1976 521 2017 interpretantur
530 1976 633 2006 etiam
644 1985 673 2005 v.
686 1985 714 2007 c.
724 1976 774 2007 lo·

35 2028 114 2048 eum
130 2018 264 2049 Muren.
283 2020 336 2053 29.
360 2018 472 2059 paullo
488 2020 635 2060 asperior
649 2029 688 2050 ac
711 2019 774 2050 du-

32 2062 113 2099 rior,
129 2071 230 2102 quam
246 2064 366 2093 veritas
380 2067 439 2093 aut
462 2067 585 2093 natura
609 2064 771 2103 patiatur.

33 2105 132 2136 male.
156 2114 235 2136 nam
262 2106 297 2136 in
324 2105 402 2144 hoc,
427 2111 462 2136 et
484 2105 648 2136 similibus
678 2106 773 2146 locis,

32 2150 155 2180 veritas
177 2148 351 2188 eleganter
366 2149 491 2179 dicitur
513 2149 552 2180 de
570 2159 604 2180 re
620 2150 704 2190 ipsa,
719 2160 774 2180 ve-

33 2201 72 2223 ra
87 2193 134 2222 rei
150 2193 291 2223 ratione.
316 2191 483 2223 duriorem
500 2202 579 2233 ergo
603 2192 686 2224 dicit
702 2203 773 2224 esse

35 2235 213 2275 Catonem,
230 2245 330 2276 quam
346 2246 398 2267 res
411 2237 494 2276 ipsa,
511 2246 590 2267 vera
604 2238 652 2267 rei
675 2237 774 2275 ratio,

30 2279 192 2320 patiatur.
217 2280 272 2311 Sic
297 2279 339 2310 ad
355 2279 432 2311 Div.
448 2281 490 2310 vi.
512 2283 540 2310 1.
563 2290 665 2320 quam
687 2282 774 2311 veri-

32 2326 85 2354 tae
97 2326 133 2354 et
153 2323 238 2354 ratio
261 2323 458 2364 praescribit.
474 2333 504 2353 v.
520 2323 627 2354 Graev.
643 2324 684 2354 ad
700 2324 734 2355 h.
751 2324 774 2355 l.

31 2365 148 2398 Parad.
163 2377 194 2397 v.
210 2369 241 2398 3.
266 2372 352 2397 extr.
382 2368 468 2398 ratio
496 2371 531 2397 et
556 2370 678 2398 veritas
703 2369 775 2408 ipsa

34 2411 213 2441 convincit.
250 2411 304 2441 Sic
319 2410 483 2450 adjectivo
496 2420 612 2441 verum
628 2420 708 2442 usus
725 2419 776 2442 est

34 2452 152 2484 Horat.
170 2455 276 2485 Serm.
293 2454 314 2484 i.
333 2456 365 2485 3.
387 2454 442 2489 96.
465 2454 558 2493 queis
586 2455 680 2495 paria
701 2464 773 2485 esse

31 2496 100 2528 fere
115 2497 245 2538 placuit
261 2503 413 2537 peccata,
426 2497 590 2535 laborant,
605 2507 682 2529 cum
693 2508 774 2528 ven-

31 2543 105 2571 tum
121 2540 164 2572 ad
177 2550 293 2573 verum
309 2544 370 2572 est.
394 2542 517 2571 Sensus
530 2551 705 2582 moresque
723 2551 775 2572 re-

31 2587 187 2624 pugnant
200 2597 208 2615 :
232 2585 290 2615 ubi
300 2584 387 2615 male
401 2593 535 2624 aequum
548 2585 773 2626 interpretan-

31 2632 99 2658 tur.
123 2626 163 2658 ln
187 2637 228 2659 ea
253 2628 354 2658 verba
377 2629 642 2659 commentarius
667 2632 719 2659 est
735 2629 771 2659 in

31 2668 84 2700 his
107 2671 214 2702 verbis
239 2671 421 2702 Ciceronis.
445 2670 516 2702 Fin.
548 2672 590 2702 iv.
622 2675 671 2706 19.
696 2681 771 2711 quae

32 2714 211 2752 magnifice
225 2715 334 2755 primo
349 2714 413 2745 dici
430 2715 599 2754 videntur,
620 2715 773 2746 conside-

32 2762 106 2787 rata
122 2758 232 2788 minus
249 2758 443 2797 probantur.
468 2759 590 2789 Sensus
606 2758 698 2788 enim
712 2769 772 2789 cu-

23 2799 147 2839 jusque
159 2807 194 2831 et
209 2806 329 2832 natura
344 2811 469 2839 rerum,
484 2806 584 2841 atque
599 2802 672 2842 ipsa
685 2803 771 2832 veri-

31 2847 84 2872 tas
107 2842 230 2875 clamat
253 2844 511 2884 quodammodo,
528 2854 596 2876 non
620 2855 713 2886 posse
737 2855 773 2876 se

36 2885 168 2927 adduci,
183 2893 224 2920 ut
239 2888 327 2925 inter
341 2898 396 2920 eas
413 2898 464 2920 res
480 2888 564 2922 nihil
587 2890 774 2921 interesset.

808 472 815 476 --
824 457 886 483 tem
914 452 1164 484 accommodate
1180 465 1186 482 :

1471 95 1556 145 475

825 192 889 223 Sed
906 192 1003 232 plura
1017 193 1170 234 exempla
1185 192 1356 227 addamus.
1381 195 1438 228 Or.
1461 196 1482 227 i.
1510 199 1560 232 l'Y.

821 235 1007 272 videamus,
1025 245 1065 265 ne.
1079 236 1152 276 plus
1163 240 1285 270 oratori
1300 239 1441 278 tribuas,
1456 250 1557 279 quam

822 288 874 310 res
891 285 925 309 et
942 280 1060 310 veritas
1076 280 1146 319 ipsa
1167 283 1338 314 concedat.
1354 283 1397 313 ib.
1415 286 1468 314 33.
1483 293 1559 323 pro-

819 323 862 353 bo
878 323 953 361 ista,
971 326 1009 352 ut
1023 332 1123 352 causa
1137 323 1248 363 aliqua
1263 327 1371 365 posita
1392 326 1558 357 consimili

822 375 937 396 earum
969 374 1158 403 causarum,
1176 377 1248 406 quae
1276 369 1309 398 in
1336 369 1445 400 forum
1469 369 1561 400 defe-

822 414 958 446 runtur,
972 409 1090 439 dicatis
1107 418 1206 447 quam
1224 412 1368 443 maxime
1385 413 1426 443 ad
1437 414 1559 444 verita·

1226 462 1346 494 nempe
1362 462 1400 486 ut
1415 466 1492 487 vera
1508 466 1559 488 res

822 503 856 527 et
872 505 984 533 causa,
1000 505 1067 526 non
1085 495 1165 526 ficta
1180 496 1232 535 agi
1250 497 1411 528 videatur.
1435 501 1493 530 Or.
1509 500 1558 530 iii.

821 543 876 574 57.
899 542 1020 570 veritas
1035 540 1139 570 vincit
1154 539 1392 571 imitationem.
1421 542 1498 573 ibid.
1518 543 1552 573 ii.

827 586 875 618 17.
889 584 976 614 actio
986 584 1131 614 veritatis
1142 582 1252 624 plena.
1267 582 1338 614 lnv.
1352 584 1387 614 ii.
1402 587 1559 617 [νει-ἄας’

819 626 1023 657 transfertur
1037 637 1075 656 ex
1094 627 1231 657 animali
1248 627 1401 668 exemplo
1429 628 1464 658 in
1482 638 1556 660 mu-

820 674 894 700 tum
911 670 1140 700 simulacrum.
1162 671 1219 702 Or.
1238 670 1259 700 i.
1276 673 1329 702 34.
1346 677 1555 703 commenta-

821 714 868 743 tio
894 714 1023 744 inclusa
1039 714 1073 743 in
1088 715 1237 744 veritatis
1259 713 1368 744 lucem
1386 714 1558 755 proferen-

821 756 863 787 da
877 762 928 786 est
942 769 952 795 ;
969 757 1000 786 h.
1017 767 1046 787 e.
1059 758 1094 787 in
1110 758 1194 788 veris
1211 758 1317 788 causis
1331 758 1364 788 in
1377 758 1448 789 foro
1463 757 1556 789 adhi-

821 800 940 830 benda.
965 801 1033 837 Sic,
1046 801 1081 830 ii.
1101 803 1150 834 19.
1175 801 1288 831 rhetor
1303 801 1425 832 dicitur
1439 812 1557 843 expers

819 845 981 881 veritatis,
997 844 1077 883 quia
1092 844 1125 873 in
1143 845 1262 875 umbra
1277 845 1398 875 scholae
1412 845 1507 884 dicit,
1523 851 1559 877 et

820 887 930 925 docet,
948 897 1015 917 non
1033 887 1102 926 agit
1119 897 1210 917 veras
1226 898 1352 919 causas.
1369 889 1448 919 ibid.
1466 890 1489 920 i.
1503 892 1556 921 51.

819 931 875 970 qui
891 931 1130 961 tolerabiliores
1145 930 1263 961 volunt
1275 941 1358 970 esse,
1368 940 1401 962 et
1417 932 1460 963 ad
1473 934 1558 964 ven*-

818 978 917 1005 ta-tem
933 975 1007 1004 vitae
1022 975 1157 1014 propius
1181 974 1351 1013 accedere,
1367 976 1555 1015 permedio-

817 1028 888 1048 cres
904 1028 943 1048 ac
969 1018 1078 1058 potius
1100 1017 1188 1048 leves
1214 1026 1324 1049 motus
1349 1019 1454 1050 animi
1481 1030 1554 1051 esse

818 1061 936 1092 debere
949 1060 1079 1091 dicunt.

860 1103 1110 1136 Vemnieulaeus.
1124 1105 1178 1137 ΒΓ.
1187 1109 1240 1141 79.
1259 1105 1388 1136 nullum
1402 1107 1554 1145 verbum,

815 1148 879 1178 nisi
893 1147 967 1178 loco
982 1149 1141 1188 positum,
1152 1154 1187 1179 et
1201 1153 1367 1180 structum
1380 1154 1554 1190 tamquam

815 1193 850 1222 in
867 1191 1069 1222 emblemate
1079 1194 1302 1223 vermiculato.
1319 1193 1361 1224 cf.
1371 1194 1429 1225 Or.
1442 1194 1488 1224 iii.
1500 1197 1556 1226 43.

815 1235 904 1276 Quid
928 1236 972 1266 sit
995 1237 1262 1274 vermiculatum,
1278 1236 1318 1266 de
1334 1247 1374 1268 eo
1390 1247 1457 1268 non
1475 1247 1556 1269 con·

815 1280 968 1310 sentiunt
991 1279 1061 1310 Viri
1088 1279 1190 1311 docti.
1236 1279 1301 1311 Alii
1331 1281 1423 1311 enim
1451 1281 1555 1312 inter-

815 1327 1005 1363 pretantur,
1021 1324 1163 1354 minutis
1188 1324 1373 1362 tesserulis,
1387 1330 1552 1364 tanquam

813 1366 1018 1404 vermiculis,
1045 1372 1213 1398 structum
1244 1371 1280 1397 et
1314 1369 1525 1408 variegatum
1541 1381 1548 1399 z

814 1409 870 1440 alii
884 1420 982 1440 cocco
993 1411 1155 1449 tinctum,
1169 1410 1256 1450 quod
1268 1411 1358 1442 color
1374 1412 1551 1443 coccineus

817 1454 855 1483 fit
871 1463 889 1483 e
905 1453 1108 1491 vermiculis,
1120 1455 1177 1493 qui
1189 1458 1269 1485 sunt
1280 1455 1315 1485 in
1331 1455 1435 1486 bacca
1450 1457 1555 1494 cocci,

814 1497 1015 1527 vermiculus
1043 1498 1146 1528 etiam
1175 1499 1244 1538 ipse
1274 1501 1308 1528 et
1334 1499 1555 1530 vermiculum

813 1550 874 1581 pro
889 1551 987 1571 cocco
1002 1541 1136 1572 dieitur.
1153 1541 1240 1572 hanc
1256 1543 1462 1574 sententiam
1478 1552 1554 1584 pro-

812 1584 894 1615 tulit
922 1590 957 1614 et
985 1583 1137 1615 defendit
1167 1585 1347 1616 Salmasius
1378 1586 1419 1617 ad
1450 1586 1554 1618 Solin.

813 1638 847 1668 p.
881 1630 951 1663 192.
979 1630 1052 1660 854.
1078 1629 1232 1668 sequitur
1257 1639 1335 1660 eum
1359 1629 1554 1661 Harduinus

814 1671 856 1702 ad
886 1671 973 1702 Plin.
1002 1671 1046 1702 H.
1074 1672 1119 1703 N.
1146 1673 1256 1703 xxxvi.
1282 1670 1319 1704 6]
1348 1673 1479 1704 videtur
1503 1677 1555 1705 et·

814 1715 881 1745 iam
909 1715 1048 1756 probare
1086 1715 1272 1747 Bochartus
1309 1717 1499 1748 Hierozoie.
1528 1722 1557 1749 t.

814 1759 849 1789 ii.
877 1758 898 1789 l.
926 1758 969 1788 iv.
993 1761 1048 1793 27.
1078 1760 1144 1790 Sed
1166 1763 1205 1790 ut
1229 1761 1400 1792 sententia
1426 1761 1555 1792 Salma-

814 1803 909 1833 siana
931 1811 998 1832 non
1021 1803 1066 1833 sit
1090 1803 1162 1834 sine
1187 1804 1310 1844 specie,
1333 1809 1368 1834 et
1392 1806 1555 1837 vermicu-

816 1848 923 1877 latum
951 1855 1021 1876 esse
1045 1847 1151 1886 possit
1181 1857 1280 1878 cocco
1302 1848 1475 1887 tinctum;
1502 1853 1554 1880 ta-

816 1899 894 1920 men
911 1888 1018 1920 altera
1033 1894 1084 1920 est
1103 1890 1334 1929 verosimilior,
1349 1895 1384 1922 et
1408 1891 1481 1922 loco
1499 1892 1555 1923 ci-

815 1935 994 1963 ceroniano
1024 1936 1059 1964 et
1085 1933 1239 1964 Pliniano
1259 1936 1555 1967 accommodatior.

815 1977 928 2007 Primo
950 1977 978 2007 si
993 1979 1246 2009 vermiculatum
1263 1979 1298 2008 in
1313 1978 1375 2009 hac
1390 1989 1424 2009 re
1441 1979 1481 2010 de
1498 1989 1555 2010 co-

815 2019 884 2051 lore
902 2019 1084 2058 diceretur,
1101 2031 1306 2061 consequens
1323 2027 1423 2060 esset,
1440 2026 1478 2053 ut
1492 2026 1552 2054 aut

815 2073 931 2094 omnes
947 2063 995 2094 illi
1010 2064 1114 2105 lapilli
1130 2065 1276 2095 coccinei
1293 2065 1448 2104 fuissent,
1464 2067 1552 2106 quod

817 2116 917 2138 nemo
933 2108 994 2138 sibi
1017 2109 1208 2149 persuaderi
1225 2109 1389 2149 patietur:
1413 2109 1553 2142 fuerunt

814 2152 906 2181 enim
936 2151 1141 2182 diversorum
1174 2151 1336 2192 colorum,
1360 2156 1401 2183 ut
1427 2154 1553 2194 effigies

815 2204 927 2225 rerum
944 2198 978 2225 et
994 2195 1192 2226 animalium
1205 2196 1442 2228 exhiberentur
1460 2210 1466 2227 :
1483 2197 1553 2229 Aut

815 2239 1069 2270 vermiculatum
1097 2246 1185 2270 esset
1210 2239 1246 2269 in
1275 2249 1397 2280 genere
1427 2240 1555 2272 colora-

814 2287 890 2312 tum
906 2293 916 2320 3
941 2282 1029 2321 quod
1045 2283 1174 2323 probari
1192 2284 1320 2313 nemini
1336 2285 1472 2324 poterit,
1488 2294 1553 2315 nec

815 2324 977 2356 Salmasio
993 2326 1027 2356 in
1043 2330 1193 2356 mentem
1209 2327 1302 2357 venit
1320 2327 1467 2366 credere,
1492 2334 1554 2359 aut

816 2368 1058 2400 demonstrare.
1075 2370 1212 2400 Accedit
1227 2370 1273 2409 id,
1286 2371 1375 2410 quod
1386 2381 1456 2402 rem
1473 2381 1552 2403 con-

816 2412 900 2450 ficit,
926 2422 979 2453 ap.
1011 2413 1170 2451 Plinium,
1199 2413 1271 2444 loco
1297 2423 1375 2445 mox
1403 2415 1553 2454 citando,

814 2455 916 2494 tradi,
933 2460 1062 2487 crustas
1078 2458 1252 2488 marmoris
1267 2458 1301 2488 in
1317 2467 1417 2499 opere
1432 2460 1552 2491 vermi-

815 2500 924 2530 culato
938 2500 1000 2530 sub
1017 2499 1157 2531 Claudio
1173 2500 1309 2532 demum
1327 2502 1463 2542 coepisse
1477 2503 1553 2544 pin-

816 2544 862 2583 gi.
884 2543 1016 2574 Deinde
1032 2544 1067 2574 in
1084 2544 1177 2582 locis,
1193 2544 1250 2575 ubi
1266 2544 1328 2575 hoc
1344 2545 1480 2577 verbum
1497 2557 1553 2578 oc-

815 2587 934 2624 currit,
957 2586 1138 2618 clarissime
1161 2591 1314 2628 apparet,
1338 2598 1405 2619 non
1432 2591 1551 2632 respici

815 2630 858 2659 ad
874 2629 1019 2660 colorem
1044 2629 1247 2671 lapillorum,
1273 2631 1330 2662 sed
1346 2632 1387 2665 ad
1401 2637 1552 2665 structu-

814 2683 884 2703 ram
914 2676 949 2703 et
971 2673 1224 2715 dispositionem
1252 2684 1380 2707 eorum.
1400 2677 1516 2708 Oratio
1532 2688 1552 2709 a

813 2716 946 2747 Lucilio
975 2722 1010 2747 et
1041 2717 1202 2756 Cicerone
1230 2725 1448 2759 comparatur
1473 2731 1550 2752 cum

813 2761 1027 2791 vermiculato
1055 2770 1167 2801 opere,
1196 2771 1264 2792 non
1292 2763 1423 2793 ratione
1453 2773 1551 2795 orna-

813 2811 1021 2842 mentorum,
1036 2804 1156 2844 quibus
1181 2805 1275 2845 quasi
1291 2806 1456 2838 coloribus
1473 2807 1550 2838 illu·

813 2847 944 2878 minata
958 2852 994 2878 et
1017 2848 1109 2889 picta
1129 2851 1203 2887 est;
1228 2848 1286 2879 sed
1311 2850 1441 2881 ratione
1463 2854 1550 2882 stru-

813 2894 919 2922 cturae
945 2891 1122 2924 verborum
1151 2893 1360 2925 artificiosae:
1394 2892 1485 2926 unde
1514 2898 1550 2926 et
