1800 3131
126 163 209 201 219.

130 261 312 298 montibus,
326 269 365 290 ea
377 269 470 300 gens,
482 270 555 301 quae
567 260 660 293 illum
681 262 793 294 locum
810 274 863 295 ac-

131 305 226 341 colit,
257 308 392 344 propter
423 305 691 344 magnitudinem
722 308 864 346 sonitus,

131 357 232 379 sensu
247 347 402 378 audiendi
419 353 520 378 caret.

182 392 374 428 Catamitus,
392 392 552 430 cinaedus,
567 398 715 424 scortum
736 405 866 425 mascu-

132 434 216 467 lum.
240 435 324 464 Phil.
342 435 376 465 ii.
391 438 444 466 31.

182 478 346 519 Calamus,
368 479 450 510 Rab.
474 479 563 510 Post.
591 482 640 510 14.
668 480 792 517 classis,
817 481 868 510 in-

133 523 249 563 primis
266 525 300 552 et
315 521 348 552 h.
364 522 466 552 etiarn
483 522 555 553 loco
571 533 622 560 ea,
638 533 710 562 quae
726 523 869 553 Alexan-

134 565 241 595 driam
258 566 479 596 commeabat.
496 566 560 596 vid.
578 567 662 607 inpr.
677 567 815 597 Salmas.
829 567 868 596 de

134 609 224 640 mod.
241 619 333 639 usur.
349 620 380 649 p.
397 613 470 643 357.

185 652 301 689 Cavea,
319 653 409 682 locus
426 653 482 682 ubi
494 656 696 692 spectatores
713 652 868 682 ludorum

135 696 264 726 sedent.
289 696 383 726 Cato.
404 699 451 726 14.
475 696 580 734 magis
599 696 797 733 delectatur,
814 696 870 735 qui

136 740 171 770 in
188 740 296 779 prima
311 749 419 775 cavea,
432 749 530 778 quam
548 739 603 778 qui
621 739 654 769 in
666 739 787 769 ultima
798 749 871 780 spe-

136 787 217 813 ctat.
234 782 276 812 cf.
299 782 379 822 Leg.
397 783 430 812 ii.
450 786 498 813 15.
516 784 574 812 ἃς.

185 826 295 862 Cavea,
312 826 350 855 de
373 825 617 856 Jureconsultis
641 825 775 863 dicitur,
793 837 870 857 cum

136 870 348 909 litigantibus
365 873 423 898 aut
445 869 571 907 aliquid
586 870 871 907 contrahentibus,

137 914 204 943 sive
220 913 338 949 verbis,
351 913 418 942 sive
432 913 569 952 scripto,
581 913 777 951 ostendunt,
791 924 872 953 quo-

138 955 236 986 modo
246 955 285 985 lis
295 955 504 993 instruenda,
517 966 633 995 resque
645 957 875 986 contrahenda

138 1000 195 1037 sit,
219 1009 259 1029 ne
285 1009 385 1029 causa
412 998 546 1036 cadant,
570 1004 629 1030 aut
653 1000 872 1040 decipiantur.

139 1043 228 1073 Mur.
253 1047 285 1077 9.
308 1052 411 1078 caves,
429 1052 470 1072 ne
493 1044 542 1072 tui
565 1044 770 1073 consultores
787 1043 875 1074 deci-

139 1087 288 1126 piantur.
305 1086 382 1116 ibid.
401 1086 532 1116 Servius
554 1086 608 1116 hic
630 1087 801 1117 nobiscum
818 1097 873 1117 ur-

139 1130 261 1160 banam
279 1130 433 1160 militiam
452 1130 684 1169 respondendi,
696 1131 874 1168 scribendi,

139 1174 273 1204 cavendi
295 1178 430 1203 secutus
454 1181 515 1203 est.
544 1174 585 1204 ad
608 1175 684 1204 Div.
708 1175 754 1205 iii.
783 1178 809 1205 1,
835 1175 874 1204 de

140 1217 272 1246 Valerio
300 1216 408 1247 JCtoz
445 1217 564 1247 melius
594 1218 623 1247 ei
651 1228 764 1249 cauere
790 1218 875 1256 volo,

141 1270 241 1299 quam
259 1261 328 1299 ipsc
346 1260 417 1290 aliis
434 1261 527 1291 solet.
544 1260 586 1291 cf.
603 1262 726 1292 Caecin.
743 1264 795 1295 27.
819 1263 876 1293 Or.

141 1304 162 1333 i.
186 1307 239 1334 48.
261 1304 368 1333 *hine
393 1314 505 1334 cavere
529 1305 687 1335 dicuntur
710 1306 812 1335 etiam
845 1304 873 1344 l)

141 1348 197 1386 qui
223 1347 285 1377 sibi
311 1347 463 1377 satisdari
484 1348 607 1387 jubent
631 1350 665 1378 in
693 1359 727 1378 re
755 1349 876 1388 aliqua.

141 1390 238 1421 Brut.
256 1394 286 1421 5.
311 1391 373 1420 nisi
390 1392 481 1430 prius
499 1402 518 1421 a
536 1397 570 1421 te
594 1401 717 1430 cavero,
735 1393 877 1432 amplius

141 1444 180 1463 eo
193 1435 328 1464 nomine
341 1435 509 1464 neminem
522 1435 721 1475 petiturum.
734 1436 775 1466 cf.
790 1437 880 1468 Verr.

142 1478 176 1508 ii.
195 1480 246 1509 23.
276 1478 368 1508 Verr.
385 1478 405 1507 i.
424 1481 475 1508 54.
506 1479 670 1518 praedibus
694 1483 728 1510 et
750 1480 880 1520 praediis

142 1521 265 1561 populo
280 1526 413 1551 cautum
431 1526 492 1552 est.
522 1522 555 1559 ⁶2)
581 1523 636 1561 qui
653 1523 778 1563 aliquid
793 1525 880 1554 exci-

143 1565 242 1604 piunt
256 1565 291 1594 in
306 1564 452 1595 formula
467 1566 642 1605 pactionis,
659 1571 718 1597 aut
738 1568 880 1598 conditi-

143 1617 242 1639 onem
260 1608 405 1647 aliquam
421 1610 648 1648 paciscuntur.
670 1611 765 1640 Verr.
787 1612 808 1641 i.
830 1615 879 1642 11.

142 1652 299 1681 viderunt
322 1652 355 1681 in
380 1652 546 1690 cautione,
565 1664 641 1683 cum
657 1654 705 1684 ita
719 1660 881 1693 caverent,

144 1695 172 1725 si
196 1698 271 1734 post
297 1694 372 1725 Kal.
396 1695 472 1725 dan.
499 1696 534 1725 in
561 1697 737 1728 consilium
764 1699 881 1729 iretur.

146 1737 180 1776 3)
211 1739 266 1777 qui
293 1738 393 1768 alicui
420 1749 617 1779 quacunque
640 1741 674 1770 in
699 1751 733 1771 re
756 1743 883 1782 prospi-

146 1782 253 1812 ciunt.
278 1782 410 1812 Cluent.
429 1786 478 1816 59.
496 1793 572 1813 cum
591 1784 656 1814 Hs.
673 1795 737 1814 xxx
761 1786 885 1826 scripta

148 1831 272 1861 essent,
289 1835 347 1865 pro
365 1825 431 1856 HS.
448 1835 526 1863 ccc,
542 1836 648 1866 neque
665 1829 694 1858 ei
710 1830 788 1859 satis
806 1840 884 1860 eau-

150 1873 221 1898 tum
238 1869 430 1907 videretur3
455 1870 572 1908 voluit,
589 1881 666 1901 eum
690 1872 815 1911 aliquid
831 1884 884 1903 ac-

150 1916 286 1951 ceptum
308 1912 428 1943 referre
447 1913 651 1945 liberalitati.
673 1916 754 1955 Leg.
775 1916 809 1946 ii.
832 1919 885 1948 ⁶21.

149 1965 180 1985 v.
201 1956 310 1986 Caute.
327 1956 345 1973 ᾔ
357 1956 529 1996 prohibere
546 1957 632 1997 lege,
648 1959 769 1990 edicto.
794 1960 886 1991 Verr.

148 1999 170 2029 i.
197 2002 250 2029 43.
283 2009 343 2029 cur
368 1999 443 2037 hoc,
459 2010 536 2030 cum
562 2002 596 2032 in
623 2002 740 2032 eodem
767 2013 887 2043 genere

151 2043 207 2079 sit,
226 2052 293 2072 non
309 2052 411 2073 caves.

202 2086 354 2116 &werrae
369 2087 501 2126 navigii.
525 2089 582 2118 Or.
601 2088 646 2118 iii.
662 2091 715 2120 46.
740 2095 820 2121 sunt
843 2091 889 2121 la-

151 2131 225 2159 tera
241 2139 329 2160 cava.
346 2139 377 2160 v.
393 2131 482 2160 Serv.
502 2131 543 2161 ad
566 2131 657 2171 Virg.
682 2133 757 2163 AEn.
782 2134 816 2165 ii.
840 2138 889 2169 19.

152 2173 211 2203 sed
227 2172 325 2212 vulgo
343 2173 363 2204 l.
381 2184 408 2204 c.
425 2178 477 2204 est
492 2176 632 2205 carinas.

203 2216 380 2247 C'cwillatio.
404 2217 460 2247 Or.
487 2218 520 2248 ii.
548 2222 600 2249 54.
628 2226 733 2258 genus
756 2220 893 2251 facetia-

156 2269 230 2290 rum
248 2261 281 2289 in
293 2265 366 2289 toto
382 2270 534 2291 sermone
551 2262 675 2292 fusum.
692 2263 747 2293 Gr.
760 2264 892 2306 εἰρωνεία,

155 2303 245 2341 quali
262 2304 411 2334 Socrates
427 2315 506 2335 usus
521 2311 584 2343 est,
601 2306 688 2345 quod
704 2316 770 2336 non
782 2309 847 2338 fuit
857 2310 892 2340 in

155 2346 296 2385 singulis
312 2348 418 2377 verbis
435 2354 493 2378 aut
511 2349 619 2379 dictis.

207 2390 359 2427 Cavillor,
369 2392 475 2429 jocor.
499 2392 578 2423 Nat.
596 2393 638 2423 D.
657 2394 701 2423 iii.
719 2397 770 2425 34.
795 2399 893 2435 atque

156 2433 192 2463 in
219 2443 257 2463 eo
283 2434 385 2463 etiam
411 2437 584 2466 cavillatus
609 2443 671 2467 est.
704 2438 774 2468 Att.
802 2439 836 2469 ii.
870 2443 896 2470 1.

152 2477 226 2516 jam
244 2476 453 2508 familiariter
469 2490 545 2509 cum
563 2481 633 2519 ipso
645 2483 779 2511 cavillor
790 2483 893 2513 etiam

160 2523 195 2548 et
205 2520 311 2557 jocor.
334 2520 473 2558 *jocose
492 2524 688 2563 perstringo.
712 2525 777 2564 Qu.
794 2526 845 2556 Fr.
860 2527 894 2557 ii.

165 2565 213 2594 12.
237 2563 307 2602 ejus
325 2570 522 2603 praetextam
539 2568 606 2597 risu
623 2577 697 2597 sum
714 2571 894 2601 ccwillatus.

210 2606 386 2646 Cazeponor.
409 2619 449 2638 ex
477 2610 586 2640 Ennio
611 2611 676 2641 Off.
702 2612 723 2641 i.
752 2614 800 2644 12.
829 2623 896 2644 non

161 2655 378 2689 cauponantes
407 2652 545 2691 bellum,
573 2654 605 2684 h.
632 2665 660 2685 e.
688 2654 772 2685 lucri
797 2667 898 2688 causa

162 2698 329 2733 gerentes.

211 2737 327 2766 (husa.
352 2747 415 2774 res,
433 2738 471 2768 (le
488 2749 553 2778 qua
568 2740 602 2769 in
620 2741 750 2779 judicio
773 2744 897 2782 agitur,

161 2780 386 2810 controversia
401 2781 551 2819 forensis,
565 2785 704 2822 quaestio
718 2786 826 2824 finita,
841 2787 896 2818 Gr.

163 2822 308 2856 ὑπόθεσις.
333 2834 358 2853 s.
378 2828 417 2854 ut
440 2826 555 2856 Cicero
579 2827 715 2858 definit:
742 2839 805 2868 res,
823 2841 897 2870 quae

161 2865 263 2896 habet
290 2866 324 2896 in
351 2877 384 2897 se
409 2871 681 2908 controversiam,
699 2872 732 2902 in
757 2873 897 2904 dicendo

164 2910 320 2948 positam,
350 2921 426 2942 cum
460 2913 713 2952 interpositione
741 2926 899 2955 persona-

162 2955 238 2984 ru'm
254 2957 433 2985 certarum.
466 2955 535 2987 Inv.
554 2957 576 2987 i.
594 2957 624 2987 6.
656 2958 698 2989 cf.
720 2960 777 2991 Or.
793 2960 826 2991 ii.
848 2964 896 2996 19.

644 173 791 203 INDEX
820 175 1115 205 LATINITATIS.

910 265 1011 304 Hinc,
1026 266 1083 296 ubi
1107 275 1157 296 res
1183 268 1218 296 et
1243 274 1344 296 causa
1365 265 1569 305 junguntur,
1593 265 1629 295 P.

909 309 1096 347 Manutius,
1113 320 1182 340 rem
1211 309 1250 339 de
1276 314 1350 339 toto
1377 309 1510 348 negotio
1535 310 1569 339 in
1596 318 1630 339 se

910 353 1130 391 considerato,
1146 363 1278 383 causam
1296 352 1335 382 (le
1353 353 1531 383 momentis
1545 357 1632 383 tem-

909 406 1026 435 porum
1045 406 1325 436 personarumque
1338 395 1570 426 accedentibus
1583 406 1633 426 re-

911 443 964 469 cte
981 440 1143 479 capiebat.
1160 451 1190 470 v.
1207 439 1248 469 ad
1264 449 1322 479 ep..
1337 443 1362 469 1.
1381 438 1401 468 l.
1421 439 1441 469 i.
1459 439 1500 468 ad
1513 438 1587 469 Div.
1601 449 1631 479 p.

916 485 965 513 ll.
990 483 1040 512 ed.
1057 483 1163 514 Graev.
1184 484 1262 513 hinc
1282 488 1328 520 et,
1347 482 1424 522 quid
1439 482 1483 512 sit
1499 492 1634 512 causam

913 535 1124 565 componere,
1140 527 1294 564 scribere,
1311 537 1340 556 v.
1358 537 1385 556 c.
1413 525 1485 556 Att.
1506 536 1556 556 κν.
1580 527 1632 556 24.

912 569 1054 607 intelligi
1080 574 1201 609 potest.
1234 570 1331 610 Quod
1356 579 1556 609 quamquam
1580 579 1635 598 ve-

914 622 988 642 rum
1013 618 1077 650 est,
1093 618 1207 643 tamen
1230 621 1293 650 est,
1312 614 1366 643 ubi
1387 613 1484 643 aliter
1506 613 1634 642 Cicero.

914 655 1014 685 Tusc.
1039 656 1060 685 i.
1082 658 1134 687 48.
1160 667 1293 687 causam
1317 658 1412 686 rebus
1437 667 1455 686 a
1475 656 1550 686 Diis
1574 656 1636 685 im—

915 699 1112 729 mortalibus
1139 700 1337 738 judicatam.
1380 700 1467 730 Nam
1499 710 1537 729 eo
1564 699 1637 728 loco

915 753 1013 773 causa
1030 747 1079 772 est
1099 743 1238 781 quaestio
1262 743 1416 773 infinita:
1440 743 1526 773 sitne
1549 752 1636 772 mors

916 786 1043 816 malum
1070 795 1131 816 nec
1159 788 1225 815 ne?
1252 797 1315 824 res,
1332 787 1449 825 quibus
1476 796 1514 816 ea
1537 796 1637 817 causa

908 829 1062 868 judicata
1090 833 1153 866 est,
1169 834 1249 859 sunt
1273 829 1426 869 exempla
1449 829 1638 866 hominum,

915 873 1033 912 quibus
1046 883 1065 903 a
1076 873 1149 903 Deo
1163 874 1197 902 in
1213 873 1365 903 beneficii
1377 872 1450 902 loco
1462 883 1549 902 mors
1562 882 1639 902 con-

915 927 1016 946 cessa.
1037 917 1208 954 Ceterum,
1225 917 1382 956 quoniam
1404 917 1438 946 in
1460 915 1532 946 soro
1549 915 1642 946 nulla

916 964 1027 999 potest
1040 970 1110 990 esse
1127 960 1364 997 controversia,
1377 960 1448 989 sine
1465 959 1641 1000 interposi-

916 1003 1007 1033 tione
1030 1013 1261 1043 personarum,
1281 1009 1455 1044 propterea
1477 1013 1577 1033 causa
1600 1003 1640 1032 de

908 1049 1116 1085 “quacunque
1133 1048 1354 1078 controversia
1369 1047 1491 1077 forensi
1507 1046 1645 1076 dicitur.

923 1090 1034 1120 Ccrusae
1055 1090 1201 1120 forenses
1225 1094 1337 1120 autem
1359 1094 1439 1120 sunt
1461 1090 1510 1120 vel
1534 1089 1642 1130 publi-

920 1143 980 1171 ρει),
994 1135 1027 1163 in
1044 1133 1155 1163 Caecil.
1174 1135 1194 1163 i.
1210 1133 1266 1164 Or.
1284 1134 1329 1164 iii.
1345 1136 1407 1172 ⁶203
1425 1133 1474 1163 vel
1492 1135 1641 1174 privatae‚

921 1177 991 1206 Inv.
1017 1178 1038 1207 i.
1056 1180 1087 1208 3.
1122 1177 1265 1208 Publicae
1292 1181 1384 1215 sunt,
1411 1187 1484 1216 quae
1509 1186 1576 1207 non
1602 1176 1642 1206 ad

918 1221 1086 1261 privatum
1110 1220 1293 1257 hominem,
1309 1220 1367 1250 sed
1390 1221 1430 1251 ad
1452 1221 1642 1251 universam

920 1263 1160 1304 rempublicam
1172 1265 1308 1303 ejusque
1320 1268 1446 1294 statum
1458 1264 1642 1304 pertinent,

922 1308 1009 1346 quod
1032 1307 1168 1344 scelera,
1188 1308 1227 1337 ‹lc
1251 1308 1369 1347 quibus
1394 1308 1516 1346 agitur,
1532 1308 1560 1337 ei
1585 1313 1644 1338 aut

922 1351 1043 1381 directe
1069 1355 1203 1388 nocent,
1222 1355 1258 1381 ut
1269 1350 1459 1393 peculatus,
1477 1353 1645 1391 majestas,

923 1400 1029 1434 captae
1042 1395 1193 1434 pecuniae
1206 1395 1265 1424 ἀρ.
1278 1399 1335 1425 aut
1348 1394 1499 1434 exemplo
1516 1397 1550 1424 et
1560 1395 1647 1435 peri-

923 1438 998 1468 culo
1009 1438 1150 1478 publicae
1162 1439 1362 1475 securitatis,
1379 1442 1417 1468 ut
1433 1437 1646 1478 parricidium

924 1483 983 1512 διο.
1005 1482 1094 1512 unde
1110 1482 1251 1522 populus
1268 1491 1381 1512 earum
1393 1481 1558 1520 judicium
1575 1481 1648 1520 lege

922 1525 992 1556 lata
1015 1526 1057 1556 ad
1078 1536 1112 1556 se
1137 1526 1301 1565 pertinere
1312 1525 1487 1563 judicavit,
1503 1529 1540 1555 ut
1555 1529 1614 1555 aut
1630 1535 1649 1554 a

924 1579 958 1599 se
977 1569 1199 1607 judicaretur,
1218 1573 1290 1606 aut,
1313 1569 1550 1607 quaestionibus
1575 1577 1649 1608 per-

925 1613 1034 1653 petuis
1051 1613 1252 1649 constitutis,
1269 1622 1288 1642 a
1303 1611 1513 1648 Praetoribus,
1530 1612 1649 1651 quibus

925 1666 973 1686 cae
985 1656 1191 1695 obtigissent.
1203 1656 1267 1686 vid.
1284 1655 1354 1686 Lex
1368 1654 1556 1685 Tabellaria
1572 1655 1650 1685 Cas·

925 1700 983 1730 sia.
1009 1700 1148 1730 Privatae
1165 1703 1276 1729 autem
1293 1699 1464 1735 dicuntur,
1480 1699 1515 1728 in
1532 1699 1651 1738 quibus

926 1744 1130 1783 privatorum
1158 1742 1370 1772 commodum
1399 1742 1523 1781 agitur,
1547 1746 1586 1772 ut
1610 1742 1650 1772 de

926 1787 1138 1817 testamentis
1154 1791 1189 1816 et
1204 1785 1457 1823 hereditatibus,
1475 1786 1651 1824 possessio-

928 1831 1038 1865 nibus,
1056 1831 1115 1860 ἃς.
1140 1830 1189 1860 Ab
1214 1830 1262 1860 his
1284 1838 1460 1859 causarum
1477 1829 1653 1868 generibus

922 1874 1050 1913 judicia
1065 1874 1167 1903 etiam
1183 1874 1234 1904 vel
1249 1872 1382 1913 publica
1396 1872 1447 1902 vel
1464 1872 1591 1912 privata
1606 1873 1653 1902 di-

930 1922 1065 1954 cuntur,
1090 1917 1130 1947 (le
1158 1927 1222 1956 quo
1245 1927 1304 1946 suo
1328 1915 1411 1946 loco.
1437 1915 1554 1954 Neque
1577 1926 1653 1946 vero

930 1960 1037 1990 solum
1055 1960 1093 1990 de
1110 1960 1294 1990 forensibus
1310 1960 1539 1990 controversiis
1554 1969 1655 1990 causa

930 2004 1063 2041 dicitur,
1083 2005 1139 2034 sed
1163 2004 1202 2034 de
1227 2003 1367 2043 negotiis
1392 2003 1656 2042 quibuscunque,

932 2048 1082 2087 inprimis
1109 2048 1144 2077 in
1167 2047 1285 2086 quibus
1308 2056 1458 2086 personae
1482 2050 1581 2076 certae
1606 2046 1654 2076 in-

931 2095 1168 2131 terponuntur,
1192 2095 1231 2120 ut
1262 2090 1379 2121 Manil.
1405 2092 1435 2122 2.
1459 2100 1559 2120 caasa
1581 2099 1655 2128 quae

934 2135 977 2164 sit
989 2134 1118 2165 videtis.
1142 2135 1182 2164 ad
1200 2135 1275 2165 Div.
1292 2134 1334 2164 vi.
1354 2137 1403 2164 10.
1427 2143 1526 2163 causa
1543 2143 1582 2163 ea
1594 2137 1655 2162 est.

936 2179 996 2208 &c.
1027 2178 1132 2208 Causa
1149 2178 1286 2208 inferior
1301 2175 1339 2207 et'
1352 2177 1502 2218 superior
1514 2176 1609 2206 Brut.
1627 2179 1658 2207 8.

935 2227 998 2258 est,
1023 2232 1097 2261 quae
1120 2222 1276 2258 vincitur,
1295 2225 1329 2250 et
1351 2230 1425 2259 quae
1448 2220 1565 2250 vincit.
1590 2219 1658 2250 No-

934 2265 1039 2295 tanda
1062 2275 1158 2306 porro
1173 2265 1336 2295 tironibus
1352 2263 1423 2294 haec
1438 2275 1444 2292 :
1470 2263 1588 2302 Quint.
1610 2265 1658 2294 10.

942 2308 1051 2340 Causa>
1073 2309 1188 2346 dictio,
1205 2318 1277 2347 quae
1301 2312 1336 2337 et
1352 2307 1391 2337 de
1408 2317 1477 2344 τεο,
1495 2310 1528 2336 et
1545 2306 1584 2337 de
1599 2316 1658 2346 pa-

936 2358 1034 2382 trono
1048 2353 1075 2391 ej
1082 2362 1132 2390 us,
1145 2352 1177 2382 h.
1191 2351 1212 2382 1.
1225 2351 1264 2381 de
1281 2355 1420 2391 patrono
1433 2350 1567 2388 dicitur,
1580 2359 1658 2382 nam

937 2400 1079 2435 uterque
1102 2405 1234 2426 causam
1251 2395 1342 2424 dicit.
1366 2405 1395 2425 v.
1413 2395 1510 2425 Rosc.
1534 2393 1609 2423 Am.
1628 2396 1657 2424 5.

939 2440 994 2469 nbi
1014 2445 1063 2469 est
1080 2439 1119 2469 <le
1136 2450 1204 2477 reo,
1220 2443 1254 2469 et
1269 2439 1316 2469 sic
1331 2437 1480 2478 pluribus
1496 2436 1586 2467 locis.
1602 2436 1660 2467 Or.

940 2483 974 2513 ii.
991 2485 1044 2514 25.
1060 2487 1113 2513 30.
1145 2483 1232 2522 quod
1262 2491 1396 2512 causam
1418 2480 1512 2517 facit,
1537 2479 1662 2510 dicitur

940 2532 1041 2566 caput
1063 2536 1179 2564 causae,
1195 2527 1229 2555 in
1253 2535 1318 2564 quo
1340 2528 1414 2555 tota
1436 2532 1538 2554 causa
1553 2524 1661 2553 versa-

939 2576 1008 2608 tur,
1037 2580 1061 2600 s.
1088 2574 1127 2600 ut
1153 2570 1224 2600 aliis
1250 2569 1330 2598 locis
1357 2568 1451 2604 dicit,
1478 2567 1566 2606 quod
1589 2576 1662 2597 rem

939 2624 1134 2653 causamque
1159 2613 1320 2643 continet.
1344 2610 1416 2642 Mil.
1440 2613 1493 2641 22.
1515 2610 1603 2649 quod
1626 2610 1663 2640 in

939 2668 1040 2688 causa
1055 2657 1271 2696 quaerendum
1288 2660 1350 2692 est,
1367 2655 1388 2684 i.
1404 2664 1432 2684 e.
1450 2655 1483 2683 in
1500 2664 1534 2683 re
1551 2657 1585 2683 et
1601 2653 1663 2683 cir-

941 2701 1163 2731 cumstantiis.
1181 2700 1256 2729 Huc
1269 2699 1414 2739 pertinet
1428 2697 1511 2728 illud
1527 2697 1569 2726 ad
1584 2697 1661 2727 Div.

944 2745 965 2774 i.
995 2747 1021 2775 1.
1046 2745 1079 2774 in
1103 2754 1202 2774 causa
1227 2743 1298 2773 haee
1323 2745 1422 2772 sunt:
1455 2741 1476 2770 i.
1501 2750 1530 2771 e.
1555 2745 1662 2770 status

940 2798 1046 2819 ccmsce
1058 2791 1091 2817 et
1102 2788 1227 2826 negotii
1239 2787 1293 2816 hic
1305 2789 1365 2816 est.
1388 2784 1407 2804 ’κ
1418 2784 1507 2824 Quia
1519 2784 1551 2813 in
1565 2792 1664 2814 causa

942 2841 1071 2869 eorum,
1089 2840 1230 2870 quorum
1247 2833 1309 2866 est,
1325 2828 1451 2859 utilitas
1467 2832 1567 2866 atque
1583 2826 1665 2856 adeo

941 2875 1111 2905 interdum
1129 2874 1217 2904 salus
1233 2873 1340 2914 posita
1355 2875 1417 2909 est,
1431 2881 1532 2902 causa
1544 2870 1667 2900 dicitur

940 2919 1055 2955 etiam,
1082 2919 1116 2948 in
1147 2926 1345 2956 quocunque
1372 2915 1512 2954 alicujus
1540 2913 1666 2944 utilitas

941 2965 1107 2992 versatur:
1126 2961 1182 2992 das
1198 2962 1369 2992 interesse.
1388 2960 1446 2990 Or.
1460 2959 1480 2989 i.
1492 2961 1545 2989 34.
1568 2956 1668 2988 camd
