1790 3219
624 96 770 126 11⁸³an
803 95 1096 126 LATINITATIS.

81 185 148 221 tor,
164 182 369 222 tabellarius,
387 194 406 216 a
419 183 551 216 stando.
573 182 614 215 ad
626 183 702 214 Div.
716 183 750 213 ii.
767 185 816 216 17.

78 223 195 257 literas
218 238 238 258 a
268 234 303 258 te
331 228 412 259 milii
434 233 537 259 nacor
557 233 636 258 tuus
662 225 815 256 reddidit.

79 268 122 299 ef.
139 270 172 300 ii.
192 273 239 305 19.
273 282 304 302 11.
322 274 374 303 91.
406 273 423 290 ·
438 271 495 301 sed
511 279 697 310 cognomen
719 268 812 300 «lovis

77 319 129 343 est
146 323 165 343 a
176 314 335 352 sistendo,
349 320 484 345 auctore
500 313 593 344 Livio
609 313 631 343 i.
653 314 701 343 12.
717 312 812 343 Cice-

76 364 113 385 ro
129 356 259 389 videtur
282 358 401 388 ducere
427 367 448 387 a
469 356 646 387 statuendo
673 355 771 387 Catil.
790 357 811 386 i.

78 401 129 429 1³.
151 400 277 432 Seneca
293 411 312 431 a
336 400 466 432 stando.
486 400 557 437 sed,
581 406 619 431 ut
645 410 719 430 vere
737 410 812 440 pro-

78 443 219 474 nunciat
246 444 348 475 Gron.
375 443 415 474 de
445 445 580 474 Senecae
611 443 811 483 etymologia

75 485 155 516 Obs.
173 487 216 517 iv.
236 490 284 519 14.
306 487 354 518 ita
379 488 480 517 etiam
508 487 726 518 Ciceroniana
753 486 810 517 illa

73 533 126 559 est
141 529 231 561 lusus
255 530 290 560 ’111
311 530 424 568 verbo,
447 531 617 572 proposito
644 531 715 570 ejus
741 540 809 561 ser-

77 581 180 603 viens.

117 615 246 653 Status,
275 616 340 657 adj.
367 624 491 654 certus,
517 617 688 649 definitus.
726 618 808 649 Har.

70 657 111 689 R.
135 663 167 693 9.
203 665 298 692 statoe
326 661 569 700 sollemnesque
596 662 806 692 caerimoniae.

69 701 166 734 offic.
183 703 204 734 i.
226 706 274 736 12.
296 710 401 736 seam
416 705 484 735 dies
500 715 577 735 cum
589 705 695 736 hoste.

113 745 240 778 Status.
256 749 360 780 subst.
385 758 438 789 ap.
460 748 608 779 rhetnres
625 748 704 788 quid
731 749 800 780 sit?

69 789 159 820 unde
177 790 324 822 dicatur:
361 802 480 832 nempe
497 802 515 822 e
531 802 565 823 re
595 791 802 831 gladiatoria.

67 832 133 864 vid.
155 833 240 875 Top.
267 837 320 866 24.
344 840 451 867 status
482 835 516 865 iu
542 845 576 866 re
605 835 802 874 gladiatoria

66 875 156 907 idem
181 884 245 916 est,
276 879 332 918 qui
355 878 488 918 gradus»,
512 877 552 909 de
582 888 649 918 quo
679 889 800 919 supra:

65 919 155 950 unde
174 921 224 952 hae
251 921 424 953 formulae:
448 922 506 953 Or.
521 925 574 956 37.
598 922 739 960 dejicere
760 923 800 954 de

63 966 158 994 statu
183 965 383 996 adversarios
398 978 404 996 :
430 965 462 996 h.
479 975 507 996 e.
524 966 656 996 vincere
673 966 799 998 advers.

65 1005 189 1038 Caecin.
211 1011 260 1040 15.
282 1009 343 1047 vis,
360 1019 434 1048 quae
456 1009 634 1040 formidine
646 1010 797 1041 animum

64 1051 282 1090 perterritum
294 1050 368 1082 loco
383 1062 472 1093 saepe
488 1058 523 1082 et
546 1058 638 1083 certo
654 1053 694 1083 de
708 1059 799 1084 statu

63 1091 238 1126 demovet:
264 1095 298 1126 11.
314 1106 343 1126 e.
360 1097 409 1127 ita
425 1096 609 1137 perturbat,
626 1103 665 1127 ut
681 1107 799 1138 propo-

61 1135 165 1168 situm
181 1140 348 1179 persequi,
371 1146 406 1170 et
433 1141 657 1171 constantiam
675 1142 798 1171 retine-

65 1189 101 1210 re
119 1190 185 1212 non
201 1184 318 1222 possit.
335 1193 365 1214 v.
393 1184 429 1214 P.
460 1183 561 1214 Faber
588 1183 629 1214 ad
652 1183 685 1214 11.
711 1184 733 1214 l.
764 1190 798 1215 et

61 1222 278 1257 Passeratius.
302 1226 437 1258 Cluent.
467 1230 521 1259 38.
545 1227 586 1258 de
615 1232 705 1258 statu
735 1237 796 1259 suo

60 1266 249 1299 declinare:
275 1269 308 1300 b.
325 1280 354 1300 e.
378 1271 578 1302 constantia.
601 1270 694 1304 Verr.
713 1272 746 1302 ii.
763 1275 794 1303 4.

59 1309 265 1344 deducerent
279 1313 320 1344 de
337 1315 413 1345 vitae
429 1324 511 1345 meze
523 1319 611 1345 statu
625 1327 634 1344 .·
659 1315 691 1345 h.
709 1325 738 1344 e.
753 1315 793 1345 de

57 1354 136 1385 vitae
162 1357 305 1395 ratione,
329 1368 430 1397 quam
453 1359 607 1396 inieram,
627 1359 711 1389 etin
729 1369 794 1398 qna

57 1407 254 1437 permanere
279 1401 502 1439 decreveram,
527 1411 647 1442 nempe
672 1408 711 1432 nt
737 1402 793 1432 de-

54 1440 227 1474 fenderem
257 1454 343 1482 reos,
364 1454 431 1476 non
459 1455 650 1476 accusarem
676 1456 792 1485 quem-

54 1494 168 1524 quam.
190 1487 290 1518 Dom.
319 1491 367 1520 18.
388 1493 492 1520 status
521 1488 630 1530 (reip.)
656 1499 792 1520 convcr-

54 1528 115 1559 sio.
159 1528 206 1560 Et
220 1532 378 1570 quoniam
401 1543 419 1562 e
441 1537 531 1562 statu
556 1533 700 1562 maxime
717 1543 791 1572 spe-

55 1575 194 1603 ctantur
227 1574 440 1614 gladiatores,
467 1576 556 1615 iique
582 1582 617 1606 et
651 1576 788 1615 milites,

56 1614 157 1654 quam
173 1616 231 1648 diu
247 1623 373 1649 statum
391 1619 558 1657 obtinent,
578 1620 707 1650 tamdiu
724 1621 788 1650 sal-

52 1659 85 1689 vi
113 1663 217 1699 sunt;
255 1666 430 1702 propterea
457 1667 563 1694 status
590 1664 715 1694 dicitur
746 1664 786 1694 de

52 1704 230 1735 commoda
253 1715 364 1736 rerum
387 1706 577 1737 conditione
605 1712 641 1737 et
666 1706 786 1738 salute.

52 1745 145 1776 Sext.
176 1750 204 1778 1.
230 1749 347 1780 offerre
370 1749 514 1780 salutem
543 1751 577 1780 in
607 1751 785 1781 discrimen

53 1799 113 1828 pro
127 1795 218 1822 statu
233 1793 387 1823 civitatis.
413 1793 495 1824 Sull.
512 1795 564 1824 92.
589 1798 693 1825 status
705 1795 785 1834 reip.

49 1834 198 1864 maxime
223 1836 390 1875 *judicatis
436 1838 534 1868 rebus
580 1838 784 1868 continetur.

47 1875 148 1907 Tusc.
165 1878 212 1908 iii.
238 1882 270 1913 7.
294 1884 329 1910 et
357 1880 640 1920 quemadmodum
666 1880 782 1912 oculus

48 1921 348 1954 conturbatus-et
362 1924 496 1963 reliquae
506 1930 616 1964 partes
631 1929 781 1955 totumve

47 1973 169 2004 corpus
182 1969 271 1996 statu
288 1976 364 1996 cum
380 1972 431 1998 est
447 1973 590 2005 motum,
607 1968 699 1998 deest
711 1969 782 1998 offi-

46 2007 98 2037 010
113 2017 175 2038 suo
190 2014 225 2039 et
237 2011 379 2040 muneri.
402 2011 538 2042 Dicitur
547 2015 662 2042 tamen
677 2012 779 2043 etiam

46 2060 107 2090 pro
134 2052 324 2083 conditione
350 2060 385 2084 et
412 2055 539 2085 ratione
567 2054 707 2092 alicujus
732 2057 780 2086 rei

43 2093 254 2135 simpliciter.
279 2097 320 2127 ad
336 2097 411 2128 Div.
425 2098 468 2128 ix.
486 2098 516 2129 6.
539 2098 597 2128 sed
613 2098 675 2129 hoe
691 2099 780 2130 vide-

43 2137 115 2169 rint
130 2138 166 2176 ii,
183 2141 239 2178 qui
257 2139 351 2171 nulla
365 2141 426 2171 sibi
441 2141 587 2172 subsidia
605 2142 646 2172 ad
662 2152 778 2173 omnes

44 2181 121 2212 vitae
136 2187 242 2213 status
256 2186 325 2225 (np-
341 2190 375 2215 et
387 2184 550 2216 secundos
566 2191 601 2216 ct
610 2185 774 2225 adversos)

43 2232 257 2264 paraverunt.
304 2227 417 2265 Porro,
435 2229 593 2267 quoniam
619 2229 653 2259 in
682 2235 774 2261 statu

43 2268 191 2300 militum
221 2270 310 2301 inest
340 2272 480 2302 firmitas
510 2278 544 2302 ct
572 2274 775 2312 constantia,

40 2317 217 2352 propterea
230 2316 332 2345 statui
347 2316 527 2356 opponitur
551 2320 586 2346 et
608 2316 776 2348 interitus.

42 2354 114 2386 Pin.
143 2357 190 2387 iii.
219 2360 249 2389 5.
272 2358 384 2398 *Agn
406 2361 426 2388 i.
453 2362 478 2389 1.
504 2359 600 2389 urbes
632 2365 772 2399 pacatae,

39 2399 110 2438 agri
123 2401 303 2439 sociorum,
321 2412 437 2440 regum
460 2407 565 2432 status
581 2403 776 2434 decemviris

40 2441 262 2475 donabantur.
286 2446 304 2464 *f
322 2446 380 2475 Est
397 2446 499 2475 etiam
527 2446 662 2476 verbum
673 2447 773 2485 juris,

39 2495 104 2525 quo
119 2487 264 2518 conditio
290 2488 465 2519 hominum
485 2489 589 2519 civilis
604 2490 772 2529 significa-

38 2532 109 2567 tur,
138 2531 267 2562 ratione
298 2532 476 2570 libertatis,
504 2537 619 2563 utrum
651 2543 771 2574 nempe

36 2571 154 2612 aliquis
187 2584 298 2606 servus
335 2586 377 2606 an
416 2576 509 2613 liber,
542 2586 638 2616 porro
676 2575 772 2615 liber,

37 2619 152 2647 utrum
170 2617 334 2658 ingenuus
351 2629 392 2649 an
418 2620 606 2657 libertinus,
623 2619 769 2651 libertini

37 2657 193 2698 denique,
210 2665 322 2693 utrum
338 2664 424 2693 cives
447 2663 602 2700 Romani,
617 2672 660 2693 an
677 2663 770 2694 Lati—

35 2701 85 2739 ni,
99 2711 142 2732 an
159 2703 300 2736 dedititii
316 2719 322 2735 :
359 2706 399 2737 de
416 2717 480 2746 quo
502 2713 553 2736 est
569 2707 602 2736 in
620 2707 769 2745 Digestis

36 2743 78 2774 de
99 2749 190 2776 statu
205 2746 390 2780 hominum.
436 2750 498 2780 Sed
525 2750 693 2789 significat
714 2760 768 2790 ap.

35 2785 230 2821 Ciceronem
255 2793 356 2823 etiam
383 2794 609 2824 conditionem
636 2793 766 2824 civilem

34 2828 136 2870 hanc,
156 2842 222 2872 qua
237 2836 309 2873 quis
324 2840 376 2866 est
389 2843 447 2868 aut
465 2837 625 2877 plebeius,
641 2840 700 2867 aut
711 2846 768 2877 pa-

35 2874 163 2909 tricius.
186 2875 267 2919 Leg.
289 2879 309 2909 i.
335 2882 368 2914 7.
390 2880 479 2920 quod
504 2881 541 2914 in
571 2881 764 2919 civitatibus

1518 92 1604 138 437

862 183 995 214 ratione
1010 185 1168 224 quadam,
1186 188 1226 219 de
1241 199 1305 228 qna
1332 189 1463 222 dicetur
1478 191 1597 223 idoneo

859 224 945 262 1000,
979 229 1212 266 agitationibus
1242 233 1443 265 familiarum
1475 235 1593 266 ‹listin-

855 274 1009 308 guuntur
1022 275 1126 302 status
1142 274 1201 304 &c.
1244 275 1328 306 Nam
1346 287 1461 308 omnes
1477 280 1590 317 agnati

856 318 936 343 sunt
961 313 1110 352 ejusdem
1137 315 1284 355 familiae,
1309 320 1456 360 adeoque
1485 322 1589 352 etiam

855 365 973 386 omnes
990 362 1050 387 aut
1072 357 1190 397 plebeii
1207 367 1266 391 aut
1282 365 1423 401 patricii.
1448 374 1476 394 v.
1502 376 1531 395 0.
1552 366 1587 396 111

855 403 954 438 gente
972 399 1112 431 Claudia
1127 404 1360 441 agnationibus
1375 407 1587 447 distinguun-

852 447 910 473 tur
939 443 1144 475 familiarum
1171 450 1275 476 status
1306 448 1365 484 ita,
1397 455 1435 480 ut
1465 461 1585 482 omnes

855 485 1091 518 Marcellorum
1106 489 1220 527 agnati
1246 490 1314 520 sint
1337 491 1466 530 plebeii,
1497 495 1586 534 quod

853 539 893 559 ea
906 530 1033 561 familia
1047 531 1175 572 plebeia
1185 535 1248 570 est,
1260 543 1376 563 omnes
1389 541 1499 566 autem
1516 539 1585 577 Ap-

851 573 982 613 piorum
1011 579 1045 605 et
1070 575 1262 607 Pulerorum
1294 579 1405 616 agnati
1438 580 1582 618 patricii,

851 617 929 655 quia
945 617 1015 647 haee
1032 618 1159 649 familia
1174 620 1314 660 patricia
1329 628 1390 651 est.
1416 620 1531 661 ltaque
1546 624 1581 654 in

847 661 1003 698 gentibus
1022 662 1054 692 in
1078 661 1189 702 plures
1216 663 1359 694 familias
1382 664 1580 704 distributis,

847 713 968 742 easque
997 710 1032 734 et
1063 705 1206 744 plebeias
1237 713 1272 737 et
1302 708 1471 747 patricias,
1502 719 1580 740 cum

846 747 991 786 primum
1007 749 1088 786 scio,
1105 750 1198 787 eujus
1214 750 1257 780 sit
1271 754 1426 790 agnatus,
1454 752 1581 783 intelli-

845 799 888 828 go
902 791 1105 830 patriciusne
1131 793 1188 830 sit,
1203 803 1246 823 an
1271 794 1430 834 plebeius.
1466 795 1485 814 ¹*
1499 795 1579 836 Agr.

845 833 866 863 i.
887 837 912 864 1.
936 839 1039 865 status
1051 845 1166 875 regum
1179 836 1301 867 dicitur
1310 837 1505 870 decemviris
1520 840 1579 870 do-

846 878 930 913 nari,
949 878 969 907 i.
985 888 1014 908 e.
1031 879 1274 920 conditio‚jus‚
1286 891 1376 920 opes.

887 920 1056 959 Stellatus,
1083 924 1118 952 in
1141 923 1254 954 stellas
1282 924 1420 962 relatus,
1435 924 1576 957 Tuscul.

842 973 871 993 v.
902 967 933 995 3.
966 967 1114 996 stellatus
1141 967 1292 1007 Cepheus
1322 968 1468 999 traditur
1494 979 1574 1000 cum

843 1017 955 1038 uxore.

883 1049 1059 1090 Steiilitas,
1075 1051 1114 1082 de
1131 1062 1183 1091 eo,
1199 1054 1287 1093 quod
1313 1064 1380 1085 non
1404 1055 1499 1093 vitio,
1516 1056 1574 1087 sed

840 1098 961 1124 natura
976 1104 1036 1125 sua
1049 1105 1164 1135 parere
1177 1107 1243 1128 non
1257 1102 1378 1138 potest.
1395 1099 1471 1130 Div.
1485 1099 1506 1129 i.
1523 1102 1573 1130 18.

840 1137 933 1168 mula
951 1140 1099 1179 peperit:
1125 1140 1223 1171 soetus
1240 1142 1353 1172 extitit
1370 1142 1405 1172 in
1420 1143 1575 1174 sterilita-

839 1185 1021 1213 tenaturax.

881 1225 1037 1264 Sterlere,
1056 1226 1282 1267 negligentem
1298 1238 1368 1258 esse
1393 1228 1428 1259 in
1450 1239 1484 1259 re
1513 1229 1574 1260 ali-

836 1278 912 1307 qua,
931 1279 998 1300 11011
1010 1270 1131 1307 facere,
1148 1281 1222 1310 quae
1238 1271 1389 1303 debebas.
1403 1273 1508 1304 Attic.
1524 1273 1566 1304 iv.

835 1314 866 1343 3.
890 1311 1069 1344 Marcellus
1099 1314 1293 1346 candidatus
1325 1316 1374 1347 ita
1401 1316 1570 1355 stertebat,

837 1359 873 1385 ut
888 1365 950 1395 ego
965 1357 1092 1387 vicinus
1107 1357 1269 1389 audirem.

880 1398 1091 1438 Stigmatias,
1107 1411 1219 1433 servus
1242 1402 1415 1442 fugitivus,
1430 1403 1518 1434 notis
1535 1404 1570 1434 in

833 1441 944 1473 fronte
961 1450 1197 1484 compunctus,
1227 1456 1302 1486 quae
1331 1447 1493 1486 stigmata
1519 1447 1570 1478 di-

836 1491 972 1517 cuntur.
997 1487 1060 1517 Off.
1079 1488 1113 1518 ii.
1131 1492 1162 1523 7.

877 1529 990 1567 stilla,
1008 1536 1117 1570 gutta.
1142 1532 1270 1563 Fin.iii.
1292 1535 1340 1563 14.
1366 1533 1483 1564 interit
1499 1543 1572 1564 ma-

832 1574 1008 1613 gnitudine
1025 1575 1124 1605 maris
1140 1575 1244 1615 AEgaei
1259 1578 1349 1607 stilla
1365 1578 1496 1608 muriae.

875 1616 992 1655 Salus,
1010 1617 1141 1649 dicendi
1158 1628 1274 1658 genus.
1303 1620 1398 1650 Brut.
1422 1623 1477 1652 45.
1511 1622 1569 1652 sti·

831 1662 882 1690 Ius
896 1661 1041 1692 Atticus.
1064 1662 1142 1692 ibid.
1161 1673 1189 1693 e.
1205 1664 1257 1694 26.
1275 1663 1364 1694 idem
1387 1673 1487 1694 sonus
1515 1669 1567 1696 est

829 1705 1002 1742 orationis,
1028 1710 1063 1735 et
1090 1706 1178 1736 idem
1202 1708 1306 1738 stilus.
1337 1707 1567 1738 *exercitatio

827 1748 1003 1779 scribendi.
1026 1750 1084 1779 Or.
1115 1750 1147 1779 ii.
1175 1752 1228 1781 23.
1252 1750 1287 1782 in
1310 1760 1444 1781 summa
1469 1751 1568 1782 uber·

827 1795 898 1821 tate
930 1792 1018 1822 inest
1043 1792 1190 1826 luxuries
1221 1793 1387 1832 quaedam,
1404 1803 1479 1834 quae
1493 1796 1566 1826 stilo

829 1834 1040 1875 depascenda
1056 1842 1118 1866 est.

872 1878 1065 1916 Stimulare,
1089 1889 1225 1919 angere,
1241 1880 1431 1920 inquietum
1448 1881 1565 1912 redde-

825 1931 871 1952 re.
894 1925 963 1952 Att.
981 1923 1023 1952 ix.
1045 1926 1093 1954 15.
1117 1933 1312 1963 congressus
1329 1924 1428 1963 hujus
1443 1926 1565 1961 §timu—

823 1967 882 1996 [αἱ.
901 1966 978 1996 ibid.
996 1966 1051 1998 xii.
1069 1969 1116 1998 13.
1133 1976 1186 1997 me
1200 1967 1270 1997 liaec
1286 1967 1431 1998 solitudo
1449 1968 1559 1999 minus

820 2011 980 2040 stimulat.
1020 2010 1062 2041 cf.
1095 2011 1164 2041 xiii.
1189 2012 1240 2042 2¹3.
1278 2012 1297 2029 '¹‘
1312 2011 1495 2051 impellere.
1518 2011 1562 2042 ad

822 2053 898 2083 Div.
914 2053 961 2083 iii.
991 2055 1039 2084 1⁶2.
1064 2063 1143 2084 nam
1161 2058 1200 2084 nt
1214 2057 1313 2084 antea
1333 2054 1487 2086 simultas
1504 2065 1558 2086 me

820 2097 1024 2134 stimulabat,
1038 2103 1075 2127 ut
1093 2107 1256 2127 caverem.

865 2139 1037 2171 stimulus.
1061 2140 1198 2172 Tuscul.
1226 2141 1259 2171 ii.
1283 2143 1335 2175 27.
1357 2143 1484 2172 stimuli
1499 2141 1558 2172 do-

817 2183 907 2214 loris.

862 2227 1052 2267 StMguere,
1069 2228 1296 2267 exstinguere.
1314 2228 1347 2257 in
1364 2227 1456 2261 Arat.
1472 2227 1534 2259 bis.

861 2271 1013 2312 stipatio,
1028 2272 1221 2302 comitatus.
1252 2270 1336 2302 Sull.
1354 2273 1407 2303 23.
1431 2271 1555 2303 Autro-

818 2315 865 2345 nii
881 2316 1104 2352 concursatio,
1115 2316 1256 2354 stipatio,

861 2358 1112 2399 Stipendiarius.
1135 2358 1229 2388 Vcrr.
1247 2358 1293 2388 iii.
1311 2358 1342 2389 6.
1367 2358 1456 2388 inter
1467 2359 1550 2388 Siei-

814 2402 895 2431 liam
923 2406 1114 2440 ceterasque
1132 2402 1316 2441 provincias
1343 2402 1376 2431 in
1393 2411 1549 2440 agrorum

815 2445 1028 2485 vectigalium
1056 2446 1183 2475 ratione
1207 2444 1269 2474 hoc
1294 2446 1444 2483 interest,
1462 2445 1551 2484 quod

815 2490 934 2519 ceteris
959 2494 1018 2519 aut
1035 2490 1175 2527 vectigal
1190 2488 1386 2528 impositum
1409 2492 1462 2519 est
1477 2498 1549 2518 eer-

811 2537 899 2568 tum,
916 2532 1003 2571 quod
1013 2533 1261 2571 stipendiariam
1273 2531 1408 2569 dicitur,
1416 2536 1456 2562 ut
1471 2532 1550 2562 His-

813 2576 908 2615 panis
925 2582 960 2606 et
972 2575 1137 2616 plerisque
1153 2575 1344 2613 Poeuorum,
1361 2579 1421 2605 aut
1433 2584 1549 2605 censo-

811 2620 860 2648 ria
871 2618 992 2651 locatio
1004 2619 1199 2655 constituta,
1215 2622 1254 2648 ut
1268 2618 1353 2649 Asiae
1366 2619 1439 2658 lege
1453 2619 1547 2650 Sem-

813 2663 930 2702 pronia
943 2674 949 2691 :
964 2661 1110 2692 Siciliam
1122 2662 1215 2692 sicin
1232 2662 1415 2692 amicitiam
1430 2661 1547 2692 fideni-

810 2716 874 2744 que
899 2706 1097 2745 recepimus,
1121 2709 1159 2735 ut
1186 2704 1302 2735 codem
1320 2706 1399 2744 jure
1421 2711 1546 2742 essent,

811 2758 877 2787 quo
900 2749 1043 2779 fuissent
1069 2749 1128 2779 &c.
1151 2747 1246 2779 Balb.
1271 2753 1302 2783 9.
1327 2759 1405 2779 nam
1431 2753 1466 2779 et
1489 2749 1546 2778 sti-

803 2792 993 2831 pendiarios
1021 2802 1061 2822 ex
1086 2791 1210 2829 Africa,
1240 2791 1364 2830 Sicilia,
1381 2792 1545 2830 Sardinia,

811 2836 930 2866 ceteris
947 2835 1137 2876 provinciis,
1154 2835 1277 2866 multos
1294 2836 1428 2866 civitate
1445 2835 1546 2864 dona-

808 2884 860 2910 tos
877 2878 1038 2910 videmus.
1064 2879 1122 2912 &c.
1154 2879 1202 2914 Ex
1218 2879 1290 2913 loco
1305 2878 1409 2911 altero
1425 2877 1547 2909 intelli-

846 2921 899 2957 111
921 2925 940 2957 3
