1800 3131
153 140 231 181 188

144 240 265 275 tudine
302 249 370 272 non
407 241 487 275 satis
524 243 692 274 convenit.
729 243 886 275 Volusius

146 284 331 315 Maecianus
350 288 385 315 et
400 286 516 315 Festus
533 286 689 318 tribuunt
704 290 757 319 48.
775 293 886 318 sexta-

146 329 222 359 rios.
255 328 297 358 ad
323 329 400 360 Div.
428 329 483 359 xii.
513 332 561 361 15.
593 336 643 361 est
669 333 883 371 amphoram,-

146 371 236 411 quod
253 371 308 402 alii
330 372 447 402 dicunt
463 382 533 402 esse
555 383 615 413 pro
637 377 884 414 amphorarum.

145 415 212 446 vid.
229 415 363 446 Manut.
386 416 566 454 Victorius,
580 417 714 448 formari
733 419 773 448 ab
790 420 886 458 ἀμφο-

146 457 217 502 ςιῦς.
250 459 412 489 Similiter
439 459 523 490 Plin.
549 461 592 490 H.
609 462 650 492 N.
670 463 783 493 1122.
816 471 885 490 nna-

146 502 288 542 gnitudo
315 504 451 533 navium
479 504 521 533 ad
544 508 597 534 ter
622 505 728 534 millia
752 506 884 545 ampho-

145 555 234 578 rum.
251 546 307 576 ubi
325 547 388 576 vid.
405 547 569 577 Harduin.

189 590 306 630 Ample
336 590 455 620 dicere.
489 591 585 620 Brut.
616 593 668 621 55.
703 591 737 620 in
764 600 884 629 genere

148 634 327 674 magnifico
344 638 378 663 ct
394 634 540 664 sublimi.

190 678 383 717 Ampleclor.
406 678 506 707 Tusc.
534 677 570 707 ii.
600 680 649 707 13.
676 677 764 716 quod
792 676 881 707 idem

147 721 318 752 interdum
338 721 470 750 virtutis
493 720 628 750 nomine
642 723 881 760 amplectimur.

147 765 170 795 i.
181 775 209 795 e.
221 764 452 804 exprimimus,
462 764 884 804 significamus.*conplecti

147 809 289 839 dicimus
322 817 390 844 eos,
417 817 498 845 quos
529 808 621 838 omni
648 809 777 838 ratione
806 808 885 838 coli-

148 861 236 889 mus,
272 851 457 889 quibusque
495 851 680 882 studemus.
718 851 792 882 Mil.
831 854 883 886 27.

147 895 300 936 amplecti
328 893 473 933 plebem,
505 894 592 933 quod
622 895 753 926 faciunt
780 906 884 935 popu-

145 939 242 969 lares.
283 937 367 967 Phil.
399 938 452 968 vii.
488 941 518 969 8.
556 940 707 978 amplecti
742 941 882 978 equites.

147 983 189 1012 ad
214 981 290 1012 Div.
320 981 362 1011 iv.
390 984 419 1012 8.
453 983 606 1021 amplecti
633 982 823 1014 nobilitates
850 988 885 1013 et

147 1026 330 1065 dignitates
367 1024 554 1054 hominum.
601 1025 664 1064 Qu.
691 1026 741 1056 Fr.
773 1027 805 1057 ii.
835 1029 883 1057 12.

145 1074 258 1100 totum
298 1068 442 1108 aliquem
481 1071 642 1109 amplecti.
692 1069 798 1100 Fiat-c.
835 1073 884 1101 18.

147 1114 299 1154 amplecti
328 1123 432 1152 remp.
464 1119 515 1142 cst
546 1113 702 1153 ambigue
729 1114 882 1153 dictum;

145 1167 224 1188 nam
249 1162 299 1185 est
319 1166 434 1186 curare
459 1166 563 1196 remp.
586 1157 682 1195 cique
699 1157 884 1196 consulere,

145 1206 180 1235 et
209 1201 386 1240 pecuniam
418 1199 586 1239 publicam
617 1201 659 1230 ad
689 1210 723 1230 se
757 1212 883 1242 rapere.

144 1245 164 1264 ²*
179 1243 327 1283 laudare,
352 1244 501 1284 probare.
536 1244 618 1274 Phil.
643 1255 673 1274 x.
698 1248 728 1275 4.
760 1249 882 1286 ample-

144 1290 188 1324 cti
212 1288 385 1324 virtutem.
421 1287 524 1318 *Ate
549 1289 605 1318 xii.
630 1291 682 1319 35.
708 1290 884 1328 cogitatio-

147 1342 226 1363 nem
249 1336 323 1362 toto
346 1335 481 1372 pectore
504 1333 663 1371 amplecti.
691 1332 710 1350 ²*
724 1333 822 1364 Catil.
841 1335 883 1364 ir.

145 1379 177 1407 4.
202 1375 340 1405 Caesaris
356 1375 525 1404 sententia
541 1378 751 1415 conplectitur
766 1387 882 1408 omnes

146 1419 346 1450 acerbitates
392 1424 579 1449 ceterorum
628 1419 881 1460 suppliciorum.

146 1463 274 1493 *Rosa
292 1463 386 1492 Com.
407 1464 455 1493 12.
473 1463 632 1501 quodego
643 1470 881 1503 argumentum

147 1507 298 1547 pluribus
320 1506 427 1535 verbis
451 1509 674 1546 amplecterer,
692 1508 719 1537 si
736 1518 802 1538 non
819 1509 884 1539 alia

146 1551 289 1580 certiora
306 1554 341 1580 et
365 1549 505 1580 clariora
518 1551 715 1580 testimonia
730 1551 764 1581 in
782 1563 882 1583 causa

142 1594 312 1624 haberem.

188 1639 394 1678 Amplexari,
411 1637 559 1675 laudare,
574 1639 723 1678 probare.
757 1639 831 1670 Fin.
848 1641 883 1671 ii.

146 1686 178 1717 9.
216 1682 426 1722 voluptatem
456 1684 642 1722 amplewari
672 1693 758 1722 saepe
786 1684 883 1714 vehe-

145 1722 317 1756 mentius.'
329 1725 429 1755 Acad.
448 1726 469 1755 i.
486 1730 516 1760 9.
540 1726 679 1766 species,
693 1737 773 1765 quas
791 1728 880 1758 miri-

146 1770 209 1799 nce
225 1769 320 1800 Plato
336 1774 408 1799 erat
423 1771 640 1808 (landemarus.
664 1769 683 1788 *
695 1770 883 1802 defendere.

145 1813 235 1844 Mur.
253 1816 305 1844 38.
328 1814 514 1853 amplexari
528 1814 647 1843 otium.

189 1857 371 1897 Amplc'are.
410 1856 503 1886 Verr.
534 1857 555 1886 i.
587 1862 618 1892 9.
656 1860 707 1887 est
742 1857 879 1887 verbum

144 1901 289 1938 forense,
303 1900 391 1939 quod
401 1900 724 1939 significanjudices
742 1910 808 1930 non
826 1902 881 1931 de-

146 1954 294 1982 cernere,
309 1944 368 1974 sed
383 1945 621 1984 pronunciasse
641 1946 792 1984 amplias.
817 1945 881 1976 vid.

144 1989 306 2028 Amplius.
329 1988 417 2018 unde
440 1989 619 2027 amplialio.
646 1988 792 2019 formula
810 1999 881 2019 am-

138 2033 271 2072 pliandi
288 2038 359 2062 erat
374 2044 380 2061 z
405 2031 482 2061 Non
500 2032 618 2070 liquet.

187 2075 400 2116 Amplq'fi'care
422 2085 504 2105 rem.
529 2075 568 2105 de
592 2075 648 2105 Or.
672 2076 718 2105 iii.
744 2076 796 2106 ⁶26.
830 2080 881 2106 est

144 2129 214 2150 rem
239 2119 378 2149 dicendo
402 2124 462 2148 aut
486 2120 645 2157 majorem
663 2123 723 2149 aut
740 2119 882 2150 deterio-

143 2172 215 2193 rem
232 2163 340 2193 facere
357 2173 416 2203 pro
433 2162 570 2192 consilio
587 2163 737 2193 oratoris.
757 2163 835 2194 hinc

188 2207 419 2247 Amplficalio.
449 2206 565 2236 partit.
597 2210 644 2238 15.
676 2212 726 2236 est
751 2207 882 2245 gravior

144 2251 296 2289 quaedam
321 2251 511 2288 affirmatio,
535 2260 609 2289 quae
634 2254 729 2280 motu
752 2251 880 2280 animo-

144 2304 219 2324 rum
237 2294 395 2324 conciliat
412 2294 445 2323 in
461 2294 601 2323 (licendo
619 2294 731 2324 fidem.

186 2338 376 2378 Amplitudo
391 2338 506 2367 aniini.
539 2338 640 2368 Tusc.
658 2338 689 2367 ii.
707 2338 759 2368 26.
791 2337 880 2367 *ho-

144 2382 275 2411 minum
300 2382 481 2421 amplitudo
504 2381 543 2411 de
564 2391 630 2420 qua
645 2391 732 2420 saepe
751 2380 879 2417 Cicero,

142 2425 250 2454 oritur
277 2435 315 2455 ex
342 2426 507 2464 potentia,
532 2430 592 2455 aut
618 2426 793 2465 majestate
821 2430 880 2455 aut

143 2469 257 2508 copiis.
274 2479 303 2498 v.
320 2469 359 2498 (10
379 2469 447 2499 Inv.
464 2469 497 2498 ii.
515 2472 567 2500 55.

186 2513 347 2551 Amplius.
384 2512 477 2542 Verr.
509 2513 530 2542 i.
566 2514 617 2546 ⁶29.
657 2512 880 2552 pronunciare

143 2557 297 2595 amplias.
321 2566 365 2585 so.
390 2566 458 2585 rem
477 2566 547 2585 esse
565 2556 829 2595 cognoscendam
846 2562 881 2585 et

143 2599 404 2629 deliberandam.
417 2600 458 2629 cf.
477 2599 570 2630 Brut.
589 2602 640 2631 22².
657 2610 686 2629 ν.
698 2600 879 2638 Ampliare.

185 2643 252 2679 An,
269 2649 429 2682 sequente
447 2653 513 2673 non
535 2653 576 2673 ne
598 2643 764 2673 redundat
779 2642 880 2674 Arch.

147 2689 195 2718 152.
644 2698 646 2700 ’

184 2730 393 2768 Anagvostes.
414 2739 540 2766 servus,
559 2730 614 2770 qui
639 2730 728 2759 inter
746 2739 880 2759 coenan-

141 2773 221 2803 dum
239 2773 364 2812 aliquid
380 2773 472 2812 legit.
498 2774 569 2803 Att.
587 2774 608 2804 i.
629 2776 676 2805 12.
701 2773 743 2803 ad
759 2774 834 2804 Div.
848 2783 878 2802 v.

183 2861 386 2899 Amqvffsf-us.
400 2860 456 2889 Or.
468 2860 519 2889 56.
533 2859 809 2900 Aristophaneus,
823 2870 879 2899 ge-

142 2914 205 2934 nus
220 2914 390 2939 versuum,
408 2903 550 2939 dictum,
568 2904 655 2942 qnod
672 2914 710 2933 eo
726 2913 805 2933 usus
828 2908 880 2933 cst

141 2948 292 2988 inprimis
319 2947 569 2987 Aristophanes.
601 2947 689 2978 *Oia
717 2947 770 2978 56.
794 2957 878 2978 ana-

671 153 818 182 INDEX
847 153 1146 183 LATINITATIS.

924 249 1040 285 poesla.
1072 244 1171 275 Tuse.
1198 244 1245 275 iii.
1270 245 1322 275 ⁶24.
1354 242 1436 275 illud
1461 250 1664 287 anapaestum

932 289 1029 328 regis.
1047 289 1067 318 i.
1081 299 1110 318 e.
1125 298 1259 318 carmen
1272 289 1514 328 anapoestz'cum.
1538 290 1664 321 Defen-

931 332 1017 362 dunt
1033 337 1150 362 eontra
1164 331 1365 362 Lambinum
1388 332 1542 363 Davisius
1565 334 1607 364 ad
1629 334 1662 364 h.

929 375 951 406 1.
967 381 1001 405 et
1018 375 1251 406 Heinsterhus.
1267 375 1308 406 ad
1332 375 1472 406 Lucian.
1493 376 1664 408 Prometh.

930 423 956 448 t.
974 420 995 448 i.
1012 429 1044 458 p.
1062 421 1113 450 32.

973 463 1210 493 Auatoctsmus.
1236 472 1345 493 usurae
1371 472 1561 493 usurarum.
1591 462 1664 495 Att.

930 515 959 535 v.
986 507 1037 535 ⁶21.
1061 508 1279 537 anatocismus
1304 506 1562 543 anniversarius,
1585 517 1664 538 cum

930 548 1106 579 solvuntur
1130 560 1238 580 usurae
1263 560 1451 587 usurarum,
1467 549 1525 580 sed
1548 559 1665 581 earum

930 596 1079 628 tantum,
1097 603 1169 631 quae
1186 593 1325 632 singulis
1342 594 1436 623 annis
1452 593 1571 623 solutae
1583 597 1666 624 sunt

929 645 989 675 pro
1015 640 1116 672 sorte,
1144 645 1210 666 non
1237 647 1296 676 pro
1323 638 1441 667 usuris.
1475 637 1664 676 Tamquam

929 679 956 708 si
981 679 1052 718 quis
1077 679 1219 718 accipiat
1243 680 1332 710 mille
1360 681 1560 710 florenorum
1584 690 1664 710 usu-

928 732 998 754 ram
1024 732 1082 762 pro
1106 730 1207 761 sorte,
1232 724 1473 754 anniversarius
1505 725 1664 754 anatocis-

929 776 1001 796 mus
1033 772 1095 803 est,
1127 777 1202 796 011111
1232 772 1364 806 postero
1396 777 1496 804 anno,
1525 768 1663 807 adjectis

929 809 1019 839 mille
1045 810 1172 840 florenis
1198 810 1239 839 ad
1266 817 1379 850 caput,
1406 811 1585 849 capiuntur
1611 814 1664 842 50.

928 853 1043 883 floreni
1081 853 1238 893 amplius,
1280 857 1386 891 10503
1427 854 1528 888 tertio
1568 857 1664 892 1100,

928 901 1047 935 quarto
1081 900 1172 928 1150.
1203 898 1262 927 810.
1292 897 1387 927 nulla
1417 901 1531 926 autem
1560 907 1664 928 usura.

929 940 1067 970 solvitur
1090 951 1177 970 aimo
1200 941 1301 971 tertio
1325 951 1383 981 pro
1407 940 1471 970 illis
1493 943 1545 971 50.
1570 941 1666 973 {lore-

929 984 993 1021 nis,
1012 984 1066 1022 qui
1091 984 1132 1014 ad
1155 990 1256 1024 caput
1281 995 1339 1024 pro
1360 984 1469 1014 usuris
1485 993 1664 1015 usurarum

913 1034 1147 1059 accesserant.
1172 1027 1260 1058 Hinc
1278 1028 1318 1058 vi.
1336 1031 1366 1059 3.
1392 1028 1597 1065 centesimis,
1613 1038 1664 1058 re-

930 1076 1051 1101 novato
1069 1072 1102 1100 111
1114 1071 1261 1109 singulos
1274 1081 1376 1101 annos
1390 1071 1513 1101 foenore
1526 1076 1666 1102 conten-

929 1119 984 1144 tus
1003 1124 1069 1144 non
1086 1114 1162 1144 fuit.
1182 1115 1262 1144 item
1278 1125 1330 1155 ep.
1351 1119 1377 1146 l.
1399 1115 1591 1145 centesimae
1614 1125 1665 1151 re-

930 1164 1059 1188 novatae
1076 1159 1266 1197 quotannis.

972 1202 1106 1242 Anceps.
1145 1201 1202 1231 Or.
1234 1202 1280 1232 iii.
1311 1203 1363 1232 36.
1402 1202 1463 1232 viae
1493 1203 1662 1241 ancipites,

927 1250 1006 1275 sunt
1022 1246 1167 1275 rationes
1183 1245 1455 1275 Academicorum
1478 1246 1511 1275 in
1536 1252 1665 1276 utram-

927 1299 990 1328 que
1019 1295 1147 1328 partem
1172 1289 1211 1319 de
1235 1299 1268 1318 re
1293 1289 1495 1328 disputandi.
1519 1289 1559 1319 de
1582 1290 1663 1320 Nat.

927 1333 959 1362 D
984 1333 1004 1362 i.
1017 1336 1070 1366 37.
1094 1334 1248 1372 ancipites
1260 1333 1387 1370 bestiae,
1401 1338 1480 1362 suut
1493 1333 1664 1372 geminam

928 1381 1084 1406 naturam
1103 1376 1273 1407 habentes.

969 1421 1155 1450 Amlabala.
1184 1420 1225 1450 atl
1250 1420 1326 1450 Div.
1354 1420 1410 1450 vii.
1429 1423 1478 1451 10.
1506 1430 1605 1459 quern
1622 1430 1665 1451 ne

926 1464 1133 1495 Andabatam
1158 1464 1291 1503 quidem
1317 1464 1511 1494 defraudare
1534 1469 1666 1504 potera-

928 1517 1014 1537 mus.
1055 1508 1116 1538 Est
1153 1517 1258 1546 genus
1297 1507 1534 1546 gladiatorum,
1576 1507 1665 1546 quod

928 1562 968 1580 ex
994 1552 1086 1590 cquis
1112 1551 1206 1590 galea
1231 1551 1377 1580 frontem
1403 1551 1582 1590 oculosque
1612 1555 1665 1581 te-

927 1599 1020 1625 ctum
1059 1596 1242 1634 pugnabat.
1277 1594 1316 1624 de
1349 1604 1413 1633 quo
1447 1604 1567 1634 genere
1598 1594 1665 1625 vid.

928 1637 1019 1678 Lips.
1037 1638 1171 1668 Satura.
1189 1639 1293 1668 Serm.
1311 1639 1345 1668 ii.
1366 1640 1415 1670 12.

972 1683 1138 1721 Aug-ulus.
1170 1682 1249 1712 Nat.
1266 1682 1310 1712 D.
1327 1682 1360 1712 ii.
1381 1685 1430 1712 18.
1455 1680 1539 1711 nihil
1555 1691 1665 1721 angu-

930 1727 970 1756 lis
990 1726 1143 1756 incisum.

973 1770 1136 1808 Angetsle,
1152 1769 1317 1806 tenuiter,
1340 1768 1485 1806 exiliter,
1503 1767 1666 1799 Dialecti-

928 1823 1043 1843 corum
1054 1823 1155 1842 more.
1169 1813 1258 1843 Part.
1274 1815 1326 1843 40.
1339 1817 1479 1851 anguste
1492 1812 1666 1851 disserere,

928 1861 966 1886 ut
982 1856 1160 1887 Dialectici
1177 1857 1232 1895 qui
1250 1856 1475 1896 appellantur.
1497 1856 1594 1886 Brut.
1611 1858 1664 1887 84.

927 1904 1068 1939 anguste
1094 1900 1214 1930 dicere.
1238 1901 1316 1930 Nat.
1345 1901 1388 1930 D.
1413 1900 1446 1929 ii.
1471 1903 1501 1931 8.
1524 1904 1667 1938 anguste

929 1943 1141 1981 concludere,
1171 1944 1210 1973 de
1241 1943 1418 1974 subtilibus
1445 1947 1480 1973 et
1509 1943 1663 1973 brevibus

925 1988 1123 2018 ratiunculis
1153 1988 1352 2017 Stoicorum.
1385 1987 1474 2017 Mur.
1502 1989 1550 2017 13.
1581 1986 1666 2017 nihil

927 2035 977 2060 est
1000 2037 1070 2061 tam
1095 2035 1234 2070 anguste
1254 2031 1430 2070 scriptum.
1447 2031 1488 2060 (10
1511 2029 1664 2060 formulis

925 2074 1100 2104 actorum.
1128 2074 1258 2104 *Tusa
1274 2085 1304 2104 v.
1324 2078 1375 2105 31.
1405 2074 1526 2104 habere
1547 2083 1581 2104 se
1603 2083 1666 2105 an-

923 2120 1068 2157 gustius,
1086 2119 1106 2148 i.
1123 2129 1152 2149 e.
1170 2117 1321 2158 pluribus
1336 2117 1591 2148 difficultatibus
1606 2127 1664 2148 ur-

927 2172 1008 2201 gei-1.

967 2206 1142 2244 Angustia..
1172 2206 1268 2236 Brut.
1290 2208 1345 2239 47.
1371 2205 1435 2235 nisi
1462 2205 1497 2234 in
1524 2214 1580 2234 eas
1603 2213 1664 2235 an-

922 2251 1050 2288 gustias
1082 2250 1254 2290 petitionis
1291 2248 1476 2285 incidisset,
1507 2258 1580 2287 quae
1616 2257 1663 2279 se.

924 2293 1017 2322 fuere
1040 2293 1248 2332 temporibus
1274 2292 1446 2329 Marianis,
1463 2302 1540 2321 cum
1563 2291 1663 2332 pauci

925 2336 967 2366 ad
985 2336 1205 2366 Consulatum
1222 2336 1392 2375 pervenire
1411 2340 1557 2375 possent,
1574 2334 1664 2373 quod

924 2380 1051 2410 Marius
1066 2381 1096 2410 ei
1108 2389 1240 2419 semper
1250 2380 1448 2409 imminebat
1463 2379 1522 2408 &c.
1551 2378 1570 2396 ²*
1581 2378 1662 2408 Nat.

924 2423 967 2454 D.
987 2424 1019 2454 ii.
1038 2427 1068 2454 8.
1099 2425 1258 2463 angustia
1281 2422 1503 2452 conclusionis
1527 2431 1595 2451 non
1612 2421 1662 2457 fa-

925 2467 986 2497 cile
1003 2478 1037 2497 se
1054 2472 1198 2497 tutatur.
1219 2467 1240 2496 i.
1262 2477 1290 2496 e.
1311 2466 1490 2502 subtilitas,
1507 2465 1663 2495 brevitas.

924 2521 953 2540 v.
970 2516 1119 2550 anguste.
1143 2511 1162 2529 *-
1174 2510 1238 2540 Pis.
1258 2513 1305 2540 11.
1327 2510 1490 2548 angustiae
1503 2509 1662 2549 pectoris,

923 2555 1123 2585 tribuuntur
1133 2554 1261 2584 homini
1274 2553 1407 2590 humili,
1420 2552 1562 2592 abjecto,
1573 2556 1664 2584 tam-

927 2608 1026 2638 quam
1044 2598 1168 2635 invido,
1187 2607 1284 2627 avaro
1301 2598 1360 2626 Rc.

967 2643 1146 2681 Anguslas.
1164 2640 1380 2680 periculosus,
1397 2640 1509 2669 miser.
1526 2638 1567 2669 ad
1582 2639 1661 2670 Div.

924 2696 955 2715 x.
976 2686 1024 2716 16.
1050 2687 1082 2715 in
1101 2685 1198 2715 rebus
1214 2690 1285 2714 tam
1302 2684 1420 2714 subitis
1438 2688 1538 2721 atque
1553 2692 1663 2720 angu-

923 2731 991 2759 stis.
1017 2728 1196 2765 *humma
1215 2727 1374 2766 abjectus.
1398 2726 1470 2756 Fin.
1487 2726 1508 2756 i.
1530 2729 1579 2756 18.
1604 2726 1665 2755 ho-

927 2773 1032 2803 mines
1050 2772 1173 2802 minuti
1191 2776 1225 2801 et
1236 2772 1381 2810 angusti.
1398 2772 1416 2790 ²*
1431 2770 1577 2807 subtilis,
1595 2769 1664 2799 exi-

923 2815 977 2853 lis,
988 2817 1137 2855 jejunus.
1154 2816 1211 2845 Or.
1226 2814 1259 2844 ii.
1282 2817 1330 2845 14.
1347 2818 1497 2852 angusta>
1514 2813 1665 2852 disputa-

923 2860 1045 2890 tiones.
1069 2859 1087 2877 *
1101 2858 1203 2889 Acad.
1220 2858 1242 2888 i.
1264 2860 1311 2889 lo.
1337 2867 1412 2887 cum
1432 2867 1472 2886 ea
1486 2855 1664 2886 contrahe-

924 2909 1012 2939 rent,
1034 2903 1068 2932 in
1091 2906 1333 2941 angustamque
1356 2900 1575 2939 deducerent,
1592 2899 1613 2930 i.
1630 2908 1661 2929 e.

924 2946 1062 2977 modum
1079 2945 1306 2977 adhibendum
1324 2944 1485 2975 dicerent.
