1804 3178
638 127 800 158 th'nRx
836 127 1148 158 alst-omens.

138 218 207 248 tur.
228 214 295 247 off.
313 215 334 247 i.
352 217 405 252 99.
423 213 705 257 apophtheg-mata
726 214 869 253 collegit.

137 258 198 290 or.
212 258 234 289 i.
249 261 299 290 53.
313 260 386 298 ejus
400 259 562 297 Origines.
572 257 654 287 dixit
668 258 701 287 in
716 258 782 297 Qu.
798 259 871 287 Ser-

138 301 232 340 ‘ium
247 301 399 332 Galbam.
415 302 509 332 Brut.
525 303 571 330 15.
591 301 636 329 lb'.
656 302 702 333 Π.
716 301 784 339 ejus
798 309 871 330 ora-

138 343 286 374 tionibus
313 343 513 383 antiquiores
537 351 604 372 non
625 343 779 378 extitere,
801 341 870 372 lau-

137 384 271 417 dantur.
294 387 360 418 Off.
386 387 405 416 i.
426 388 477 417 23.
501 384 736 423 Carthaginem
759 383 869 414 dclcn-

137 424 216 458 dam
230 429 358 465 suadet,
372 429 406 458 in
427 438 492 466 quo
507 432 539 458 et
555 427 677 457 mortui
693 426 796 457 valuit
814 437 871 457 au—

135 470 284 501 ctoritas.
294 471 335 502 ad
346 471 419 501 Div.
436 470 476 500 iv.
489 469 631 501 &filium
641 479 770 499 summo
781 469 871 508 inge-

137 512 195 542 nio
205 517 240 543 et
249 514 371 544 virtute
389 513 510 543 amisit.
533 513 629 543 Brut.
648 514 700 542 ι20.
719 512 868 548 excessit,

136 563 242 584 annos
252 558 303 586 85.
321 561 428 587 natus.
446 555 562 585 Livius
575 555 680 584 xxxix.
703 558 756 585 40.
769 564 869 584 nona-

133 597 275 634 gen-mio
283 596 551 638 umjoremsucae't,
567 598 648 627 alios
661 600 809 627 auctores
823 607 870 627 se-

135 643 243 669 cutus.
257 649 288 671 υ.
304 641 348 671 ibi
362 640 531 672 Drakenb.
549 641 710 670 laudatur
714 640 870 679 plurimis

137 680 215 712 locis
227 680 298 722 ejus
311 692 439 719 nomen,
454 688 491 712 nt
510 682 580 712 lnv.
598 683 618 712 i.
635 685 666 713 4.
682 683 757 712 Div.
774 682 795 712 i.
820 685 867 714 15.

135 722 172 754 ii.
188 725 240 755 24.
263 724 330 756 Off.
351 725 372 755 i.
398 728 444 755 11.
469 725 501 755 ii.
525 727 576 755 25.
597 727 656 756 ὄις.
677 724 812 756 Tirones
826 726 868 755 le-

132 770 222 805 gant
235 768 339 798 locum
356 767 446 798 Livii
460 769 515 797 cit.

177 807 229 840 Μ.
249 809 340 847 Cato,
350 809 400 840 M.
408 811 461 848 ῙίΙ.
475 809 514 840 de
526 809 591 840 Off.
608 809 628 839 i.
646 811 694 838 11.
704 810 755 840 23.
768 809 802 839 in
814 818 868 839 ex-

135 851 242 882 ercitu
260 852 412 893 Pompilii
430 853 462 883 in
486 851 622 891 Liguria
643 851 708 881 tiro
732 850 866 882 militat.

136 892 354 925 Macedonico
383 894 470 925 bello
501 893 666 924 interfuit.
699 893 764 924 vid.
793 894 868 924 Plu-

135 935 242 966 tarch.
265 937 299 967 in
323 937 458 968 AEmilio
482 936 607 967 Paullo.
623 935 664 967 ad
679 935 757 967 Div.
776 937 819 968 iv.
837 937 867 967 6.

135 983 230 1018 patre
245 979 318 1009 η’νο
330 979 423 1009 obiit.
436 979 601 1009 laudatur.

177 1020 227 1050 M.
245 1019 336 1058 Cato,
351 1021 401 1052 M.
419 1021 456 1052 F.
472 1021 519 1052 M.
537 1021 583 1051 N.
599 1020 638 1051 de
654 1019 719 1051 off.
735 1021 781 1051 iii.
801 1021 849 1052 16.

177 1062 228 1093 M.
258 1062 348 1101 Chlo,
368 1063 417 1094 M.
442 1063 478 1094 F.
502 1064 551 1094 M.
575 1063 623 1093 Ν.
645 1062 694 1093 Μ.
716 1063 867 1095 PRON.

135 1103 226 1136 Mur.
242 1107 274 1137 2.
294 1111 426 1137 accusat
442 1105 480 1136 L.
503 1106 689 1136 Murenam.
713 1105 813 1137 Dom.
835 1109 865 1138 8.

136 1146 224 1178 bello
248 1147 368 1189 Cyprio
391 1149 572 1189 pra-ficitur
593 1148 664 1187 lege
687 1147 814 1185 Clodia,
828 1154 867 1180 nt

135 1189 176 1220 de
193 1199 261 1231 rep.
277 1190 495 1231 ablegaretur.
507 1191 578 1221 Att.
591 1191 611 1221 i.
632 1192 678 1220 14.
693 1189 868 1221 vehemen-

135 1237 190 1263 ter
203 1237 321 1264 contra
335 1233 372 1264 P.
387 1233 538 1264 Clodium
550 1233 589 1263 de
604 1232 761 1271 religione
775 1242 867 1264 reum

135 1275 218 1314 agit.
234 1273 355 1316 (κηρίον.
369 1286 421 1316 ep.
441 1278 488 1306 13.
505 1275 545 1306 ad
562 1275 638 1306 Div.
654 1275 675 1305 i.
691 1279 721 1309 9.
737 1275 868 1306 Cicero-

135 1317 170 1347 ni
187 1317 322 1348 invidet.
339 1318 405 1349 viii.
426 1321 474 1348 11.
487 1318 668 1349 honorifice
682 1316 813 1347 loeutus
827 1317 867 1349 de

136 1359 309 1396 Cicerone,
326 1360 601 1401 supplicationem
621 1369 688 1390 non
708 1359 866 1391 decernit.

135 1401 208 1432 Att.
224 1412 254 1432 x.
274 1403 322 1434 16.
368 1403 514 1434 Siciliam
532 1407 645 1433 tenere
661 1411 728 1431 non
743 1406 866 1442 potest,

135 1443 171 1474 in
194 1453 294 1484 quam
311 1445 428 1476 missus
444 1445 566 1482 fuerat,
583 1454 658 1475 cum
674 1449 788 1474 tenere
809 1454 867 1485 po-

134 1486 264 1517 tuisset.
281 1486 321 1518 dc
336 1487 414 1518 Div.
431 1488 452 1518 i.
468 1490 520 1518 32.
536 1486 636 1517 homo
649 1486 777 1523 doctus,
794 1496 866 1527 per-

133 1531 281 1559 terretur
300 1529 457 1560 vaticinio
482 1529 651 1567 cujusdam
671 1528 793 1559 Rhodii
818 1539 866 1560 re-

135 1571 244 1611 migis.
259 1571 325 1602 Off.
340 1571 362 1603 i.
378 1574 431 1603 31.
447 1572 482 1602 in
493 1571 604 1602 Africa
618 1571 738 1603 Caesari
753 1580 786 1601 se
799 1581 866 1603 non

132 1613 281 1644 tradidit.
295 1614 422 1646 deDiv.
433 1615 454 1644 i.
468 1617 516 1645 14.
527 1613 676 1654 quaedam
689 1623 766 1644 eum
775 1613 866 1644 sefel-

133 1653 257 1687 lerunt.
273 1656 345 1688 Fin.
362 1657 408 1687 iii.
433 1659 464 1688 ⁶2.
481 1656 610 1697 legendi
632 1656 779 1687 aviditas.
795 1656 862 1688 Off.

134 1697 157 1728 i.
173 1699 225 1729 31.
238 1698 280 1729 ad
292 1699 516 1730 incredibilem
529 1709 550 1730 a
563 1703 683 1730 natura
697 1698 803 1729 factus
815 1704 864 1730 est

133 1740 353 1772 severitatem.
387 1741 544 1773 Paradox.
567 1741 588 1771 i.
608 1742 680 1772 coll.
698 1741 786 1771 Mur.
808 1743 861 1776 29.

133 1783 299 1822 perfectus
324 1784 466 1821 Stoicus,
489 1794 528 1815 ea
552 1783 668 1820 sentit,
697 1793 771 1823 quae
797 1793 865 1814 non

134 1825 319 1865 probantur
339 1827 374 1857 in
397 1826 525 1866 vulgus.
541 1827 598 1858 Or.
620 1828 668 1856 10.
684 1825 760 1857 Div.
781 1826 815 1856 ii.
836 1829 863 1857 1.

133 1865 175 1897 de
191 1867 263 1907 ejus
277 1868 428 1900 laudibus
445 1870 558 1900 scribit
577 1869 703 1900 Cicero.
719 1868 790 1898 Att.
806 1868 862 1900 xii.

133 1910 186 1940 41.
201 1911 338 1943 Caesaris
353 1911 436 1942 liber
449 1918 567 1943 contra
582 1913 757 1944 Catonem.

175 1951 224 1993 ‚Q-
251 1953 412 1984 lstttatius
441 1953 592 1991 Catulus,
617 1953 662 1984 N.
691 1953 735 1983 D.
763 1953 784 1983 i.
809 1955 863 1985 98.

133 1999 224 2024 amat
269 1995 425 2026 Roscium
467 2006 620 2036 puerum,
660 1995 862 2036 municipem

133 2043 242 2067 suum.
257 2038 329 2078 ejus
343 2038 378 2068 in
393 2038 549 2069 Roscium
563 2038 778 2080 epigramma.

173 2077 218 2120 ‚Q-
245 2079 395 2118 Catulus,
413 2081 458 2122 Q.
484 2081 522 2111 F.
539 2081 637 2112 Font.
666 2083 712 2111 15.
736 2079 864 2119 legatus

132 2119 169 2151 in
182 2120 270 2152 bello
289 2122 391 2154 civili.
435 2122 581 2154 Scientia
597 2131 720 2162 magna
743 2122 788 2152 rei
803 2122 864 2152 mi-

132 2161 249 2195 litatis.
266 2164 356 2197 Mur.
388 2168 438 2199 17.
468 2165 613 2196 vincitur
640 2165 674 2195 in
701 2164 864 2205 petitione

131 2205 323 2238 consulatus
345 2218 365 2239 a
386 2208 450 2238 Cn.
474 2207 615 2238 Manlio.
639 2207 669 2238 T
671 2216 738 2237 use.
755 2217 786 2238 v.
815 2210 861 2241 19.

131 2256 225 2287 paene
238 2248 323 2280 alter
332 2249 466 2281 Laelius.
481 2259 557 2280 cum
572 2261 611 2280 vo
627 2249 752 2280 Marius
764 2248 863 2280 colle-

132 2299 174 2328 ga
196 2290 369 2323 Cimbricae
391 2292 538 2323 victoriae
556 2293 696 2332 gloriam
715 2301 863 2322 commu-

132 2332 233 2364 nicat.
261 2334 362 2366 Dom.
375 2337 427 2366 38.
437 2335 601 2375 porticum
617 2336 651 2366 in
665 2343 739 2364 area
754 2333 863 2365 Flacci

131 2372 172 2405 de
193 2377 357 2408 manubiis
380 2377 553 2408 Cimbricis
581 2377 672 2409 fecit.
700 2385 771 2415 quoe
787 2376 864 2407 inde

125 2418 285 2457 porticus,
313 2423 345 2450 et
371 2424 620 2450 monumentum
652 2419 761 2450 Catuli
783 2427 864 2458 saepe

130 2458 264 2491 dicitur.
288 2461 402 2492 ¹Orat.
424 2461 471 2492 iii.
494 2464 526 2493 3.
551 2473 571 2493 a
593 2462 700 2493 Mario
725 2461 863 2500 proscri-

130 2505 208 2541 ptus
217 2511 251 2534 se
262 2504 330 2544 ipse
339 2503 510 2535 interficit.
529 2504 625 2535 Brut.
639 2506 691 2535 35.
700 2502 816 2533 doctus
829 2508 863 2534 et

129 2543 284 2582 disertus,
300 2546 431 2586 scripsit
445 2546 486 2577 de
501 2546 677 2577 consulatu
695 2554 754 2575 suo
775 2550 809 2575 et
823 2545 862 2576 de

130 2586 227 2617 rebus
241 2588 342 2627 gestis
356 2588 397 2619 ad
411 2588 451 2620 Α.
476 2587 611 2619 Furium
634 2591 782 2629 poetam,
798 2587 864 2618 Xe-

130 2628 322 2669 nophonteo
343 2640 462 2670 genere
484 2631 655 2662 sermonis.
678 2629 742 2660 Off.
765 2629 786 2660 i.
811 2632 863 2664 37.

128 2671 292 2711 exquisito
307 2672 433 2712 judicio
455 2673 564 2704 utitur
580 2674 762 2704 literarum.
785 2671 863 2702 ibid.

130 2711 152 2742 i.
169 2715 223 2744 30.
244 2713 279 2745 in
291 2714 498 2747 sermonibus
514 2716 662 2755 quamvis
675 2717 863 2755 praepotens

128 2760 228 2794 esset,
244 2766 328 2787 unus
342 2757 383 2788 de
397 2757 513 2788 multis
526 2757 709 2788 videbatur.

171 2796 217 2838 Ω.
237 2797 386 2837 Catulus‚
401 2799 444 2841 Ω.
464 2799 499 2830 F.
515 2799 559 2841 ρ.
572 2799 619 2830 N.
637 2799 736 2830 Catil.
750 2799 796 2829 iii.
815 2800 863 2829 10.

128 2837 282 2871 dissentit
297 2841 423 2872 Consul
439 2841 619 2881 (octxxv.)
633 2842 788 2880 acollega
802 2840 865 2872 Le-

152 2880 218 2919 ido,
230 2881 287 2922 qui
299 2887 376 2915 acta
383 2883 485 2915 Sullae
493 2883 707 2915 rescindenda
714 2883 864 2925 putabat.

158 2922 224 2957 alb.
246 2927 296 2959 17.
311 2931 428 2958 auctor
442 2931 492 2958 est
507 2936 584 2958 cum
600 2926 724 2967 Lepido
736 2925 865 2959 foederis

1583 122 1635 160 81

918 213 1080 244 Marciani
1094 212 1322 244 confirmandi.
1340 212 1430 243 Verr.
1444 215 1486 244 iv.
1500 218 1550 246 31.
1574 216 1637 247 Ca-

915 255 1068 295 pitolium
1081 255 1252 291 dedicavit,
1263 255 1348 285 undo
1361 257 1430 293 ejus
1442 267 1637 288 monumen-

914 303 986 328 tum
1004 298 1134 327 dicitur.
1160 298 1222 326 Pis.
1246 301 1275 326 21.
1299 298 1488 327 Ciceronem
1512 307 1637 338 patrem

915 341 1026 379 patria·
1044 339 1252 379 pronunciat.
1271 339 1335 369 Off.
1352 339 1372 368 i.
1389 342 1438 369 92¹.
1464 342 1525 370 (jn.
1544 342 1638 372 Pom-

914 382 987 422 peio
1003 382 1247 422 parjudicatum,
1268 382 1348 411 Ωιι-Ι.
1365 384 1415 414 29.
1430 381 1533 420 lege-u.
1547 383 1585 412 dc
1607 385 1636 413 vi

912 424 989 454 tulit
1006 430 1039 454 ct
1054 425 1176 464 quare?
1201 423 1241 453 ad
1258 423 1331 453 niv.
1350 424 1391 453 ix.
1412 426 1457 453 15.
1475 426 1541 462 eins
1561 435 1638 455 con-

912 468 1047 497 stantia.
1077 466 1194 497 Manil.
1230 468 1275 498 17.
1302 467 1353 496 ⁶20.
1387 465 1464 502 Legi
1493 466 1637 497 Mannlioe

914 510 1046 539 resistit.
1095 509 1244 539 Ceterum
1272 509 1423 547 pluribus
1456 510 1531 538 ediis
1565 511 1639 539 locis

911 553 1127 582 nominantur
1149 556 1177 581 et
1195 554 1295 590 pater
1313 555 1344 580 et
1353 550 1463 590 filius,
1478 551 1510 580 in
1526 552 1640 590 quibus

899 592 1011 633 jhc-ite
1026 595 1112 625 ratio
1131 599 1313 633 temporum
1336 601 1509 631 agnoscere
1529 603 1639 633 quem-

911 647 972 676 que
984 638 1116 667 docebit.

959 679 992 709 C.
1021 679 1199 714 (oudinus,
1230 676 1363 707 Cluent.
1399 679 1451 708 38.
1488 678 1639 709 Senator.

910 721 1237 761 cog-nomenfamilioe
1254 720 1416 750 Cornelioe.

956 764 999 794 L.
1020 765 1152 794 Caulius
1163 763 1314 801 Mergus,
1327 761 1461 792 Cluent.
1476 763 1528 792 38.
1541 763 1639 793 Sena·

910 809 975 835 tor.

958 848 1101 888 (kemps,
1117 847 1196 886 Leg.
1212 847 1244 876 ii.
1259 849 1311 878 ί25.
1330 848 1389 877 &c.

958 890 1059 927 Celer,
1075 891 1145 920 Att.
1162 901 1192 920 x.
1212 892 1236 919 1.
1252 888 1390 920 disertus
1407 890 1523 929 magis,
1539 900 1637 930 qnam

910 934 1050 973 sapiens,
1067 933 1191 963 amicus
1208 931 1324 969 Attici,
1339 941 1402 962 uon
1424 931 1468 972 Q.
1486 933 1640 964 Metellus

915 975 1016 1006 caeter.

951 1018 995 1059 Q.
1025 1017 1125 1054 Celer,
1141 1018 1211 1048 An.
1229 1017 1269 1047 vi.
1286 1019 1316 1046 3.
1339 1015 1420 1054 Ejus
1437 1017 1542 1046 oratio
1560 1028 1638 1049 con-

909 1064 962 1090 tra
977 1061 1024 1090 M.
1040 1060 1225 1091 Servilium.
1239 1059 1301 1089 vid.
1319 1059 1352 1088 in
1367 1058 1532 1089 Metellus.

957 1102 992 1133 C.
1021 1104 1224 1139 Censorinus,
1247 1102 1343 1133 Brut.
1369 1102 1418 1134 67.
1441 1100 1555 1132 Graece
1581 1103 1638 1133 do-

909 1148 995 1181 ctus,
1011 1145 1162 1175 inimicus
1177 1145 1250 1175 sori.

953 1187 995 1218 L.
1017 1187 1220 1224 Ceusminus,
1236 1187 1330 1217 Brut.
1349 1187 1400 1218 ⁶27.
1420 1184 1519 1216 Acad.
1537 1187 1570 1217 ii.
1585 1189 1638 1218 352.

910 1229 1034 1260 Consul
1052 1239 1127 1260 cum
1152 1228 1303 1260 Manilio.
1327 1228 1423 1258 Brut.
1439 1231 1493 1260 90.
1517 1229 1640 1260 Orator

910 1270 996 1302 bello
1019 1271 1106 1302 civili
1133 1271 1270 1302 Sullano
1293 1269 1400 1312 periit.
1425 1279 1455 1299 v.
1482 1270 1522 1302 L.
1547 1271 1636 1302 Mar-

909 1323 990 1345 cius.

956 1356 1159 1393 Censorinus,
1188 1355 1274 1386 Phil.
1308 1356 1350 1386 xi.
1377 1358 1408 1386 5.
1433 1354 1472 1385 dc
1500 1354 1637 1385 Antonii

909 1399 1067 1439 partibus.

956 1441 1150 1477 Centaurus,
1166 1440 1245 1471 Nat.
1261 1440 1303 1471 D.
1320 1441 1354 1471 ii.
1370 1443 1421 1471 44.
1436 1440 1534 1470 sidus.

956 1485 1150 1521 sentam-us,
1165 1483 1241 1514 Div.
1256 1483 1276 1513 i.
1290 1485 1343 1514 43.
1358 1483 1392 1513 in
1407 1482 1585 1523 Capitolio,
1597 1481 1636 1513 de

908 1526 990 1556 coelo
1005 1527 1099 1557 ictus.

955 1568 987 1599 C.
1009 1568 1116 1604 Cento,
1132 1568 1226 1598 Orat.
1243 1568 1274 1598 ii.
1287 1570 1339 1602 71.
1355 1566 1507 1597 dissuasit
1529 1566 1636 1606 legem

909 1610 1068 1642 Cinciam.
1082 1620 1256 1649 cognomen
1259 1609 1408 1650 familioe
1426 1609 1582 1639 Claudioe.

949 1652 997 1684 M.
1027 1654 1193 1694 Cepan'us,
1216 1652 1257 1683 ad
1280 1652 1355 1683 Div.
1378 1651 1421 1681 ix.
1444 1653 1495 1683 23.
1520 1661 1549 1681 ν.
1570 1651 1636 1682 Coe-

901 1704 1033 1735 pao-ms.

955 1737 1091 1779 Cepasii,
1108 1737 1239 1769 Cluent.
1254 1740 1306 1768 ⁶20.
1323 1737 1452 1773 fratres,
1465 1735 1632 1766 Oratores.

907 1790 936 1810 v.
958 1780 1102 1821 chmsii.

955 1823 1118 1864 Cephalio,
1132 1822 1200 1853 Att.
1218 1821 1270 1851 vii.
1285 1823 1337 1853 25.
1350 1821 1435 1851 forte
1451 1829 1561 1850 servus
1574 1820 1636 1850 At-

906 1865 976 1896 tici.

954 1908 1125 1947 Cephalus,
1150 1906 1222 1937 Att.
1256 1905 1299 1936 iv.
1331 1905 1377 1935 }6.
1413 1903 1636 1942 Atheniensis,

907 1950 962 1989 qui
979 1950 1145 1980 inducitur
1161 1949 1194 1979 in
1210 1947 1357 1978 Platonis
1372 1946 1519 1986 πολιτείᾳ.

954 1993 1105 2032 CeplteuS,
1121 1992 1202 2022 Nat.
1223 1990 1266 2021 D.
1289 1990 1322 2019 ii.
1341 1993 1393 2020 43.
1416 1989 1515 2019 sidus.
1536 1989 1636 2020 Tusc.

907 2045 938 2066 ν.
956 2038 988 2066 3.
1004 2045 1078 2065 cum
1101 2043 1216 2070 uxore,
1232 2041 1353 2072 genero
1375 2036 1408 2062 et
1426 2031 1494 2062 filia
1508 2032 1542 2062 in
1556 2031 1636 2062 stel-

907 2076 955 2108 las
968 2077 1101 2108 relatus.

955 2120 1098 2159 Cere-ops,
1121 2118 1165 2149 N.
1195 2117 1238 2148 D.
1263 2116 1285 2146 i.
1311 2118 1362 2147 38.
1387 2115 1635 2156 Pythagoricus,

906 2163 958 2192 cni
985 2160 1191 2202 Pythagoraei
1216 2168 1347 2189 carmen
1371 2158 1552 2198 Orphicum
1577 2159 1636 2188 tri-

907 2204 1062 2235 buebant.
1110 2202 1164 2235 De
1183 2204 1244 2232 hac
1259 2211 1295 2231 re
1316 2211 1346 2231 v.
1376 2200 1520 2231 Clemens
1540 2201 1635 2232 Alex.

907 2247 1031 2277 Strom.
1047 2247 1070 2277 l.
1093 2246 1114 2276 i.
1131 2255 1161 2285 p.
1177 2247 1250 2275 333.
1273 2249 1304 2274 et
1323 2242 1444 2273 Suidas
1458 2243 1493 2271 iu
1506 2242 1634 2286 Ὀρφεύς.

951 2289 994 2320 P.
1018 2289 1161 2324 Cervius,
1176 2287 1269 2317 Verr.
1286 2296 1315 2316 v.
1330 2288 1382 2316 44.
1406 2284 1532 2324 legatus
1557 2287 1636 2317 ver-

907 2341 961 2362 rus.

953 2373 1101 2404 &senius
1112 2372 1228 2407 Lento,
1240 2370 1322 2401 Phil.
1333 2369 1389 2399 xii.
1399 2372 1431 2403 9.
1442 2369 1572 2410 Septem
1578 2370 1636 2401 vir.

953 2415 986 2447 C.
1009 2416 1167 2451 Cestilius,
1189 2415 1222 2444 in
1242 2414 1321 2443 Scn.
1346 2422 1377 2452 p.
1401 2411 1497 2443 redit.
1513 2416 1542 2443 8.
1559 2412 1635 2444 trib.

906 2457 950 2499 pl.
965 2458 999 2488 P.
1016 2457 1158 2488 Lentulo
1173 2455 1350 2497 Spinthere
1365 2453 1440 2484 Cos.

953 2501 987 2531 C.
1007 2500 1140 2535 Cestius,
1155 2509 1187 2529 v.
1209 2497 1353 2529 (bestius.

953 2542 1123 2581 aehegm,
1146 2545 1192 2571 ese
1215 2549 1391 2579 cognomen
1406 2537 1557 2579 familioe
1578 2547 1635 2569 cu-

896 2583 1038 2626 jusdam
1054 2584 1275 2614 Lentulorum
1290 2591 1306 2611 e
1318 2585 1417 2620 gente
1437 2581 1598 2611 Cornelia.

953 2627 1123 2666 Cethegus,
1146 2625 1230 2656 Sull.
1256 2626 1305 2656 25.
1339 2622 1516 2654 Metellum
1540 2622 1636 2653 Pium

906 2669 1058 2700 vulnerat
1080 2669 1114 2698 in
1137 2667 1308 2708 Hispania.
1324 2666 1358 2696 in
1373 2666 1487 2696 Senat.
1505 2675 1537 2704 p.
1553 2664 1634 2696 Red.

905 2715 938 2743 4.
953 2716 1003 2741 est
1016 2710 1230 2741 consobrinus
1253 2708 1292 2740 L.
1317 2707 1441 2739 Pisonis
1457 2706 1636 2737 Caesonini.

906 2753 1006 2784 Catil.
1029 2753 1075 2784 iii.
1097 2755 1128 2784 3.
1166 2751 1321 2783 Catilinae
1343 2750 1448 2781 socius
1471 2749 1506 2779 in
1521 2750 1636 2789 conju-

906 2795 1045 2828 ratione.

948 2838 997 2869 M.
1028 2836 1199 2875 Cethegus,
1228 2835 1276 2866 M.
1305 2834 1342 2866 F.
1366 2833 1405 2865 de
1428 2834 1558 2864 Senect.
1587 2835 1634 2864 14.

906 2879 1023 2912 Suadae
1057 2878 1203 2910 medulla
1229 2878 1337 2909 dictus
1367 2881 1418 2907 est
1445 2876 1487 2906 ab
1512 2875 1634 2906 Ennio.

906 2923 1009 2956 etiam
1024 2929 1122 2954 senex
1138 2921 1172 2953 in
1188 2920 1325 2952 dicendo
1346 2918 1581 2951 studiosissimo
1600 2925 1639 2948 se.

955 2973 979 2994 ο
