1800 3131
141 129 220 177 178

185 229 317 260 Acerbe.
346 228 441 260 Verr.
463 229 498 260 ii.
520 232 570 264 19.
593 231 705 260 acerbe
728 229 870 271 diripere

142 274 241 304 bona.
275 273 309 304 h.
338 283 367 303 e.
397 275 446 304 ita
467 278 508 303 ut
533 273 618 303 nihil
647 273 869 313 relinquatur.

142 317 245 348 Tusc.
262 318 283 348 i.
301 320 354 352 39.
379 318 419 347 ab
443 317 505 346 hoc
528 318 672 349 acerbius
687 319 799 358 exegit
815 328 873 348 na-

143 366 235 397 tura,
263 360 353 400 quod
377 360 524 391 dederat.
556 360 641 392 Phil.
662 362 684 392 i.
707 365 737 392 5.
761 364 872 393 acerbe

145 405 288 444 cogebar
312 405 347 434 in
373 409 550 434 senatum:
586 405 608 435 i.
632 415 662 435 e.
690 405 735 442 vi,
761 406 872 436 minis.

143 448 217 479 Att.
233 449 277 478 xi.
296 451 323 478 1.
346 449 546 479 acerbissime
561 449 704 479 afflictor
719 448 759 479 de
775 449 872 479 rebus

144 491 348 522 domesticis.

187 535 365 566 Acerbitas.
397 535 439 565 ad
461 536 501 576 Ω.
519 535 570 565 Fr.
589 535 610 565 i.
630 538 657 565 1.
681 538 728 566 13.
750 536 873 566 acerbi—

145 583 197 609 tas
221 584 364 617 naturoe,
383 579 423 609 de
451 578 633 609 iracundia.
661 578 799 608 *nimia
822 589 873 609 se-

145 623 279 653 veritas.
312 622 352 652 de
376 624 454 654 Sen.
482 626 530 653 13.
553 623 774 652 Severitatem
798 633 874 662 pro-

143 666 441 697 bo—-acerbitatem
463 665 556 695 nullo
578 665 688 695 modo.
718 665 872 697 *odium.

145 710 211 740 Off.
241 711 263 741 i.
294 712 347 742 25.
386 709 546 740 dissensio
577 709 648 738 sine
686 710 871 740 acerbitate.

145 752 241 784 Verr.
266 754 308 784 iv.
324 757 376 784 30.
401 761 524 783 nomen
547 752 624 781 odio
646 756 681 782 et
703 753 875 784 acerbitati

148 802 211 828 est.
242 796 420 832 ¹'‘miseria,
448 795 632 826 calamitas.
666 795 708 826 ad
733 797 808 827 Div.
840 797 874 827 ii.

150 842 201 872 16.
225 842 383 871 acerbitas
413 840 484 869 haec
517 839 672 869 omnibus
702 839 874 880 impende-

146 894 182 915 re
214 884 357 914 videtur.
402 883 481 913 ibid.
511 884 719 914 acerbitatem
751 893 771 913 a
803 895 872 925 rep.

147 927 284 969 privatis
307 927 528 957 incommodis
555 926 729 957 redimere.
761 927 874 959 Plane.

146 973 200 1002 42.
224 972 414 1001 acerbitates
429 980 525 1007 meae,
542 969 581 999 de
599 969 708 1000 exilio.
730 971 876 1001 *crude-

146 1014 234 1045 litaS.
268 1014 363 1045 Verr.
389 1015 411 1044 i.
440 1017 492 1047 27.
526 1014 561 1043 in
590 1018 689 1044 tanta
715 1015 746 1044 vi
775 1019 875 1054 atque

146 1059 322 1089 acerbitate
337 1059 469 1088 versari.
498 1056 598 1087 Arch.
619 1059 668 1087 12.
695 1057 734 1087 de
752 1059 877 1098 judici-

145 1101 221 1138 bus,
237 1102 293 1140 qui
312 1102 528 1131 innocentem
546 1105 581 1130 et
597 1100 774 1140 indignum
799 1112 878 1132 con-

146 1145 321 1175 demnant.
352 1145 435 1175 Phil.
451 1145 507 1175 xii.
528 1147 577 1175 11.
601 1145 695 1184 cujus
719 1147 878 1177 acerbitas

147 1198 279 1219 morum
294 1189 554 1227 immanitasque
570 1193 713 1220 naturae.

188 1233 343 1263 Acer-bus.
373 1232 547 1272 eleganter
563 1232 602 1262 de
627 1242 678 1269 eo,
695 1233 752 1272 qui
767 1233 802 1263 in
819 1243 875 1264 ex-

147 1275 269 1315 igendo
284 1276 410 1314 labore,
426 1286 542 1326 usura?
554 1277 720 1314 mercede,
735 1282 795 1307 aut
810 1277 877 1308 alia

146 1329 346 1359 quacunque
371 1330 405 1350 re
436 1320 534 1349 nimis
561 1320 662 1350 durus
694 1325 758 1358 est,
790 1321 876 1351 nihil

147 1372 256 1403 neque
273 1363 313 1394 de
329 1368 495 1404 tempore,
511 1373 619 1402 neque
643 1364 683 1393 de
706 1374 741 1394 re
758 1366 874 1395 remit-

145 1407 201 1437 tit.
233 1407 305 1438 Att.
321 1408 364 1437 vi.
384 1410 411 1437 1.
434 1408 629 1438 acerbissimi
646 1407 875 1439 foeneratores.

146 1450 241 1481 Balb.
270 1454 300 1482 5.
334 1452 542 1481 acerbissima
564 1450 749 1490 diligentia.
780 1462 811 1483 v.
838 1453 873 1483 in

146 1495 267 1525 acerbe.
301 1494 485 1525 *crudelis
518 1495 614 1525 Verr.
641 1505 670 1525 v.
698 1498 750 1526 58.
785 1506 874 1526 mors

145 1539 273 1569 acerba.
320 1538 456 1569 Cluent.
496 1541 546 1569 15.
587 1540 705 1569 acerba
742 1547 877 1571 natura.

146 1581 243 1612 Prov.
265 1582 364 1612 Cons.
392 1585 441 1612 1-1.
467 1592 517 1612 res
545 1583 667 1612 acerboe
689 1583 712 1613 i.
735 1593 765 1613 e.
790 1593 874 1614 non-

145 1625 227 1655 dum
245 1625 342 1666 plane
359 1626 553 1666 compositae
569 1631 603 1656 et
619 1631 758 1666 pacatae.

188 1669 326 1699 Acerra.
349 1670 431 1709 Leg.
447 1670 481 1700 ii.
500 1671 553 1700 24.
569 1675 620 1700 est
634 1670 859 1701 thuribulum.

187 1713 363 1744 Acen-alis.
394 1713 471 1744 Div.
498 1713 531 1743 ii.
555 1716 586 1743 4.
613 1713 747 1744 Soriten
770 1715 874 1745 inter-

145 1761 301 1797 pretatur
315 1759 510 1787 acervalem.

188 1801 387 1831 Acen-atim.
412 1801 469 1831 Or.
488 1803 540 1831 25.
563 1803 743 1832 acervatim
766 1802 876 1833 multa

144 1843 373 1883 frequentare,
389 1854 434 1875 sc.
459 1844 494 1873 in
511 1844 626 1874 eadem
644 1845 873 1885 complexione

144 1888 334 1918 verborum.
357 1893 409 1918 est
424 1889 554 1928 generis
570 1888 702 1918 dicendi
718 1889 822 1930 ampli
838 1895 874 1920 et

144 1932 329 1970 magnifici.

188 1975 373 2015 Acipenser.
396 1975 468 2005 Fin.
484 1975 518 2005 ii.
539 1978 570 2006 8.
594 1975 653 2006 &c.
679 1985 785 2015 genus
808 1977 874 2017 pis-

144 2018 205 2055 cis,
223 2018 313 2057 quod
326 2020 361 2049 in
377 2018 502 2048 deliciis
520 2019 615 2049 Rom.
631 2024 718 2057 erat,
734 2030 872 2060 magno-

144 2071 209 2101 que
239 2063 347 2102 pretio
377 2062 595 2093 vendebatur.
632 2063 672 2093 de
699 2073 738 2094 eo
763 2064 873 2095 multa

145 2104 228 2136 Intt.
246 2106 365 2136 Horat.
383 2106 418 2135 ii.
434 2107 465 2136 2.
478 2108 531 2139 47.
555 2106 694 2138 Salmas.
711 2107 753 2138 ad
768 2108 872 2139 Solin.

146 2159 178 2189 p.
196 2152 271 2183 940.
295 2150 370 2180 add.
386 2149 470 2179 Plin.
487 2149 531 2179 ix.
548 2153 597 2184 17.

188 2193 369 2233 Acqziiesco.
395 2192 538 2232 gaudeo,
554 2193 713 2224 delector.
730 2194 802 2225 Mil.
821 2198 874 2230 37.

146 2236 203 2275 qni
230 2241 339 2268 morte
363 2237 434 2276 ejus
458 2238 676 2276 acquiescunt.
712 2238 795 2269 Lael.
821 2241 874 2274 27.

145 2281 248 2310 Senes
280 2280 533 2311 adolescentum
563 2282 704 2312 caritate
731 2284 875 2323 acquies-

145 2327 235 2354 cunt.

190 2366 376 2405 Aequirere.
402 2366 502 2397 Catil.
525 2367 561 2398 ii.
581 2371 611 2399 8.
635 2368 675 2398 de
698 2370 876 2409 possessio-

147 2419 190 2440 ne
205 2409 393 2447 detrahere,
409 2412 580 2451 acquirere
595 2411 636 2442 ad
653 2412 766 2443 fidem.

191 2454 462 2492 Acratophorum.
485 2454 557 2486 Fin.
574 2455 622 2486 iii.
637 2458 670 2487 4.
693 2466 799 2495 genus
821 2467 877 2488 va-

147 2496 192 2526 sis
222 2497 354 2533 vinarii,
394 2498 488 2537 eujus
526 2499 655 2529 mentio
686 2500 789 2530 etiam
820 2511 874 2543 ap.

148 2540 243 2571 Varr.
260 2540 300 2570 R.
316 2540 356 2570 R.
373 2541 394 2571 i.
413 2544 464 2572 85.
487 2552 518 2572 v.
535 2542 652 2573 Pollux
666 2543 710 2574 vi.
728 2544 759 2574 6.

191 2584 368 2614 Acredala.
392 2584 505 2615 Dixin.
526 2586 547 2615 i.
570 2589 600 2617 8.
627 2591 680 2617 est
703 2587 811 2625 ulula,
835 2592 875 2619 ut

148 2627 297 2657 ostendit
322 2627 461 2658 Salmas.
488 2629 530 2659 ad
553 2629 655 2661 Solin.
677 2640 710 2670 p.
732 2641 778 2662 m.
799 2635 875 2667 972.

147 2669 187 2700 Β.
205 2670 259 2700 alii
277 2680 392 2700 ranam
409 2677 543 2711 putant.

192 2714 376 2744 Acriculus.
399 2714 500 2746 Tusc.
515 2717 561 2746 iii.
581 2719 630 2751 l'a'·
647 2718 811 2749 acriculus
826 2729 876 2749 se-

149 2766 214 2787 nex
230 2757 336 2794 Zeno,
353 2760 409 2797 qui
424 2758 522 2789 facile
538 2760 754 2792 irascebatur.

190 2801 390 2831 Acrimom'a.
422 2802 496 2832 Act.
513 2803 534 2833 i.
554 2807 604 2837 17.
621 2805 656 2834 in
672 2805 765 2836 Verr.
789 2808 875 2838 acri-

147 2845 258 2875 monia
272 2845 374 2884 patris
392 2844 433 2875 ad
448 2846 681 2878 resistendum.

189 2888 331 2918 Acriter.
359 2888 432 2919 Att.
456 2900 488 2919 x.
509 2890 558 2920 16.
581 2893 741 2923 acerrime
763 2893 876 2925 adser-

142 2935 220 2963 vare
237 2931 424 2964 eonsilium.
448 2932 702 2974 diligentissime
717 2940 845 2977 tegere.

655 139 804 169 INDEX
833 140 1132 171 LATINrrATIS.

958 232 1168 264 Acroamata.
1194 232 1281 267 Sunt
1304 229 1470 269 homines,
1486 231 1543 272 qui
1566 239 1648 263 can·

914 280 968 313 tu,
986 277 1082 307 dictis
1105 275 1296 306 exhilarant
1319 275 1472 306 convivas
1493 277 1554 307 διε.
1598 274 1646 307 Ii·

916 319 1090 350 corollaria
1117 319 1197 350 data
1225 320 1261 349 in
1291 319 1448 349 conviviis
1480 324 1574 359 patet
1603 328 1645 350 ex

916 363 1010 393 verr.
1035 364 1076 393 iv.
1099 365 1152 394 22.
1178 363 1307 393 mentio
1334 371 1450 392 eorum
1475 362 1564 392 Sext.
1590 365 1644 394 54.

914 406 971 436 ubi
994 416 1023 436 v.
1050 406 1183 437 Manat.
1209 406 1308 437 Arch.
1331 411 1362 441 9.
1387 406 1428 436 cf.
1447 405 1539 436 Suet.
1555 405 1643 446 Aug.

916 452 968 484 74.
993 450 1049 480 ubi
1063 460 1093 480 v.
1109 451 1296 480 Excursum
1314 456 1478 480 nostrum.

960 493 1118 524 Acroasis.
1152 494 1223 524 Att.
1248 503 1300 524 xv.
1327 497 1374 528 17.
1398 493 1505 523 literae
1530 492 1576 523 sic
1600 491 1646 523 εὖ·

917 535 1000 569 mu'if
1017 539 1162 577 scriptae,
1178 541 1218 567 ut
1240 546 1294 567 eas
1311 537 1361 567 vel
1386 537 1419 567 in
1443 537 1568 567 acroasi
1584 546 1644 566 au-

917 579 1015 609 deam
1039 580 1160 620 legere.
1185 581 1218 610 h.
1241 591 1270 611 e.
1294 581 1328 610 in
1353 586 1443 611 coetu
1464 580 1643 610 hominum

917 622 1106 661 doctorum,
1136 624 1192 654 ubi
1227 624 1309 654 nihil
1339 624 1403 654 dici
1435 624 1547 662 debet,
1581 622 1647 654 nis'»

917 666 1006 705 quod
1022 666 1156 706 elegans
1172 672 1207 697 et
1221 667 1427 698 elaboratum
1443 668 1496 698 sit.

960 710 1050 740 Actoe
1076 716 1383 741 commemorantur
1404 712 1493 741 inter
1518 711 1645 741 instru-

917 759 1034 784 menta
1049 754 1242 794 voluptatis,
1257 759 1392 795 propter
1411 764 1527 784 earum
1541 764 1645 784 amoe-

918 797 1073 828 nitatem.
1099 797 1179 828 Coel.
1206 801 1255 829 15.
1278 797 1349 828 Att.
1373 798 1436 828 xiv.
1453 801 1483 829 8.
1506 798 1542 828 in
1564 799 1647 829 actis

918 850 988 871 esse
1019 842 1039 872 i.
1066 851 1095 871 e.
1120 842 1155 871 in
1188 841 1320 882 praediis
1346 841 1536 878 maritimiS,
1560 851 1587 871 s.
1607 841 1645 872 in

916 885 1093 915 territoriis
1119 886 1154 915 in
1180 885 1276 916 litore
1301 894 1431 915 amoeno
1454 885 1584 925 positis,
1603 889 1647 916 ut

919 927 1029 958 Verris
1045 929 1078 958 in
1096 928 1192 960 litore
1209 928 1340 959 Siciliae.

961 972 1063 1002 Actio.
1099 974 1357 1013 magistratuum
1382 972 1528 1002 actiones
1550 974 1646 1014 sunt,

919 1020 979 1045 aut
994 1015 1097 1055 leges,
1113 1017 1154 1046 ad
1178 1016 1337 1057 populum
1358 1015 1449 1053 latae,
1466 1020 1526 1045 aut
1541 1015 1644 1054 SCta,

920 1060 993 1097 quae
1016 1060 1055 1089 iis
1079 1059 1298 1090 referentibus
1313 1059 1355 1089 ad
1376 1065 1531 1089 senatum
1553 1058 1646 1090 facta

920 1108 1017 1133 sunt:
1047 1102 1120 1133 Hoc
1146 1113 1245 1134 sensu
1272 1107 1580 1134 commemorantur
1609 1112 1647 1133 a·

920 1146 1047 1176 ctiones
1061 1147 1260 1184 tribunitiae,
1276 1146 1465 1177 consulares
1489 1146 1549 1176 &c.
1566 1155 1595 1175 v·
1613 1155 1643 1176 c.

919 1190 961 1220 ad
983 1190 1060 1220 Div.
1082 1191 1104 1221 i.
1126 1196 1157 1226 9.
1180 1192 1281 1221 Dom.
1297 1195 1329 1225 9.
1349 1193 1398 1221 13.
1442 1191 1644 1220 Senatorum

918 1239 1032 1264 autem
1059 1235 1207 1265 actiones
1231 1239 1311 1264 sunt
1333 1234 1509 1264 sententiae
1533 1234 1568 1263 in
1593 1242 1646 1263 se-

919 1282 1003 1308 natu
1029 1277 1140 1315 dictae,
1156 1279 1191 1308 in
1219 1288 1299 1318 quas
1325 1278 1414 1308 SCta
1437 1277 1528 1307 facta
1548 1283 1644 1315 sunt,

917 1327 977 1352 aut
999 1322 1118 1361 quibus
1143 1323 1342 1363 impugnare
1369 1320 1492 1360 aliquid
1515 1320 1567 1350 vel
1579 1321 1646 1351 im-

918 1365 1030 1404 pedire
1047 1373 1229 1396 conantur:
1255 1365 1345 1395 unde
1359 1365 1462 1395 etiam
1476 1365 1644 1395 orafiones

917 1409 964 1438 sic
996 1409 1167 1447 dicuntur,
1197 1410 1316 1449 quibus
1346 1408 1469 1449 populo
1506 1407 1560 1437 lex
1589 1407 1653 1439 νεὶ

916 1452 1078 1483 suadetur
1098 1453 1149 1483 vel
1171 1453 1393 1484 dissuadetur.
1437 1451 1467 1482 T
1468 1451 1528 1482 alis
1542 1456 1594 1482 est
1609 1461 1646 1482 a-

919 1497 986 1526 ctio
1004 1497 1171 1527 Ciceronis
1189 1497 1230 1527 ad
1245 1497 1322 1528 Div.
1338 1507 1369 1527 x.
1387 1498 1441 1527 28.
1477 1496 1496 1514 ⁵*
1511 1495 1551 1525 In
1567 1505 1645 1525 sen-

918 1549 957 1569 su
980 1540 1102 1571 forensi
1127 1541 1216 1571 actio
1238 1545 1290 1570 est
1319 1539 1349 1579 l)
1375 1540 1576 1570 accusatoris
1590 1538 1648 1572 vel

917 1584 1082 1624 petitoris,
1099 1586 1155 1624 qui
1181 1595 1221 1614 ex
1247 1584 1321 1624 lege
1344 1585 1379 1614 in
1400 1583 1545 1622 aliquem
1560 1583 1645 1622 agit,

918 1628 1119 1665 accusando,
1141 1628 1298 1668 petendo.
1336 1628 1434 1658 Rosc.
1466 1627 1562 1657 Com.
1592 1628 1642 1657 12.

917 1671 1084 1711 integ-ram
1114 1674 1272 1702 actionem
1308 1671 1406 1701 alicui
1443 1670 1644 1709 relinquere.

920 1714 1006 1745 Caec.
1033 1719 1082 1746 ll.
1106 1725 1230 1755 quaero,
1252 1716 1338 1745 sitne
1364 1714 1464 1754 hujus
1487 1716 1535 1743 rei
1559 1715 1644 1744 actio

917 1759 1092 1789 nonnulla.
1136 1760 1225 1790 Hinc
1248 1764 1373 1799 praetor
1394 1758 1530 1795 dicitur,
1545 1759 1644 1788 actio-

915 1812 992 1832 nem
1015 1803 1106 1840 dare,
1122 1813 1153 1833 ν.
1171 1813 1199 1834 c.
1222 1803 1316 1834 Verr.
1340 1803 1374 1833 ii.
1390 1804 1444 1836 27.
1467 1811 1545 1831 cum
1568 1811 1645 1842 per—

916 1847 1024 1877 mittit
1054 1847 1240 1877 accusatori
1269 1846 1322 1876 vel
1351 1846 1487 1886 petitori
1516 1845 1552 1875 in
1583 1844 1645 1875 ali-

917 1900 1017 1928 quem
1032 1901 1072 1920 ex
1087 1890 1160 1930 lege
1176 1890 1287 1930 aliqua
1302 1899 1411 1930 agere.
1433 1890 1469 1919 in
1485 1888 1595 1919 Caecil.
1609 1891 1642 1919 5.

918 1934 1052 1964 Civibus
1075 1944 1152 1964 cum
1175 1940 1256 1964 sunt
1270 1938 1394 1973 ereptae
1417 1932 1581 1973 pecuniae,
1596 1932 1644 1962 ci-

915 1977 970 2007 vili
1000 1977 1069 2008 fere
1100 1979 1222 2008 actione
1248 1982 1455 2018 repetantur.
1490 1976 1511 2006 i.
1535 1986 1564 2006 e.
1589 1985 1645 2013 ea,

917 2031 983 2060 qua
1006 2022 1085 2052 civis
1107 2022 1218 2052 utitur
1242 2022 1278 2052 in
1305 2031 1396 2058 eum,
1413 2020 1469 2060 qui
1483 2020 1648 2060 pecuniae

915 2065 1052 2104 eripuit,
1068 2071 1103 2095 et
1125 2069 1177 2095 est
1193 2066 1281 2105 juris
1304 2064 1406 2095 civilis
1432 2063 1485 2093 vel
1512 2064 1643 2104 privati.

915 2108 959 2138 cf.
982 2109 1023 2138 de
1055 2114 1196 2148 utroque
1223 2118 1343 2149 genere
1369 2108 1540 2138 actionum
1571 2106 1644 2137 Sal-

916 2161 999 2182 mas.
1016 2152 1056 2182 ‹le
1080 2153 1170 2183 mod.
1187 2162 1280 2184 usur.
1297 2162 1369 2192 cap.
1385 2154 1416 2182 3.
1432 2161 1464 2191 p.
1483 2153 1554 2181 108.
1570 2159 1643 2190 sqq.

917 2195 950 2233 2)
970 2201 1021 2226 est
1036 2196 1193 2233 formula,
1209 2207 1276 2236 qua
1297 2200 1394 2226 actor
1413 2195 1525 2225 utitur
1538 2194 1574 2224 in
1589 2195 1643 2224 in-

915 2239 1088 2270 tendenda
1102 2250 1157 2270 reo
1173 2240 1244 2277 lite,
1261 2249 1336 2279 quae
1358 2248 1378 2269 a
1391 2237 1485 2268 JCtis
1500 2237 1569 2268 fere
1584 2247 1647 2278 peo.

915 2283 1062 2314 tebatur.
1109 2284 1232 2314 Caecin.
1256 2287 1287 2314 3.
1310 2292 1377 2322 qua
1397 2283 1520 2313 actione
1544 2280 1649 2312 illum.

918 2327 968 2357 uti
984 2327 1075 2358 velit.
1108 2328 1150 2357 ad
1165 2327 1236 2358 Att.
1252 2327 1295 2357 vi.
1319 2326 1382 2357 Cn.
1399 2325 1549 2356 Flavium
1563 2325 1645 2355 scri-

917 2371 995 2400 bam
1010 2373 1150 2402 actiones
1166 2370 1400 2410 composuisse.
1427 2369 1469 2399 cf.
1483 2369 1569 2409 Top.
1589 2372 1641 2403 17.

917 2415 1012 2445 Orat.
1028 2416 1049 2445 i.
1067 2416 1119 2446 36.
1134 2418 1188 2445 41.
1232 2414 1310 2444 Non
1334 2412 1482 2443 multum
1504 2412 1643 2442 diverse

917 2458 1010 2488 fuere
1033 2458 1189 2489 Actiones
1213 2457 1409 2487 Hostilianae
1433 2457 1492 2486 &c.
1510 2455 1550 2486 de
1571 2456 1644 2495 qui-

915 2502 977 2531 bus
993 2512 1023 2532 v.
1040 2502 1114 2533 Ind.
1132 2502 1222 2532 Hist.
1259 2499 1292 2539 3)
1317 2510 1395 2530 cum
1411 2500 1498 2530 actio
1520 2500 1646 2540 prima,

917 2545 1034 2583 altera,
1052 2546 1154 2576 tertia
1175 2548 1470 2580 commemoratur,
1487 2550 1526 2573 ut
1545 2543 1644 2574 Verr.

916 2589 938 2619 i.
957 2593 1009 2620 30.
1029 2593 1078 2620 ll.
1103 2590 1179 2620 Act.
1194 2589 1217 2618 i.
1233 2589 1269 2618 in
1284 2587 1377 2618 Verr.
1396 2590 1446 2618 18.
1465 2587 1525 2617 &c.
1540 2587 1644 2626 signi-

919 2633 1051 2671 ficatur,
1068 2633 1198 2672 quoties
1214 2642 1254 2662 ea
1269 2640 1369 2661 causa
1384 2630 1426 2660 ad
1441 2630 1573 2670 judices
1589 2635 1644 2660 to-

915 2681 953 2707 ta
969 2682 1045 2706 acta
1059 2677 1114 2707 sit.
1159 2677 1225 2713 Sic,
1241 2675 1315 2705 duae
1338 2678 1419 2704 sunt
1441 2674 1589 2704 actiones
1605 2673 1648 2704 in.

914 2720 1067 2758 Verrem,
1089 2730 1231 2760 quarum
1256 2719 1291 2749 in
1315 2718 1422 2758 prima
1445 2716 1522 2747 solis
1547 2717 1645 2747 testi-

915 2764 978 2794 bus
1003 2773 1084 2794 usus
1107 2768 1159 2794 est
1190 2763 1318 2799 Cicero,
1343 2761 1450 2791 altera
1478 2764 1643 2801 perpetua

917 2808 1087 2837 oratione:
1113 2815 1316 2846 quamquam
1341 2804 1448 2835 altera
1473 2804 1560 2834 aetio
1583 2803 1643 2834 illa.

916 2851 1059 2881 Veri-ina
1080 2851 1205 2890 scripta
1224 2854 1361 2880 tantum
1380 2855 1442 2879 est.
1473 2847 1584 2887 *quid
1607 2856 1642 2877 ³.-

918 2894 987 2935 pud
1009 2895 1157 2924 rhetores
1180 2894 1225 2924 sit
1247 2893 1347 2929 actio,
1368 2896 1488 2922 notum
1510 2896 1572 2921 est.
1602 2899 1650 2920 ea.

918 2942 1126 2970 memoratur
1151 2937 1209 2970 Or.
1234 2937 1281 2970 iii.
1308 2937 1361 2968 26.
1385 2943 1581 2967 consumere
1605 2937 1643 2971 et
