1804 3178
556 126 701 155 mmsx
731 125 1025 156 LATmITArls.

41 220 134 250 tunt.
162 215 259 248 Rosc.
275 215 314 247 Α.
329 215 382 248 26.
401 213 580 258 jactamur
601 214 767 245 fluctibus.

41 258 121 291 hinc
152 266 217 298 est,
248 269 449 300 quacunque
486 258 615 289 ratione
644 257 768 288 vexari.

40 301 155 335 Plane.
182 305 234 335 93.
259 304 371 343 inique
398 312 433 333 se
459 311 479 332 a
501 302 568 331 tuis
588 299 768 342 jactatum.

39 345 156 386 Quint.
174 348 204 378 2.
224 345 356 390 jactata
372 351 406 376 et
423 346 549 385 agitata
563 345 714 384 aequitas.
735 345 769 374 in

39 389 152 421 coecil.
172 392 220 422 14.
243 397 278 420 te
295 398 370 419 vero
383 391 483 428 qu‘am
499 388 542 418 sit
558 388 650 418 omni
668 389 765 418 ratio-

37 442 80 464 ne
92 431 299 475 jactaturus.
327 431 439 463 Plane.
462 434 493 463 4.
529 437 680 462 nostrum
703 435 765 468 est,

37 477 93 517 qui
117 477 151 507 in
173 476 235 508 hac
256 480 456 516 tempestate
472 474 585 515 populi
599 473 768 516 jactemur

38 529 77 550 ac
94 520 260 551 fluctibus.
291 519 363 550 Att.
380 519 424 549 xi.
445 520 494 549 16.
526 519 552 549 si
570 519 710 559 recipior
724 518 765 548 ab

37 562 186 594 his—siu
190 561 313 605 jactor.
335 562 457 593 ‘Offim
475 563 521 592 iii.
538 563 590 593 20.
612 560 765 603 jactaba-

37 609 95 637 tur
116 615 253 644 numus,
275 606 322 637 sic
348 612 387 636 ut
412 615 510 636 nemo
534 612 644 646 posset
668 605 765 641 scire,

38 649 120 690 quid
145 648 305 680 haberet:
332 649 365 680 h.
390 660 419 679 e.
445 650 588 689 pretium
616 649 686 688 ejus
711 659 765 679 va-

36 693 122 724 rium
147 697 233 731 erat,
257 693 356 723 modo
378 693 497 731 majus,
522 693 619 723 modo
644 693 766 722 minus.

37 735 194 776 ‘agitare
217 736 355 776 aliquid,
378 746 465 777 saepe
492 745 764 766 commemorare.

36 779 171 810 Cluent.
201 783 254 815 47.
279 778 414 822 jactare
439 789 510 810 rem
535 781 569 809 in
595 779 764 809 concione.

35 822 107 854 ‘de
122 823 330 854 sermonibus
347 823 582 854 disseminatis.
607 821 704 852 Catil.
723 822 765 852 iv.

33 869 66 901 7.
79 864 259 909 jactamr
280 876 386 897 voces.
408 867 539 906 ⁸‘saepe‚
561 865 706 896 multum
730 866 764 896 in

34 919 69 940 re
90 910 201 950 aliqua
223 910 356 941 versari.
378 910 436 940 Or.
462 911 483 940 i.
507 912 559 940 38.
573 907 708 950 jactare
729 919 763 939 se

33 954 68 984 in
106 954 213 985 causis
251 952 558 984 centumviralibus.
597 953 762 990 *minam

34 997 238 1028 denunciare
266 996 485 1027 sermonibus.
524 996 564 1026 ad
598 996 673 1027 Div.
697 996 764 1026 viii.

33 1040 65 1071 6.
103 1040 229 1081 Legem
264 1039 411 1070 Viariam
441 1040 762 1078 Alimentariamque

23 1081 181 1124 jactavit.
216 1083 308 1114 Sext.
325 1085 378 1114 23.
411 1088 571 1114 terrorem
587 1092 685 1113 suum
703 1082 762 1112 fa]-

31 1135 68 1157 ιο
90 1125 237 1169 jactare.
276 1125 393 1167 Quint.
428 1129 476 1158 14.
510 1127 609 1157 minae
631 1125 772 1167 jaccen-t

32 1174 102 1201 tur.

74 1213 242 1245 Jactatus.
276 1213 369 1244 Verr.
398 1213 443 1243 iii.
459 1214 512 1244 61.
539 1213 663 1251 tejam
680 1222 764 1252 prae-

34 1261 109 1288 tore
116 1255 286 1300 jactatum
306 1258 365 1298 (sc.
382 1256 603 1294 sermonibus)
623 1256 762 1286 crimen.

32 1300 168 1332 Cluent.
185 1303 238 1332 32.
257 1298 394 1341 jactata
416 1310 467 1330 res
486 1301 562 1340 (int.
579 1300 613 1329 in
630 1300 762 1329 concio-

32 1343 99 1383 ne.)
127 1344 246 1385 Quint.
264 1345 294 1374 2.
314 1344 442 1383 agitata
464 1347 499 1373 et
511 1342 644 1385 jactata
661 1343 763 1382 aequi-

32 1392 96 1418 tas.
126 1388 184 1419 Or.
203 1388 224 1418 i.
245 1387 294 1418 16.
318 1386 471 1428 jactatus
486 1387 520 1417 in
537 1396 635 1426 opere
652 1385 761 1416 decla-

32 1432 185 1462 matorio.
202 1431 292 1462 Mur.
314 1433 363 1463 12.
382 1430 518 1470 vulgata
533 1434 630 1469 atque
643 1430 676 1465 in
693 1439 762 1459 ma-

31 1475 128 1505 nibus
135 1473 281 1516 jactata.
297 1483 327 1504 v.
339 1475 479 1514 jactare.

72 1517 232 1556 Jaceura,
254 1517 409 1558 pecunia,
433 1516 585 1557 inprimis
613 1525 759 1555 magna3

28 1559 218 1601 largitione,
248 1560 415 1598 mercede,
446 1565 506 1590 aut
535 1559 601 1589 alia
632 1560 761 1589 ratione

29 1609 218 1636 consumta.
243 1603 323 1635 Coel.
344 1603 392 1634 16.
417 1603 501 1634 nulli
524 1609 668 1640 sumtus,
687 1602 763 1633 nul·

27 1647 61 1680 la
79 1646 234 1690 jactura,
259 1646 352 1678 nulla
381 1657 526 1677 versura.
561 1646 633 1676 Att.
660 1646 703 1676 vi.
734 1649 761 1676 1.

27 1691 191 1723 exhausta
201 1691 368 1723 sumtibus
380 1695 414 1721 et
421 1688 568 1732 jacturis
582 1689 763 1730 provincia.

28 1734 148 1767 Manil.
171 1736 224 1767 23.
248 1734 368 1774 quibus
381 1731 530 1774 jacturis
552 1733 702 1764 homines
726 1733 760 1763 in

27 1778 216 1819 provincias
255 1777 520 1818 proficiscantur.
560 1775 694 1807 Cluent.
730 1779 760 1807 8.

27 1823 136 1862 ipsum
158 1821 315 1860 Aurium,
333 1830 399 1851 non
415 1829 538 1860 magna
550 1817 692 1861 jactura
713 1820 762 1850 fa-

26 1871 94 1904 cta,
110 1864 298 1896 tollendum
312 1864 648 1902 interficiendumque
665 1873 760 1893 cura-

30 1909 89 1939 vit.
113 1907 156 1939 cf.
181 1908 254 1939 Mil.
277 1909 330 1943 27.
356 1907 427 1938 Pin.
452 1908 487 1938 ii.
511 1909 564 1938 24.
594 1906 695 1936 Gron.
719 1906 759 1937 de

27 1953 114 1983 Sest.
131 1962 164 1993 p.
181 1953 256 1984 284.
278 1952 298 1970 ¹*
309 1951 380 1982 Att.
395 1951 461 1982 xvi.
477 1952 507 1982 2.
538 1959 615 1980 eum
627 1953 724 1980 tanta
739 1959 759 1981 a

26 1995 121 2027 nobis
135 1995 226 2026 facta
239 1995 283 2025 sit
289 1992 433 2035 jactura
448 1994 547 2034 juris.
563 1993 602 2024 ad
620 1993 696 2024 Div.
713 1993 755 2024 iv.

26 2043 57 2072 5.
90 2039 124 2069 in
140 2038 241 2069 unius
256 2037 463 2068 muliercula:
478 2036 629 2067 animula
641 2034 758 2077 jactu-

25 2093 68 2114 ra
83 2082 175 2113 facta
189 2085 250 2113 est.

68 2126 166 2165 Jam‚
196 2126 231 2156 in
260 2123 515 2155 transitionibus
545 2122 669 2154 dicitur
696 2133 756 2165 pro

24 2169 157 2200 deinde.
194 2167 251 2199 sed
283 2171 336 2198 est
372 2167 541 2198 interdum
571 2167 687 2196 statim
719 2168 753 2197 in

50 2212 202 2253 rincipio.
231 2210 274 2242 ad
295 2211 373 2242 Div.
396 2211 438 2241 iv.
456 2213 486 2242 5.
509 2220 538 2240 v.
556 2211 586 2240 2.
609 2209 692 2241 «lam
715 2210 755 2240 il·

24 2223 86 2287 fud
114 2256 175 2287 διο.
206 2254 325 2286 Manil.
356 2251 498 2295 11.jam
527 2262 605 2282 vero
638 2253 754 2284 virtuti

27 2299 91 2331 Cn.
118 2298 269 2339 Pompeii
294 2307 368 2338 quae
391 2307 453 2338 par
475 2296 616 2327 inveniri
644 2301 756 2337 potest

24 2343 142 2374 oratio.
182 2341 415 2383 *pleonastice
442 2350 520 2371 cum
548 2349 649 2370 nune.
681 2339 752 2371 Att.

25 2387 95 2419 iia.
120 2385 256 2417 Hermae
269 2381 438 2425 tui—jam
460 2392 549 2414 nune
572 2382 753 2413 admodum

24 2439 79 2462 me
103 2429 285 2461 delectant.
326 2427 579 2467 *distinguitur
607 2427 710 2456 etiam
733 2436 754 2456 a

24 2482 129 2512 nunc,
145 2477 181 2504 et
207 2476 259 2503 est
285 2471 398 2512 paullo
428 2471 552 2507 minus,
579 2470 600 2500 i.
617 2479 646 2500 e.
664 2479 752 2500 mox.

25 2515 83 2548 Or.
108 2517 160 2548 63.
173 2513 256 2558 jum
277 2515 481 2546 videbimus:
507 2513 754 2544 nunc—dicen-

24 2559 105 2591 dum
122 2564 185 2591 est.

66 2603 164 2642 Jm,
179 2602 396 2634 transitiones
420 2601 540 2642 perviae
559 2599 640 2631 Nat.
657 2598 700 2630 D.
715 2599 750 2630 ii.

23 2648 78 2681 27.
101 2646 142 2678 de
165 2646 286 2686 quibus
309 2646 374 2676 vid.
391 2644 536 2685 Interpr.
551 2643 593 2674 ad
613 2643 749 2674 Sueten.

21 2689 110 2730 Aug.
125 2692 180 2721 31.
218 2688 314 2720 *Est
335 2690 439 2720 etiam
465 2688 557 2718 vicus
583 2687 667 2718 Jam'
693 2695 752 2716 no-

22 2733 116 2763 mine
139 2732 260 2763 dietus.
290 2732 356 2764 Off.
373 2733 408 2764 ii.
422 2735 474 2763 25.
500 2731 576 2762 boni
599 2730 673 2767 viri,
693 2730 751 2769 qui

21 2775 64 2808 ud
84 2775 217 2808 Janum
240 2776 389 2807 medium
415 2775 554 2806 sedent:
591 2774 646 2813 qui
670 2777 752 2803 sunt

22 2819 250 2850 foeneratores.
280 2828 312 2850 v.
328 2819 463 2850 Manut.

63 2862 183 2894 Jamca
213 2861 337 2894 dieitur
366 2863 407 2895 de
437 2861 563 2894 foribus
593 2859 750 2901 profanis.

19 2905 101 2941 Nat.
115 2905 160 2938 D.
177 2905 212 2940 ii.
226 2906 279 2940 27.

1451 126 1536 167 319

856 213 954 245 Icere.
985 214 1093 246 Pison.
1114 218 1160 247 12.
1183 217 1287 250 soedus
1310 221 1395 260 quod
1415 225 1527 255 iverat.

811 255 905 288 ΒΔΗ).
927 258 975 288 16.
999 258 1087 289 icisse
1102 260 1216 292 foedus.

857 299 1063 332 Ichneumon.
1098 302 1174 333 Nat.
1201 305 1243 336 D.
1268 307 1288 336 i.
1314 309 1366 339 36.
1400 308 1438 339 de
1467 310 1528 342 hoc

813 343 1036 375 consulendus
1053 344 1136 375 Plin.
1152 347 1218 377 viii.
1235 351 1286 380 24.

854 387 952 418 Ictus.
982 387 1050 419 Fin.
1073 389 1106 419 ii.
1133 392 1181 420 10.
1214 392 1361 432 voluptas
1384 404 1449 425 non
1472 396 1528 426 do-

811 429 899 461 lt-ndi
930 441 997 462 non
1029 441 1159 463 movere
1198 440 1303 474 potest
1341 439 1525 477 appetitum

810 474 934 505 animi:
973 484 1035 505 nec
1064 475 1170 508 uuum
1198 477 1295 508 habet
1325 481 1435 519 ictum,
1462 493 1526 521 quo

811 517 914 558 pellat
930 519 1091 550 animum.

853 561 943 592 Idea.
971 563 1028 593 Or.
1046 566 1076 594 3.
1102 562 1159 592 has
1183 573 1291 594 rerum
1319 564 1440 596 formas
1469 569 1527 607 (sc.

810 605 921 635 animo
936 605 1203 646 comprehensas)
1219 607 1362 648 appellat
1375 609 1461 640 ideas
1473 611 1527 642 ille

810 657 875 678 uon
903 648 1110 689 intelligendi
1134 649 1254 688 solum,
1270 651 1327 681 sed
1354 653 1455 683 etiam
1480 654 1528 684 di-

810 691 904 721 cendi
932 701 1047 722 auctor
1073 694 1284 731 gravissimus
1307 700 1342 725 et
1371 697 1531 736 magister

809 734 912 765 Plato.
937 745 966 765 v.
985 734 1056 766 lud.
1073 736 1128 766 Gr.

851 777 951 809 Idem.
984 779 1080 810 Catil.
1112 780 1131 810 i.
1157 782 1186 811 8.
1220 789 1273 811 me
1304 780 1396 812 nullo
1428 783 1526 815 modo

806 830 900 861 posse
931 822 1039 852 iisdem
1070 823 1248 862 parietibus
1278 829 1351 855 tuto
1381 835 1451 856 esse
1477 832 1529 858 te-

808 874 884 895 cum
900 878 906 895 :
932 867 952 896 i.
969 875 997 895 e.
1013 866 1130 905 quibus
1146 872 1205 896 tu:
1229 868 1275 897 sic
1298 869 1387 899 enim
1404 869 1530 902 intelli-

807 913 903 947 gunt,
922 910 978 948 qui
995 908 1029 940 vu*
1044 914 1156 940 tecum
1177 910 1217 940 ad
1234 911 1342 941 iisdem
1360 912 1526 944 referunt:

806 951 846 981 de
870 962 935 991 qua
957 953 1062 983 forma
1085 954 1149 983 vid.
1172 953 1320 985 Perizon.
1343 955 1383 986 ad
1400 957 1527 988 Sanctii

807 994 946 1026 Miner-v.
970 996 1012 1026 iv.
1035 997 1065 1026 6.
1096 996 1266 1027 Drakenb.
1291 997 1332 1028 ad
1355 999 1426 1030 Liv.
1449 1010 1526 1032 xxx.

809 1040 856 1070 12.
887 1039 950 1070 Sed
976 1044 1084 1080 potest
1116 1041 1216 1070 etiam
1244 1041 1357 1072 referri
1383 1042 1424 1073 ad
1451 1047 1526 1075 tuto

805 1092 887 1112 esse.

849 1125 965 1162 Idt'ota,
988 1125 1175 1166 imperitus,
1199 1128 1378 1167 opponitur
1404 1129 1526 1161 intelli-

803 1169 896 1207 genti
921 1168 1059 1206 alicujus
1083 1170 1142 1206 rei,
1165 1169 1309 1209 eleganti
1327 1171 1417 1202 Verr.
1436 1174 1476 1204 iv.
1493 1176 1528 1204 2.

803 1216 838 1241 et
855 1211 1047 1252 philosopho
1071 1213 1160 1243 Sext.
1175 1216 1226 1243 51.
1251 1213 1357 1245 Pison.
1375 1216 1426 1246 26.
1449 1217 1527 1248 idio·

803 1259 915 1285 earum
940 1255 1088 1293 divitiae3
1112 1265 1191 1294 quas
1214 1256 1351 1295 indocti,
1367 1268 1433 1289 non
1454 1259 1528 1300 phi-

802 1298 929 1338 losophi
942 1298 1160 1330 admirantur.

847 1342 947 1372 Idola.
980 1341 1050 1372 Fin.
1075 1342 1096 1372 i.
1122 1343 1152 1373 6.
1183 1347 1263 1374 sunt
1286 1343 1422 1385 Epicuri
1447 1356 1527 1377 exu-

803 1385 864 1415 viae
881 1395 1067 1425 corporum.
1084 1395 1113 1416 v.
1129 1385 1201 1416 Ind.
1218 1386 1274 1417 Gr.

846 1429 993 1467 Idoneus,
1017 1429 1148 1469 dignus.
1176 1429 1292 1460 Manil.
1321 1433 1368 1465 19.
1397 1432 1526 1463 idoneus

803 1481 868 1501 non
896 1478 959 1509 est,
987 1473 1042 1511 qui
1071 1473 1238 1512 impetret.
1279 1473 1350 1504 Ait.
1378 1475 1445 1506 viii.
1476 1478 1524 1507 14.

804 1524 870 1545 non
894 1516 974 1546 satis
997 1515 1100 1547 idonei
1120 1520 1211 1554 sunt,
1228 1517 1283 1556 qui
1302 1527 1321 1548 a
1335 1521 1369 1548 te
1386 1519 1526 1558 proben-

803 1562 871 1589 tur.

844 1601 1069 1633 Jecusculum.
1097 1602 1208 1634 Divin.
1233 1603 1267 1633 ii.
1288 1606 1335 1634 14.
1356 1602 1526 1646 jez-ascula

803 1645 1036 1676 masculorum.

844 1688 929 1726 Iens,
947 1689 988 1719 ab
1004 1689 1064 1726 ire,
1080 1692 1130 1719 est
1151 1689 1222 1721 Att.
1236 1690 1300 1721 xvi.
1316 1691 1368 1721 21.
1393 1691 1434 1722 iv.
1449 1696 1481 1727 9.

842 1732 973 1774 Jejune.
1005 1732 1075 1763 Att.
1106 1733 1162 1763 xii.
1193 1735 1245 1764 21.
1278 1734 1350 1772 quis
1371 1731 1526 1776 jejunius

801 1774 1066 1806 dixitinimicus:
1087 1776 1109 1806 i.
1121 1786 1150 1806 e.
1163 1777 1267 1815 mag-is
1284 1777 1525 1814 invide‚minus

801 1818 994 1855 honorifice,
1017 1825 1056 1849 ut
1081 1818 1211 1850 faciunt
1231 1829 1276 1850 sc.
1301 1820 1413 1851 invidi.
1437 1821 1525 1852 conf.

793 1862 943 1901 jejunus.
973 1862 1106 1893 ¹'nimis
1130 1862 1309 1893 subtiliter.
1340 1863 1397 1894 Or.
1425 1864 1446 1893 i.
1476 1867 1524 1895 11.

800 1905 949 1936 videmus
975 1905 1091 1935 iisdem
1115 1905 1155 1936 de
1178 1906 1274 1936 rebus
1287 1903 1405 1947 jejune
1427 1916 1524 1946 quos·

799 1948 889 1987 dam,
905 1952 939 1979 et
961 1948 1092 1980 exiliter
1106 1949 1333 1990 disputavisse.
1363 1950 1463 1980 Acad.
1479 1951 1524 1981 iv.

799 1994 852 2023 35.
891 1991 1003 2023 videor
1039 1993 1138 2023 nimis
1167 1993 1268 2023 etiam
1300 2002 1388 2022 nunc
1426 2002 1523 2033 agere

788 2045 915 2077 mune.
943 2045 1019 2066 cum
1045 2036 1136 2066 enim
1160 2036 1205 2066 sit
1227 2045 1375 2076 campus,
1400 2036 1434 2066 in
1457 2046 1523 2075 quo

797 2079 902 2119 possit
920 2079 1084 2110 exsultare
1100 2079 1217 2116 oratio,
1234 2088 1293 2109 cur
1307 2088 1380 2109 eam
1398 2079 1431 2109 in
1447 2083 1523 2110 tan-

797 2130 849 2152 tas
872 2123 1057 2162 augustiam,
1073 2127 1108 2153 et
1131 2123 1165 2153 in
1181 2122 1367 2153 Stoicorum
1384 2121 1521 2154 dumeta

796 2165 1027 2206 compellimus
1038 2166 1052 2196 ?

839 2207 1017 2251 Jejunitas,
1031 2213 1082 2239 est
1097 2207 1215 2239 vitium
1232 2208 1265 2238 in
1282 2217 1400 2247 genere
1411 2208 1520 2244 tenui.

795 2261 873 2283 cum
903 2253 1001 2283 nimis
1030 2250 1123 2282 exilis
1149 2255 1184 2282 et
1208 2251 1300 2282 arida
1325 2255 1376 2282 est
1404 2252 1521 2283 oratio.

796 2295 892 2327 Brut.
915 2298 966 2328 55.
992 2300 1043 2326 est
1057 2300 1172 2326 tamen
1188 2294 1244 2325 ubi
1260 2294 1404 2325 ubertati
1419 2304 1521 2336 oppo-

796 2339 900 2377 nitur,
924 2343 957 2369 et
984 2338 1024 2369 de
1052 2338 1147 2369 tenui
1170 2347 1304 2377 genere,
1327 2339 1429 2368 etiam
1453 2347 1520 2369 non

797 2383 928 2420 vitioso,
945 2382 1075 2412 dicitur.
1099 2382 1156 2412 Or.
1172 2382 1202 2411 6.
1226 2379 1281 2411 alii
1294 2381 1327 2411 in
1344 2380 1459 2412 eadem
1467 2380 1522 2423 je-

785 2422 936 2466 juniaeate
961 2425 1008 2466 (h.
1033 2434 1062 2456 e.
1076 2430 1116 2455 ut
1130 2428 1208 2454 ante
1231 2423 1372 2461 dixerat,
1387 2424 1422 2454 in
1445 2424 1522 2456 sub·

793 2468 846 2499 tili
870 2473 904 2499 et
920 2478 1031 2509 pressa
1044 2468 1208 2505 oratione)
1227 2467 1468 2505 concinniores,
1485 2468 1519 2498 id

795 2515 858 2550 est,
883 2512 997 2550 faceti,
1024 2511 1179 2541 florentes
1204 2511 1319 2547 etiam,
1346 2514 1380 2541 et
1406 2510 1523 2543 leviter

794 2556 913 2586 ornati.
936 2554 978 2586 cf.
998 2554 1088 2585 Brut.
1107 2555 1158 2586 82.
1179 2552 1278 2584 Tusc.
1292 2553 1325 2584 ii.
1345 2556 1373 2585 1.
1395 2553 1522 2585 ‘'insci-

793 2599 852 2630 tia.
872 2597 929 2629 Or.
945 2598 1022 2629 ii.3.
1034 2595 1200 2640 jejunitas
1209 2596 1372 2627 bonarum
1383 2598 1520 2629 artium.

836 2640 993 2683 Jejunus,
1007 2642 1153 2681 ignarus.
1175 2640 1234 2671 Or.
1246 2643 1299 2672 30.
1306 2649 1445 2681 JeJumu
1460 2640 1522 2671 hu·-

791 2685 845 2725 jus
859 2684 1053 2725 multiplicis
1064 2683 1193 2724 generis
1204 2692 1299 2714 aures
1312 2683 1516 2723 accepimus:

792 2728 824 2759 h.
852 2737 882 2758 e.
906 2727 969 2758 hoc
998 2736 1104 2766 genus
1128 2730 1203 2757 tum
1229 2731 1302 2757 erat
1330 2726 1520 2758 inauditum

793 2771 912 2802 nostris
937 2770 1139 2801 hominibus.
1165 2769 1328 2801 *sterilis
1358 2768 1448 2800 verr.
1473 2770 1518 2802 iii.

791 2818 844 2849 37.
859 2812 1000 2856 jejunus
1011 2822 1100 2854 ager.
1123 2814 1285 2854 ‘pai-vus,
1302 2816 1518 2844 contemnen-

792 2857 864 2888 dus.
894 2856 936 2888 ad
962 2857 1038 2888 Div.
1067 2866 1118 2888 xv.
1143 2859 1175 2888 4.
1205 2857 1232 2886 si
1264 2865 1330 2887 non
1348 2854 1517 2897 jejunum,

790 2900 878 2940 quod
894 2910 955 2941 ego
971 2901 1068 2940 gessi.
1091 2899 1240 2938 ‘inania
1252 2900 1373 2930 tenuis.
1396 2898 1452 2929 Or.
1469 2898 1515 2929 iii.
