1804 3178
636 116 783 146 11(an
811 116 1106 148 LA'nnnwrls.

112 200 204 235 undo
221 203 255 234 in
269 213 382 242 causa,
399 203 458 235 ned
472 203 584 243 aliquo
599 203 741 235 honesto
757 214 841 244 prae-

119 247 216 277 sidio.
247 248 267 265 “
282 256 344 278 non
360 247 449 279 ruodo
468 248 503 278 in
525 248 591 277 fine
617 257 677 287 pro
705 248 841 278 nedum.

115 288 207 321 Phil.
221 291 254 320 ii.
270 294 325 322 41.
340 300 403 321 non
426 291 516 321 modo
537 299 608 320 esse
632 289 764 321 illorum
784 291 843 321 cli-

113 341 185 364 ens.
209 335 290 364 item
306 334 347 364 ad
374 334 449 364 Div.
468 336 491 364 i.
516 338 547 368 9.
572 333 702 364 nullum
727 344 840 365 meum

113 377 294 408 minimum
309 374 445 412 dicitur,
464 387 525 407 non
539 377 628 407 modo
643 377 769 408 factum
791 379 841 408 in-

110 420 278 451 tercessit.
300 421 325 447 θ.
335 420 376 450 de
387 424 551 460 tempore,
569 420 736 451 interdum
756 421 841 451 nlul-

110 467 166 493 tos
181 473 287 493 annos
302 464 484 503 significat,
503 470 540 494 ut
569 463 633 494 Off.
650 464 683 494 ii.
699 467 752 495 ¹21.
776 476 839 494 mu-

107 505 226 537 doboc
242 506 371 536 malum
400 507 433 536 in
460 506 545 537 hanc
574 517 678 547 remp.
707 509 837 538 invasit.

112 548 201 580 Nam
227 549 255 579 si
281 559 302 579 a
325 549 532 588 Jugurthino
564 550 649 580 bello
675 553 836 582 rationem

107 591 223 630 ducas,
244 598 325 623 sunt
349 595 563 633 septuaginta
585 594 728 634 amplius
745 597 836 626 anni.

106 643 138 665 v.
155 636 192 665 in
209 645 325 676 nuper.

146 677 274 709 Modus.
306 680 425 720 Quint.
452 684 483 714 7.
522 680 610 710 modo
639 685 673 711 et
705 682 835 712 ratione

103 722 220 752 omnia
229 722 358 754 secisse.
382 723 415 753 h.
430 734 459 753 c.
485 732 575 754 recte
588 730 623 754 et
639 724 767 761 ordine,
784 726 836 755 via

104 768 142 794 et
157 766 298 797 ratione.
321 767 393 807 *9.
410 767 462 797 Fr.
478 767 511 797 ii.
525 768 556 798 6.
573 767 660 797 bono
676 768 765 798 modo
780 768 836 798 ‹le-

106 808 232 845 sidero,
249 817 299 840 est
315 810 570 860 quodammodo.
591 820 621 839 v,
644 810 777 841 Manut.
793 812 835 842 ad

106 850 141 882 h.
159 851 181 882 l.
203 853 245 871 θ’
238 863 272 883 in
290 854 425 883 musicis
442 859 522 884 sunt
536 854 639 884 etiam
658 855 753 884 modi.
776 854 833 885 Or.

105 895 154 925 iii.
171 896 226 926 26.
250 897 356 927 modos
371 897 491 926 facere.
513 896 613 927 '.1'usc
632 897 652 927 i.
669 900 721 928 44.
745 908 834 938 pres-

104 939 133 968 si
149 943 183 969 et
198 939 322 970 flebiles
339 940 433 970 modi.
471 940 548 970 ad
563 941 639 970 Div.
655 941 696 970 iv.
720 945 751 975 7.
776 942 833 972 sed

101 980 204 1012 habet
220 983 285 1013 ista
299 984 384 1013 ratio
400 983 567 1022 quendam
596 984 735 1014 modum.
752 984 784 1014 h.
801 996 830 1015 e.

103 1025 171 1056 ista
184 1027 271 1057 ratio
286 1035 353 1056 non
370 1027 493 1066 ubique
511 1026 621 1057 locum
639 1027 751 1066 habet,
767 1035 830 1066 est,

100 1069 190 1108 quod
207 1069 260 1099 hic
271 1069 337 1100 dici
354 1074 471 1100 contra
486 1071 600 1110 possit.

143 1112 279 1143 Moem'a.
303 1113 402 1143 Catil.
419 1114 453 1144 ii.
474 1116 500 1143 l.
517 1114 671 1145 manibus
686 1115 763 1154 ipsis
781 1115 831 1144 in-

99 1158 154 1186 tra
169 1158 288 1187 moem'a
309 1156 404 1187 nulla
418 1158 490 1195 jam
515 1158 679 1197 pernicies
697 1168 831 1198 compa—

100 1199 241 1231 rabitur.
266 1200 415 1231 Graevius
441 1201 586 1240 primum
611 1210 682 1231 esse
699 1211 757 1241 pro
773 1201 830 1231 do-

100 1243 210 1274 mibus
246 1243 340 1281 dicit,
365 1248 399 1273 et
423 1245 470 1274 sic
509 1244 574 1274 dici
599 1244 661 1274 hoe
692 1245 829 1275 verbum

102 1294 170 1316 non
196 1293 248 1317 est
276 1286 428 1317 dubium.
466 1287 540 1317 Vid.
567 1293 689 1327 praeter
720 1289 827 1328 ipsum

98 1328 230 1360 Duker.
248 1330 291 1360 ad
306 1330 390 1361 Flor.
416 1341 449 1371 p.
481 1333 532 1361 50.
556 1331 614 1360 sed
640 1336 750 1371 potest
779 1335 829 1361 ta-

98 1382 177 1403 men
208 1374 262 1404 hle
292 1374 368 1404 urbs
408 1375 565 1404 universa
594 1374 737 1414 intelligi
768 1385 827 1414 per

97 1417 330 1455 synecdochen
345 1429 355 1456 3
380 1427 583 1457 quamquam
600 1418 678 1448 urbs
696 1424 730 1448 et
746 1418 826 1448 aedi-

100 1460 179 1490 ficia
196 1461 286 1491 urbis
304 1470 371 1491 non
395 1461 477 1491 adeo
503 1461 684 1499 differunt;
708 1462 758 1492 uti
775 1471 829 1491 ac-

97 1504 190 1543 cepit
215 1503 359 1534 Gronov.
389 1504 468 1534 Obs.
496 1504 530 1534 ii.
561 1505 610 1534 12.
635 1505 692 1543 qui
718 1505 828 1535 media

97 1548 218 1577 rnaenia
234 1557 287 1588 ap.
304 1547 460 1578 Curtium
486 1547 741 1587 interpretatur,
757 1558 827 1578 me·

95 1589 317 1624 diamurbem
333 1595 368 1620 et
380 1591 490 1621 media
504 1595 604 1620 tecta.

138 1633 283 1665 Moereri.
306 1635 397 1665 Sext.
423 1637 475 1669 39.
501 1635 734 1666 moereleamini.
769 1634 826 1664 sed

95 1675 246 1708 Graevius
285 1677 405 1708 habet:
445 1679 635 1708 moerebatt's.
675 1678 770 1708 bene.
794 1689 824 1709 v.

93 1726 166 1751 not.

135 1762 303 1795 Moestitia.
326 1765 385 1795 Or.
405 1765 454 1795 16.
479 1763 640 1794 orationis
655 1765 822 1803 moestitia,

96 1813 162 1844 est,
182 1817 260 1838 cum
286 1808 327 1838 ab
352 1809 443 1838 omni
470 1806 565 1837 cultu
580 1810 616 1836 'ct
630 1812 750 1838 ornatu
767 1807 823 1838 de-

93 1851 216 1882 stituta
238 1855 301 1882 est.
323 1851 378 1881 Sic
400 1852 503 1882 etiam
531 1851 670 1881 tristitia
699 1851 824 1882 dicitur

95 1894 175 1925 ibid.
193 1898 227 1926 3.

134 1936 237 1968 Mola.
259 1937 336 1968 Div.
363 1938 398 1968 ii.
429 1938 479 1968 16.
503 1939 624 1968 molam
654 1937 822 1977 insperge-

92 1991 152 2019 re;
176 1980 266 2020 quod
280 1990 349 2011 uno
372 1981 470 2011 verbo
496 1980 670 2011 immolare
685 1980 819 2012 dicitur.

92 2024 184 2055 Illola
206 2028 258 2054 est
275 2024 328 2054 far
350 2029 492 2061 tostum,
509 2025 769 2062 comminutum,
785 2030 820 2054 et

90 2067 160 2098 sale
186 2069 338 2105 mistum,
368 2077 434 2106 quo
463 2067 600 2098 victima
630 2069 820 2108 conspergi-

89 2116 159 2142 tur.

61 2155 66 2161 '
133 2155 296 2192 Motenia,
311 2154 470 2194 quicquid
486 2159 538 2184 est
552 2153 742 2186 nimiumn'n
759 2153 819 2184 ali-

89 2208 157 2238 quo
187 2207 320 2238 genere.
356 2198 451 2228 Brut.
475 2200 528 2229 38.
563 2197 704 2236 diligens
744 2197 816 2227 sinc

88 2243 244 2273 molestia.
267 2242 290 2272 i.
315 2251 344 2271 e.
371 2241 597 2278 affectatione,
612 2249 686 2279 quae
713 2240 817 2271 mole-

88 2289 142 2316 sta
156 2289 208 2316 est
223 2285 435 2315 audientibus
451 2294 489 2314 ac
504 2284 702 2324 legentibus.
725 2284 744 2302 ⁴*
760 2283 815 2314 111-

89 2329 206 2369 primis
230 2328 355 2359 dicitur
379 2328 419 2357 de
444 2329 497 2366 iis,
513 2329 569 2367 qui
586 2326 759 2367 appellant
774 2328 814 2358 de

86 2371 256 2402 solvendo.
282 2381 313 2402 v.
342 2373 503 2402 molestus.
560 2370 642 2401 Inde
669 2369 713 2400 ad
737 2370 814 2401 Div.

87 2416 145 2446 xii.
165 2418 221 2446 30.
244 2415 312 2446 noli
343 2415 518 2455 impudens
543 2423 628 2451 esse,
652 2422 714 2443 nec
731 2413 813 2444 mihi

87 2460 264 2490 molestiam
279 2458 448 2496 exhibere,
462 2462 496 2488 et
511 2468 532 2488 a
547 2467 600 2488 me
613 2457 727 2488 literas
743 2466 813 2487 cre-

83 2502 210 2533 briores
226 2502 387 2542 flagitare.

127 2545 296 2583 mlestus,
320 2545 443 2576 dicitnr
467 2544 619 2584 inprimis
640 2542 813 2581 eleganter

86 2588 314 2627 decreditore,
325 2598 402 2619 cum
414 2589 597 2619 debitorem
608 2586 754 2627 appellat
771 2586 810 2616 de

82 2631 253 2671 solvendo,
268 2640 303 2663 et
319 2638 429 2672 urget.
453 2632 492 2662 ad
511 2631 586 2661 Div.
602 2630 624 2660 l.
641 2639 671 2660 c.
693 2631 712 2648 ⁸
727 2630 809 2660 item

86 2674 128 2705 de
141 2681 348 2706 accusatore.
372 2676 478 2706 Flacc.
498 2678 528 2705 5.

127 2717 253 2755 Moliri,
269 2728 413 2750 movere.
435 2720 493 2749 Or.
510 2719 542 2748 ii.
559 2719 611 2748 51.
646 2715 718 2746 baec
739 2716 808 2746 sere

84 2762 230 2792 maxime
245 2767 326 2793 sunt
340 2764 374 2793 in
399 2762 552 2802 judicum
575 2760 694 2789 animis
720 2761 809 2790 moli-

86 2804 186 2842 enda,
210 2815 317 2844 amor,
341 2806 455 2837 odium
471 2806 532 2836 ἃς.
556 2804 574 2822 *
590 2804 683 2833 Verr.
710 2803 731 2833 i.
756 2806 808 2837 59.

84 2847 294 2886 dubitamus,
309 2849 390 2889 quid
405 2849 461 2880 ille
477 2849 511 2879 in
534 2846 647 2887 praeda
661 2846 806 2877 hostium

61 2899 64 2902 ⁴
83 2892 214 2923 molitus
235 2891 299 2924 sit:
324 2892 347 2923 i.
365 2902 400 2924 ε.
422 2892 553 2926 furatus
585 2891 644 2929 sit,
666 2890 703 2923 in
734 2898 805 2922 rom

1515 113 1610 152 ⁸55

884 213 978 235 suam
995 207 1162 237 averterit.
1179 207 1222 238 cf.
1235 207 1312 238 ibid.
1331 210 1383 240 51.

927 248 1070 286 Momm,
1088 255 1215 287 aneton
1239 251 1429 282 edificator.
1453 251 1552 283 Univ.
1569 256 1601 284 5.

883 291 1020 322 effectur
1036 293 1151 322 mundi
1167 298 1200 323 et
1216 295 1341 324 molitor
1357 295 1458 325 Deus.

926 334 1046 372 Mollis,
1076 336 1194 366 suavis.
1228 339 1285 366 Or.
1316 338 1361 367 iii.
1388 340 1439 367 25.
1477 344 1602 376 quanto

881 380 1038 409 mallim-es
1052 384 1131 408 sunt
1149 384 1183 408 et
1208 379 1412 410 delicatiores
1440 381 1473 410 in
1498 386 1601 411 cantu

882 422 1039 452 flexiones
1064 430 1098 452 et
1124 422 1213 451 falsa·
1231 424 1369 458 monim,
1387 433 1483 461 quani
1502 428 1600 455 certae

880 469 916 495 et
946 475 1079 495 severae.
1101 466 1159 495 Or.
1187 467 1239 495 23.
1264 465 1361 494 habet
1390 468 1479 496 molle
1506 467 1601 506 quid-

879 508 955 538 dam
983 510 1044 539 ἃς.
1076 509 1118 538 cf.
1144 508 1237 538 Brut.
1267 512 1298 542 9.
1322 509 1338 525 ⁸*
1356 507 1450 543 lenis,
1482 509 1600 540 facilis.

877 552 919 591 O.
939 552 989 582 Fr.
1004 552 1038 582 ii.
1058 555 1105 582 15.
1129 550 1279 582 auricula
1294 551 1411 581 intima
1425 552 1507 581 scito
1523 555 1602 582 mo!-

879 597 1001 626 liorem.
1025 595 1067 625 cs.
1086 595 1127 624 ad
1144 595 1220 625 Div.
1240 595 1347 624 vi.1⁴.
1394 596 1411 611 ‘¹¹
1425 594 1480 633 qui
1504 595 1600 625 facile

878 638 989 678 aliqua
1006 648 1039 668 re
1067 638 1156 668 dolet
1184 641 1243 668 ἃς.
1266 638 1335 668 Att.
1362 637 1407 667 iii.
1433 643 1464 672 9.
1488 647 1602 668 ainan-

876 682 1043 712 tissimum
1056 683 1135 719 mei,
1148 683 1275 711 nuſtrltics
1281 691 1328 711 mo
1341 681 1466 717 animo,
1478 680 1511 710 in
1527 677 1606 711 tan-'

877 731 912 754 to
942 735 1078 755 moerore
1098 726 1154 754 ads
1142 726 1312 765 ρίςοτιηι.
1329 723 1456 754 ⁸'Brun
1486 726 1536 754 18.
1560 726 1603 757 si-

877 777 943 807 gna
958 769 1080 805 nnollia,
1096 776 1175 798 sunt
1191 768 1420 803 elaboratiora,
1437 767 1602 807 politiora.

876 812 895 829 ¹*
911 811 1094 849 muliebris,
1111 812 1244 842 fractus.
1268 811 1331 842 Off.
1349 812 1370 840 i.
1386 812 1439 841 36.
1461 810 1602 842 tarditas

876 856 998 885 mollior
1025 856 1059 885 in
1088 865 1213 894 gressu.
1247 856 1337 885 ‘On
1359 858 1407 889 19.
1433 855 1534 885 mollis'
1548 860 1602 885 est

874 899 980 928 oratio
997 898 1267 938 philosophorum
1285 903 1318 927 et
1336 897 1543 928 umbratilis:
1562 897 1596 928 h.

873 952 903 971 e.
932 942 964 971 in
991 951 1056 980 qua
1072 941 1155 971 nulli
1173 949 1283 971 motus
1299 942 1414 976 animi,
1430 951 1530 979 quam
1547 951 1600 971 as-

873 985 1050 1024 peritatem
1060 985 1255 1022 judicialem
1273 989 1380 1014 vocat.
1397 986 1415 1002 '⁶
1427 984 1484 1014 Or.
1501 985 1522 1014 i.
1540 986 1592 1016 52.

874 1027 1087 1068 philosophus
1101 1030 1202 1059 mollis
1218 1035 1280 1065 est,
1293 1029 1347 1067 qui
1362 1028 1521 1067 voluptati
1537 1027 1598 1058 alin

873 1071 953 1109 quid
981 1071 1099 1101 tribuit
1125 1073 1159 1102 in
1189 1072 1316 1101 ratione
1351 1071 1527 1107 bonorum,
1558 1076 1599 1102 ut

873 1114 1039 1154 Epicurei.
1076 1115 1095 1132 ⁸
1112 1114 1292 1144 mutabilis.
1330 1114 1403 1144 Mil.
1438 1114 1485 1144 16.
1513 1113 1597 1144 nihil

872 1165 922 1188 est
936 1163 1006 1188 tam
1025 1159 1130 1195 molle,
1147 1168 1246 1197 quam
1263 1157 1414 1188 voluntas
1439 1166 1518 1196 erga
1533 1166 1593 1189 nos

872 1201 1006 1231 civium.

913 1243 1066 1274 Mollitia.
1090 1244 1147 1274 Or.
1183 1247 1230 1274 18.
1265 1245 1399 1274 mollitia
1431 1244 1596 1275 cervicum

871 1293 905 1317 et
936 1288 1078 1327 argutiae
1110 1287 1305 1326 digitorum.
1329 1287 1388 1317 Est
1413 1287 1530 1317 vitium
1562 1288 1597 1318 in

871 1335 966 1361 motu
983 1331 1131 1368 cervicis,
1143 1340 1219 1360 cum
1237 1336 1287 1360 est
1299 1330 1484 1366 delicatior,
1497 1340 1599 1369 quam

870 1374 956 1404 viros
972 1374 1080 1404 decet.
1106 1374 1179 1404 Hoc
1195 1374 1315 1404 vitium
1331 1374 1446 1412 objicit
1462 1373 1496 1403 in
1515 1373 1598 1404 ver-

870 1418 950 1447 rini-j
984 1418 1178 1448 Hortensio.
1216 1419 1235 1434 ¹*
1251 1418 1286 1446 in
1311 1417 1431 1446 bonam
1464 1422 1595 1456 partem

869 1466 921 1490 est
944 1461 1014 1491 Att.
1031 1462 1052 1491 i.
1073 1463 1121 1493 17.
1145 1461 1280 1490 mollitia
1295 1463 1435 1490 naturae.
1454 1461 1497 1500 (v.
1517 1462 1596 1490 mol-

869 1504 998 1542 litudo.)
1027 1505 1081 1535 Sic
1101 1503 1195 1534 Ovid.
1219 1503 1293 1533 Am.
1312 1504 1358 1534 iii.
1374 1506 1405 1534 8.
1425 1506 1474 1534 18.
1509 1502 1592 1534 heu!

872 1548 926 1577 nbi
942 1549 1089 1578 mollities
1104 1547 1247 1587 pectoris
1263 1546 1321 1576 illa
1336 1547 1399 1576 tui.

913 1589 1095 1621 Mollitudo.
1119 1590 1176 1620 Or.
1194 1590 1241 1619 iii.
1268 1593 1321 1620 40.
1349 1590 1516 1619 mollitudo
1536 1589 1600 1620 hu-

869 1635 1042 1664 manitatis
1057 1646 1066 1671 ;
1084 1643 1157 1673 quae
1173 1632 1270 1663 facile
1285 1632 1412 1662 scilicet
1428 1632 1523 1663 rebus
1539 1632 1597 1664 lae-

866 1677 910 1707 tis
927 1682 962 1707 et
978 1677 1130 1708 tristibus
1147 1677 1206 1706 &c.
1219 1680 1381 1706 movetur.

910 1720 1126 1757 Momentum,
1136 1720 1277 1760 pondus,
1294 1720 1448 1759 gravitas,
1464 1719 1596 1759 proprie

865 1768 900 1794 et
917 1764 1108 1804 improprie.
1132 1763 1211 1793 Nat.
1228 1763 1271 1794 l).
1289 1763 1322 1792 ii.
1346 1763 1398 1794 46.
1423 1769 1514 1792 astra
1530 1762 1596 1793 for-

865 1816 922 1837 ma
937 1808 1007 1847 ipsa
1025 1808 1197 1846 figuraque
1213 1816 1274 1836 sua
1289 1810 1448 1836 momenta
1463 1811 1596 1836 susten-

864 1853 950 1880 tant.
976 1851 1065 1881 Mur.
1083 1853 1114 1881 2.
1139 1854 1299 1880 momenta
1313 1849 1499 1880 officiorum
1519 1859 1595 1888 per-

864 1894 1019 1933 pendere.
1043 1894 1133 1925 Mur.
1150 1896 1181 1924 8.
1210 1897 1365 1923 momento
1390 1892 1460 1932 pari
1483 1893 1593 1923 sortis.

862 1936 920 1968 Or.
937 1938 958 1967 i.
977 1940 1030 1968 31.
1054 1942 1210 1967 momento
1226 1935 1369 1975 quodam
1387 1939 1487 1974 atquc
1498 1935 1592 1974 judi-

862 1980 913 2010 cio
941 1981 1143 2021 dispensare.
1181 1981 1327 2010 *causa
1364 1977 1449 2008 Phil.
1474 1988 1504 2008 v,
1539 1981 1588 2009 10.

862 2024 1009 2054 minimis
1028 2025 1197 2054 momentis
1223 2023 1376 2053 maximae
1393 2027 1590 2061 temporum

861 2066 1094 2097 inclinationes
1126 2067 1224 2097 fiunt.
1260 2066 1278 2084 *
1293 2065 1337 2101 id,
1369 2074 1433 2104 quo
1460 2063 1587 2103 aliquid

859 2115 1004 2148 constat,
1020 2111 1087 2140 vim
1106 2110 1240 2150 accipit.
1264 2109 1381 2139 Partit.
1410 2111 1442 2142 7.
1473 2117 1586 2139 rerum

858 2154 1099 2192 verborumque
1115 2156 1285 2184 momenta.

900 2197 1084 2228 Alonetalis.
1109 2197 1180 2227 Att.
1198 2207 1228 2226 x.
1261 2198 1311 2226 11.
1331 2195 1444 2234 jocose
1461 2193 1586 2232 dictus,

857 2241 914 2280 qui
937 2250 1055 2271 numos
1079 2240 1178 2270 nimis
1202 2244 1306 2276 amat,
1323 2237 1438 2268 acerbe
1467 2237 1585 2277 exigit.

858 2283 918 2314 &c.

899 2327 1086 2358 filonedula.
1110 2325 1216 2356 Flacr.
1247 2328 1299 2357 31.
1325 2333 1391 2355 non
1423 2323 1496 2364 plus
1521 2332 1582 2354 au-

856 2379 930 2400 rum
958 2370 1032 2407 tibi,
1061 2379 1162 2410 quam
1187 2369 1365 2400 nmeduloe
1390 2367 1583 2413 committe-

856 2413 946 2444 bant.

897 2457 1049 2494 lffimitor,
1068 2456 1102 2486 in
1125 2455 1262 2495 judiciis
1288 2458 1340 2484 est
1361 2453 1508 2494 patroni,
1523 2453 1578 2483 cui

853 2500 999 2539 subjicit,
1016 2500 1043 2530 si
1071 2499 1150 2539 quid
1176 2497 1419 2538 pretermittit,
1435 2503 1495 2526 aut
1509 2504 1579 2526 non

854 2543 1056 2574 recordatur.
1084 2543 1116 2572 in
1134 2541 1248 2572 Caecil.
1270 2541 1316 2571 16.
1334 2540 1428 2570 video
1444 2548 1510 2570 non
1526 2543 1577 2578 te,

853 2586 910 2617 sed
941 2586 1031 2617 hunc
1058 2585 1194 2622 librum,
1221 2593 1321 2623 quem
1339 2584 1475 2614 motator
1496 2585 1578 2613 tuus

851 2634 960 2666 tenet,
998 2638 1069 2659 esse
1106 2636 1354 2668 responsurum.
1401 2626 1420 2645 ⁸
1435 2634 1577 2659 nomen-

853 2672 970 2702 clator.
994 2672 1082 2703 Mur.
1105 2672 1157 2702 36.
1192 2671 1278 2701 cives
1305 2680 1365 2711 per
1386 2670 1575 2700 monitorem

852 2715 1029 2756 appellare.

894 2759 1034 2798 Momgn
1033 2768 1176 2795 ammas,
1186 2756 1416 2794 adumbratus,
1430 2754 1577 2786 delinea-

850 2806 916 2832 tus.
939 2801 1019 2832 Nat.
1046 2802 1089 2832 D.
1113 2801 1146 2832 ii.
1173 2802 1227 2833 23.
1250 2799 1488 2840 ηωηοςταηιιιί
1516 2797 1574 2828 Dii

851 2845 998 2886 Epicuri.
1022 2844 1075 2875 Sic
1098 2843 1322 2885 appellantur,
1338 2843 1418 2883 quia
1432 2851 1500 2873 non
1513 2840 1574 2872 ha-

850 2889 933 2920 bent
948 2897 1065 2920 verum
1090 2897 1224 2929 corpus,
1240 2887 1299 2920 sed
1320 2885 1415 2927 quasi
1439 2893 1572 2926 corpus,

893 2941 914 2963 Α
930 2941 950 2963 ι
971 2933 992 2965 2
