1790 3219
561 85 707 116 mmzx
737 84 1034 116 LATimrAns.

46 173 160 208 thesin
182 185 243 217 pro
266 177 380 217 igitur.
405 174 448 207 ad
471 173 546 206 Div.
569 183 600 204 v.
616 173 677 204 ult.
702 178 783 214 puto

48 229 126 250 mea
149 221 301 251 nonnihil
324 221 496 255 interesse,
513 219 729 259 (quamquain
750 217 783 247 id

47 263 159 304 ipsum
183 264 264 304 quid
285 265 430 299 intersit,
449 271 517 292 non
540 259 705 300 intelligo)
733 270 784 290 ve-

45 313 253 345 rumtamen,
276 306 435 347 quicquid
465 304 556 335 illinc
584 305 784 335 nunciatum

48 352 106 387 sit,
123 361 190 382 non
214 352 273 382 διο.
299 351 341 381 ad
363 351 435 381 Att.
455 349 477 378 i.
499 351 548 378 10.
576 357 654 378 cum
677 356 784 378 essem

48 394 85 424 in
99 393 304 430 Tusculano.
319 393 397 434 (erit
412 392 474 422 hoc
487 391 549 422 tibi
566 401 625 432 pro
641 391 697 421 illo
712 396 785 428 tuo,

50 447 130 469 eum
152 447 259 468 ensem
287 438 321 467 in
345 435 530 473 Ceramico)
560 440 786 466 verumtamen

50 489 129 512 eum
147 482 192 512 ibi
206 489 324 511 essem.
363 481 417 510 Sic
433 481 546 519 accipe
563 480 668 519 igitur
682 480 786 509 etiam

49 524 93 555 nd
112 525 189 556 Div.
205 525 262 555 vii.
281 527 331 558 19.
362 523 454 554 Verr.
471 523 517 553 iii.
534 525 565 554 2.
594 523 669 553 init.
694 522 786 552 Verr.

49 568 73 599 i.
95 571 149 600 50.
178 577 245 607 qua
266 572 434 607 potestate
460 569 522 598 iste
550 567 724 606 permissa,
750 571 788 596 ut

49 621 92 642 ex
119 611 157 642 C.
182 609 310 641 Fannio
339 616 374 641 et
399 620 439 641 ex
465 611 506 651 Ω.
532 610 636 640 Tadio
666 619 788 649 cog-no·

49 655 164 693 vistis;
187 658 415 688 verumtamen
435 664 512 685 cum
529 661 614 684 esset
631 655 664 684 in
680 654 788 683 omni-

50 698 112 728 bus
134 697 232 728 rebus
249 699 308 729 dte.
326 699 361 728 in
377 708 442 738 quo
457 698 529 728 loco
544 698 627 728 mire
643 707 676 728 se
693 698 789 727 torsit

49 740 306 773 Rotomannus:
332 742 507 772 Manutius
529 745 642 771 autem
668 740 790 770 intelli-

48 786 101 825 git
124 785 250 816 dimin:
285 785 374 826 quod
398 794 465 815 non
487 794 570 825 opus
593 788 656 822 est,
681 793 788 823 neque

51 829 86 859 in
110 828 173 859 hoe
197 829 282 867 loco,
299 839 406 868 neque
430 830 464 858 in
482 837 534 865 eo,
549 837 649 866 quem
673 827 790 857 attulit

50 872 94 903 ad
116 872 188 903 h.1.
205 882 247 903 ex
274 872 367 903 Verr.
382 873 417 902 ii.
437 875 486 902 11.
516 871 573 902 ubi
596 875 647 901 est
662 870 790 911 simpli-

50 917 138 946 citer
160 926 219 957 pro
240 915 312 953 sed,
327 924 455 946 verum.
483 915 503 933 *
515 922 591 955 post
605 915 789 945 concessio-

51 968 132 990 nem
144 959 258 990 Caecil.
276 962 325 991 15.
348 963 399 989 est
411 958 474 989 hoe
489 958 790 998 aliquid—verum-

52 1008 176 1034 tana.

98 1046 200 1083 Vesci,
215 1045 354 1086 largiter
367 1045 446 1077 frui.
470 1045 541 1076 Fin.
553 1055 584 1075 v.
596 1047 649 1077 20.
674 1046 701 1076 si
718 1054 792 1086 pos-

51 1094 105 1120 set
118 1090 338 1130 paratissimis
354 1091 436 1120 vesci
453 1089 690 1130 voluptatibus.

97 1133 310 1164 VertiImlum.
341 1134 399 1165 Or.
419 1136 469 1164 15.
498 1133 652 1164 vestibula
669 1133 793 1163 aditus-

52 1186 119 1217 que
135 1177 178 1208 ad
192 1187 329 1208 causam
344 1177 446 1207 saciet
463 1177 619 1208 illustres.

99 1221 313 1260 Vestirnenea,
325 1221 365 1252 de
378 1220 535 1261 stragulis
548 1220 706 1251 vestibus.
723 1218 792 1249 He-

52 1274 123 1295 ren.
140 1265 183 1296 iv.
200 1267 254 1296 51.

99 1307 292 1348 Vestigium.
328 1307 435 1339 Flacc-
463 1309 518 1339 25.
556 1317 635 1338 eum
663 1307 794 1347 vestigio

54 1353 199 1392 imperii.
222 1353 245 1383 i.
261 1361 290 1382 e.
307 1358 347 1382 ut
370 1351 502 1382 nullum
524 1353 699 1390 vestig-ium
722 1353 793 1390 ejus

53 1395 276 1435 relinquatur.
307 1395 386 1426 Nat.
402 1395 446 1426 D.
462 1395 509 1426 iii.
521 1399 553 1426 4.
583 1394 727 1425 Zenonis
742 1404 794 1425 ve-

52 1441 171 1479 rugiit,
188 1440 210 1470 i.
225 1449 255 1471 e.
274 1439 385 1476 modo,
401 1438 566 1479 exemplo.

102 1482 254 1521 Vestinis,
268 1483 309 1514 de
329 1482 497 1513 ordinario
512 1483 648 1513 vestitu.
680 1481 744 1512 Pis.
764 1484 794 1512 8.

56 1525 100 1557 ad
120 1528 271 1557 testitum
293 1526 412 1565 redire,
432 1534 479 1556 se.
504 1535 524 1557 a
546 1526 654 1564 luctu,
671 1526 705 1556 in
729 1534 795 1565 quo

56 1573 165 1601 vestes
180 1574 369 1601 mutantur.

101 1613 238 1645 Venire.
268 1613 362 1644 Verr.
378 1614 421 1645 iv.
438 1616 491 1646 55.
520 1614 636 1644 vestire
652 1613 795 1654 parietes

53 1656 191 1688 tabulis.
219 1657 279 1689 Or.
294 1658 317 1688 i.
331 1660 385 1689 31.
414 1658 552 1688 inventa
565 1659 681 1687 vestire
696 1662 796 1696 atque

55 1710 175 1732 ornare
191 1701 354 1732 oratione.
378 1700 458 1732 Nat.
475 1700 518 1732 D.
535 1701 569 1731 ii.
587 1703 638 1732 53.
663 1705 795 1731 montes

56 1746 164 1776 vestiti
180 1749 217 1775 et
230 1742 408 1775 silvestres.

103 1786 220 1826 Vatis,
241 1797 329 1828 sepe
358 1787 554 1828 simpliciter
581 1788 729 1828 positum
757 1786 797 1817 de

56 1837 150 1863 veste
175 1831 340 1872 stragula,
365 1832 607 1873 peristromatis
632 1830 798 1862 triclinio-

58 1885 136 1907 rum
164 1875 418 1916 accipiendum:
451 1875 551 1914 idque
577 1885 594 1905 e
624 1878 798 1912 contextu,

60 1928 102 1950 ex
119 1918 283 1960 epitheto,
298 1928 330 1950 v.
345 1929 374 1950 c.
391 1920 549 1960 pretiosa,
564 1919 606 1950 ab
621 1918 799 1949 attenden-

57 1963 150 1994 tibus
172 1961 270 1993 facile
293 1967 405 2003 potest
427 1962 583 2002 intelligi.
605 1973 634 1993 v.
653 1973 683 1993 c.
713 1960 798 1992 Phil.

57 2007 94 2038 ii.
109 2008 163 2041 27.
186 2007 281 2037 vestis
293 2006 451 2046 pretiosa.
470 2005 563 2037 Verr.
580 2006 614 2037 ii.
630 2008 683 2041 72.
706 2007 801 2037 vestis

59 2049 261 2082 Melitensis.
281 2048 355 2080 Hoc
367 2049 571 2080 monendum
584 2050 710 2090 putavi,
722 2049 802 2089 quia

58 2102 125 2125 usu
147 2093 262 2131 didici,
277 2093 404 2124 tirones
427 2094 462 2124 in
482 2093 546 2124 hoc
560 2094 660 2124 verbo
675 2093 801 2124 intelli-

59 2137 169 2178 gendo
185 2137 356 2168 interdum
367 2136 506 2175 haereoe,
518 2141 578 2169 aut
589 2147 609 2168 a
619 2147 696 2168 vero
707 2137 801 2168 aber-

60 2191 146 2220 rare.

105 2223 338 2262 Veterum-ius,
370 2221 524 2262 callidus,
550 2223 800 2255 fraudulentus.

59 2266 157 2300 Brut.
172 2268 226 2303 67.
252 2268 421 2298 accuratio
437 2267 472 2298 in
488 2267 694 2299 inveniendis
711 2276 802 2298 com-

57 2311 290 2353 ponendisque
331 2311 430 2342 rebus
471 2311 572 2342 eitius
607 2313 803 2342 veterator-ia

61 2364 164 2395 quam
195 2355 354 2392 oratoria,
381 2355 402 2385 i.
432 2364 462 2385 e.
492 2354 572 2385 -JCti
600 2354 713 2386 callidi
742 2360 803 2386 aut

63 2398 232 2430 dialectici
248 2398 435 2440 exercitati.

107 2441 218 2474 Vetus.
237 2442 330 2473 Verr.
347 2443 393 2473 iii.
408 2444 462 2477 93.
482 2446 572 2473 vetus
587 2442 801 2473 innocentia:

62 2484 97 2517 h.
113 2496 144 2517 e.
157 2494 251 2524 vera,
267 2493 404 2525 magna,
420 2485 527 2525 qualis
550 2485 641 2527 apud
662 2486 803 2526 majores

64 2529 141 2561 fuit.

109 2571 271 2612 Veturius,
286 2572 501 2604 diuturnitas
530 2571 571 2602 ad
594 2572 667 2603 Att.
688 2573 755 2603 xiv.
771 2577 803 2608 9.

64 2625 144 2647 nam
168 2618 252 2648 mori
275 2616 396 2648 millies
421 2616 591 2657 praestitit,
607 2622 709 2655 quam
732 2615 805 2647 haec

65 2660 149 2699 pati,
165 2669 240 2700 quie
255 2660 413 2691 videntur
427 2659 583 2690 habitura
596 2664 803 2691 vetustatem.

64 2700 280 2735 *calliditasz
310 2703 432 2746 Quint.
458 2705 510 2734 22.
542 2703 692 2742 ingenio,
713 2707 806 2735 vetu-

64 2749 162 2784 state,
178 2747 320 2778 artifieio
334 2753 375 2779 tu
390 2746 488 2778 facile
504 2747 626 2777 vicisti.

111 2789 249 2821 Vox-are.
270 2789 368 2822 Rose-
379 2791 419 2822 A.
432 2794 486 2826 49.
508 2798 628 2822 vexare
642 2790 731 2821 bona
741 2789 807 2821 for-

65 2838 231 2875 tunasque
255 2838 403 2866 nostras:
427 2834 461 2865 h.
477 2843 507 2866 e.
524 2833 672 2866 insidiari
695 2835 746 2866 iis.
764 2835 807 2866 ad

1480 77 1564 126 ⁴77

828 174 904 205 Div.
921 176 986 205 xiv.
1003 177 1034 206 2.
1061 179 1094 206 et
1111 175 1337 208 valetudinem
1356 177 1455 208 istam
1472 177 1566 209 infir-

826 227 930 254 mnm,
954 219 982 248 si
1006 228 1059 248 me
1083 229 1187 257 amas,
1213 221 1281 252 noli
1303 231 1446 251 vetare:
1476 221 1510 252 h.
1533 223 1566 253 e.

825 259 986 300 affligere,
1002 270 1067 291 non
1086 274 1218 302 parcere
1240 265 1281 295 ei.
1306 265 1385 296 Nat.
1401 265 1444 296 D.
1459 265 1492 295 ii.
1508 266 1563 300 29.

826 303 918 334 locus
945 314 964 334 a
989 306 1103 335 vestris
1133 311 1290 338 ιασταέω
1321 313 1439 339 contra
1461 318 1564 348 quem

826 347 921 378 valde
944 347 1136 388 disputatis,
1151 360 1250 388 quein
1275 352 1368 382 valde
1388 351 1568 393 reprehen-

827 391 906 422 ditis
929 391 1142 432 disputando.
1174 393 1216 422 cf.
1240 394 1340 425 Gron.
1365 396 1445 426 Obs.
1470 395 1517 426 iii.
1533 398 1566 427 4.

827 435 1063 466 *contumelia
1087 436 1228 466 afficere.
1257 437 1332 468 Vat.
1360 441 1384 469 1.
1411 444 1566 470 vexatum

828 478 1011 509 dimittere.

875 522 1052 560 Vexillum,
1079 521 1205 560 velum,
1233 533 1454 563 purpureum,
1478 525 1568 565 quod

829 571 881 597 est
897 566 985 607 apud
1002 567 1134 604 ducem,
1149 571 1184 597 et
1200 566 1241 597 ab
1256 576 1296 596 eo
1311 569 1511 606 proponitur
1525 569 1568 601 ad

830 611 962 649 signum
975 610 1098 641 futnrae
1111 619 1233 650 pugnae
1246 610 1406 640 dandum.
1419 611 1460 641 cf.
1478 611 1570 652 Lips.

831 653 871 683 de
903 653 1003 684 Milit.
1028 654 1067 684 R.
1091 654 1133 684 iv.
1162 655 1211 685 12.
1242 653 1299 684 sed
1323 655 1573 694 proponebatur

831 698 932 727 etiam
958 699 1113 728 vexillum
1137 699 1171 728 in
1197 697 1330 728 delectu
1353 696 1493 728 militari
1512 698 1573 728 ha-

831 740 950 771 bendo.
982 741 1061 771 hinc
1092 741 1165 772 illa:
1203 741 1274 772 Att.
1304 751 1335 772 x.
1370 743 1419 772 15.
1456 743 1573 772 vexillo

830 793 914 824 opus
930 788 998 822 est3
1020 785 1254 815 convolabunt.
1278 784 1362 815 Phil.
1374 794 1406 815 v.
1421 787 1470 816 ll.
1487 794 1572 816 num

832 827 965 866 quando
993 828 1118 858 civibus
1148 828 1286 869 perditis
1311 830 1483 867 vexillum,
1507 839 1573 868 quo

832 871 1250 909 concurrant,defuturum
1263 872 1411 912 putatis?
1426 872 1468 902 cf.
1483 872 1575 914 Lips.

832 914 853 944 l.
871 925 899 945 c.
917 915 938 945 i.
955 918 986 946 3.
1013 920 1049 945 et
1068 915 1200 946 Reines.
1217 916 1259 945 ad
1276 915 1431 956 inscript.
1447 926 1478 956 p.
1495 919 1573 948 340.

832 958 890 988 ubi
906 962 1113 989 memoratur
1124 960 1279 990 vexillum
1291 959 1432 989 rubeum
1448 960 1484 990 in
1498 966 1575 992 arce

833 1002 980 1042 positum
1004 1002 1153 1033 delectus
1177 1012 1287 1033 causa.
1321 1003 1434 1033 Etiam
1459 1003 1494 1034 in
1517 1013 1575 1035 eo-

832 1045 931 1076 loniis
961 1046 1164 1077 deducendis
1199 1048 1357 1077 vexillum
1391 1046 1576 1079 tollebatur

834 1096 869 1118 et
892 1089 1141 1129 praeferebatur.
1173 1090 1252 1130 Agr.
1275 1090 1311 1120 ii.
1333 1092 1386 1121 3⁶2.
1414 1092 1575 1122 vexillum

834 1133 984 1163 coloniae.
1017 1134 1100 1164 Phil.
1124 1134 1159 1164 ii.
1182 1136 1236 1165 40.
1267 1133 1454 1164 Casilinum
1486 1135 1576 1166 colo-

834 1177 925 1206 niam
937 1176 1204 1214 deduxisti,—ut
1216 1179 1369 1208 vexillum
1381 1177 1530 1216 tolleres,
1539 1182 1576 1210 et

834 1224 983 1251 aratrum
1007 1221 1287 1252 circumduceres.
1309 1221 1368 1251 ubi
1383 1220 1449 1252 vid.
1471 1221 1577 1253 Abra·

835 1273 934 1295 mnus.

880 1307 954 1339 Via.
978 1308 1072 1338 Prov.
1091 1307 1189 1338 Cous.
1204 1309 1235 1340 2.
1257 1310 1312 1339 m'a
1327 1308 1507 1348 militaris3
1526 1312 1579 1341 est

836 1353 888 1382 via
912 1352 981 1382 lata
1003 1357 1037 1382 et
1052 1358 1172 1390 strata,
1188 1362 1246 1392 per
1266 1362 1367 1392 quam
1391 1351 1578 1393 Imperato-

835 1404 887 1426 res
911 1395 1041 1426 ducunt
1063 1396 1230 1426 exercitus
1251 1396 1292 1426 ad
1309 1406 1414 1434 mare,
1430 1402 1470 1427 ut
1486 1397 1579 1428 navi-

835 1439 897 1469 bus
919 1439 1145 1478 trajiciantur,
1163 1439 1273 1470 autin
1294 1440 1492 1480 provincias.
1507 1439 1578 1480 yid.

836 1482 1044 1513 Hotomann.
1072 1483 1114 1513 ad
1139 1483 1173 1513 h.
1200 1482 1222 1513 l.
1248 1484 1469 1524 inprimisque
1497 1482 1580 1516 Berss

837 1527 958 1565 gierius
987 1526 1027 1556 de
1053 1526 1122 1557 viis
1147 1527 1245 1558 Rom.
1272 1526 1428 1568 publicis,
1451 1528 1499 1559 iii.
1524 1531 1579 1560 54.

836 1570 1053 1601 *methodus
1080 1570 1176 1601 Orat.
1202 1571 1224 1601 i.
1252 1574 1301 1606 19.
1333 1570 1466 1602 dicendi
1491 1572 1580 1604 ratio

837 1623 876 1644 ac
899 1616 964 1645 υἱα.
995 1614 1066 1644 Pin.
1083 1614 1117 1645 ii.
1138 1617 1167 1644 l.
1191 1615 1246 1645 via
1261 1620 1296 1645 et
1312 1615 1441 1645 ratione
1465 1615 1580 1656 dispu-

836 1661 920 1688 tare.
949 1657 992 1688 N.
1010 1658 1053 1688 D.
1070 1658 1105 1688 ii.
1122 1659 1175 1689 22.
1206 1659 1262 1689 via
1284 1658 1449 1699 progredi.
1472 1658 1580 1690 *hinc

838 1701 915 1732 Div.
932 1701 965 1731 ii.
985 1704 1012 1732 l.
1042 1702 1112 1732 vias
1134 1701 1341 1742 optimarum
1364 1702 1489 1733 artium
1510 1707 1581 1734 tra*-

839 1744 929 1783 dere,
951 1750 1012 1785 pro
1036 1745 1116 1785 ipsis
1139 1746 1280 1784 artibus,
1296 1755 1371 1786 quae
1394 1746 1448 1776 via
1470 1750 1506 1776 et
1529 1757 1582 1778 ra·

837 1789 931 1819 tione
961 1788 1156 1820 traduntur.
1185 1789 1304 1820 *ratio
1333 1794 1368 1820 et
1397 1789 1516 1821 modus
1545 1794 1582 1823 et

839 1833 969 1863 occasio
992 1832 1134 1870 alicujus
1157 1833 1204 1863 rei
1228 1833 1485 1872 consequendae,
1507 1843 1584 1875 per-

839 1875 1044 1906 ficiendaeve.
1081 1875 1176 1907 Verr.
1210 1877 1257 1907 iii.
1287 1879 1341 1912 94.
1379 1876 1582 1909 auctoritate

840 1921 929 1950 viam
953 1919 1141 1960 patefacere
1165 1919 1343 1951 illustrem.
1373 1920 1415 1951 ad
1437 1920 1514 1953 Div.
1538 1922 1584 1954 iv.

844 1966 894 1995 13.
918 1971 1035 1994 omnes
1050 1965 1122 1994 vias
1137 1973 1330 2004 persequar,
1345 1964 1466 2003 quibus
1481 1968 1583 2005 puta-

842 2007 896 2045 bo,
915 2007 955 2038 ad
971 2007 1018 2045 id,
1031 2007 1120 2058 quod
1134 2007 1302 2046 volumus,
1318 2008 1491 2059 pervenire
1506 2019 1583 2050 pos-

841 2060 888 2082 se.
911 2051 1008 2091 adQ.
1026 2051 1077 2081 Fr.
1091 2051 1114 2082 i.
1129 2054 1158 2082 l.
1172 2061 1201 2081 e.
1216 2054 1246 2083 5.
1264 2060 1380 2082 omnes
1396 2053 1468 2082 vias
1481 2057 1585 2093 pecu·

842 2095 907 2125 niae
924 2099 1060 2125 norunt.
1083 2094 1220 2135 Joseph.
1234 2094 1314 2126 Ant.
1326 2096 1370 2126 vi.
1388 2098 1416 2126 1.
1433 2096 1464 2127 2.
1474 2108 1585 2137 μηχα-

842 2137 886 2171 mv
900 2138 953 2168 neu
968 2150 1057 2180 vogn
1071 2139 1123 2172 τῆς
1139 2139 1330 2188 n'zaeoemafyiis
1347 2137 1473 2176 ἔζῆτοῠν.
1488 2139 1586 2171 *ele-

842 2191 925 2222 gans
940 2186 991 2212 est
1005 2182 1089 2212 iilud
1111 2182 1154 2212 ad
1168 2183 1239 2212 Att.
1264 2183 1298 2212 ii.
1318 2185 1368 2217 19.
1391 2192 1453 2222 ego
1468 2188 1586 2216 autem

842 2229 951 2265 neque
980 2234 1094 2265 pugno
1117 2235 1195 2256 eum
1227 2225 1286 2256 illa
1315 2235 1585 2267 causa,—neque

843 2269 989 2310 approbo
1003 2284 1048 2292 -
1062 2272 1140 2300 utor
1160 2271 1235 2300 vt'a:
1266 2269 1300 2300 h.
1324 2280 1353 2299 e.
1377 2273 1450 2300 arte
1473 2271 1589 2311 aliqua

843 2312 993 2343 medium
1027 2317 1140 2351 teneo,
1163 2316 1204 2343 ut
1240 2321 1349 2352 neque
1382 2313 1584 2355 improbem,

844 2366 954 2395 neque
971 2356 1108 2396 probare
1124 2355 1246 2387 videar.

889 2400 1068 2437 Viatia-um,
1081 2400 1236 2439 pecunia,
1248 2402 1326 2440 quae‘
1339 2410 1380 2430 ex
1395 2401 1513 2432 aerario
1528 2401 1588 2433 da-

843 2446 903 2474 tur
940 2443 982 2473 ad
1020 2443 1273 2483 magistratibus
1313 2444 1586 2485 provincialibus,

845 2486 1078 2527 quaestoribus,
1109 2487 1242 2527 legatis,
1272 2487 1502 2519 instrumenta
1533 2490 1591 2520 iti-

846 2530 934 2561 neris
958 2531 1195 2571 comparanda‚
1211 2535 1251 2561 ut
1266 2531 1497 2570 tabernacula,
1513 2534 1590 2564 mu·

846 2573 908 2611 los,
927 2578 986 2604 διο.
1009 2573 1152 2604 dabatur
1167 2578 1282 2605 autem
1298 2575 1444 2615 pecunia
1457 2576 1590 2607 'redem-

845 2617 988 2655 toribus,
1004 2618 1061 2657 qui
1077 2617 1149 2648 haec
1172 2618 1234 2649 vite
1250 2619 1478 2650 instrumenta.
1491 2629 1590 2651 cura-

848 2666 935 2692 rent.
960 2660 1002 2691 ad
1017 2661 1095 2691 Div.
1112 2661 1169 2692 xii.
1186 2665 1219 2693 3.
1242 2671 1272 2693 v.
1287 2661 1401 2703 Sigon.
1417 2663 1498 2694 Ant.
1512 2662 1589 2695 «Jur.

848 2704 1001 2735 Provinc.
1031 2704 1079 2735 iii.
1107 2707 1155 2736 11.
1185 2704 1328 2737 casaub.
1351 2706 1395 2737 ad
1415 2705 1588 2748 Theophr.

848 2757 877 2778 c.
899 2750 947 2778 ll.

894 2790 1020 2830 Viator,
1044 2790 1200 2823 minister
1223 2793 1498 2833 magistratuum,
1523 2801 1591 2832 quo

849 2838 1006 2874 utuntur,
1024 2835 1065 2868 ad
1080 2835 1235 2868 homines
1258 2836 1483 2869 arcessendos.
1507 2835 1592 2869 Cato
