1804 3235
566 484 1164 552 PRAEFATIO

385 649 879 703 EDITIONIS
932 649 1345 712 QUARTAE.

124 895 278 962 ETSI
309 917 529 981 putabam,
550 932 632 969 me,
654 918 727 974 qui
750 918 855 959 mihi
883 918 1117 975 diligentiae
1141 918 1335 960 conscius
1357 932 1505 969 essem,
1527 933 1611 974 qua

123 977 170 1018 in
213 976 399 1018 secunda
438 975 565 1030 hujus
601 975 698 1016 libri
727 976 915 1016 editione
948 991 1046 1017 usus
1081 991 1209 1026 eram,
1243 975 1347 1016 niliil
1380 975 1612 1030 reliquisse,

121 1033 239 1089 quod
271 1033 313 1074 in
339 1047 390 1074 eo
413 1031 553 1074 locum
586 1031 742 1073 habere
772 1033 949 1075 debeat:
982 1044 1139 1084 tamen,
1161 1033 1233 1088 qui
1268 1033 1378 1072 idem
1410 1032 1610 1094 sciebam,

122 1105 251 1146 quam
274 1089 399 1131 facile
418 1099 543 1139 esset,
565 1089 758 1145 aliquid
750 1104 793 1129 ιη
816 1089 898 1130 hoc
919 1104 1073 1145 genere
1095 1090 1250 1131 laboris
1272 1088 1610 1144 pretermittere,

121 1161 222 1188 cum
263 1147 317 1188 ad
358 1146 649 1188 recensionem
701 1160 879 1202 operum
923 1147 1143 1187 Ciceronis
1194 1146 1463 1196 accedebam,
1504 1145 1610 1186 mihi

120 1203 260 1268 legem
282 1203 375 1259 ejus
397 1202 554 1244 laboris
575 1203 705 1244 etiam
736 1204 846 1243 hanc
868 1202 975 1253 dixi,
1001 1214 1049 1244 ut
1078 1204 1303 1259 diligenter
1333 1202 1610 1253 attenderem,

120 1261 157 1301 si
189 1261 293 1316 quid
325 1270 436 1301 esset
469 1260 512 1301 in
549 1260 688 1300 verbis
721 1269 764 1300 et
796 1260 1202 1311 constructionibus,
1232 1260 1346 1316 quod
1386 1274 1410 1299 a
1445 1258 1609 1314 vulgari

121 1317 288 1358 ratione
322 1328 366 1358 et
403 1326 507 1357 nota
538 1316 737 1357 omnibus
776 1316 991 1357 recederet
1027 1317 1168 1372 aliquo
1201 1317 1344 1367 inodo,
1380 1324 1441 1366 ut,
1475 1316 1516 1356 id
1554 1330 1609 1357 an

121 1383 316 1415 notatum
339 1383 451 1415 esset
480 1374 523 1414 in
548 1372 679 1414 Clave
701 1373 902 1424 viderem,
933 1384 1061 1429 atque
1092 1388 1125 1413 s1
1156 1374 1198 1414 id
1231 1389 1315 1414 non
1337 1382 1460 1422 esset,
1482 1371 1610 1412 adde-

122 1445 226 1472 r.em
288 1430 388 1472 Hoc
409 1431 538 1471 modo
561 1431 728 1471 auctior
749 1430 887 1471 factus
909 1441 974 1471 est
1002 1430 1168 1471 libellus
1196 1430 1419 1471 latinitatis
1440 1428 1608 1469 notitia.

120 1488 206 1529 Sed
228 1487 449 1528 similiter
441 1501 484 1527 in
505 1487 598 1527 aliis
627 1487 854 1542 generibus
879 1487 974 1538 feei,
998 1496 1058 1538 ut,
1081 1487 1113 1528 si
1137 1488 1306 1542 quidem
1331 1486 1420 1526 fieri
1452 1495 1609 1540 posset,

120 1543 262 1586 nihil
252 1559 297 1585 in
318 1543 390 1584 illo
413 1558 567 1600 genere
589 1554 714 1594 esset,
735 1544 848 1599 quod
872 1544 1098 1585 desiderari
1120 1554 1277 1600 posset,
1296 1553 1423 1598 atque
1445 1542 1505 1582 ita
1526 1542 1608 1584 hoe

120 1615 230 1658 opus
270 1601 387 1642 omni
429 1601 558 1641 modo
599 1601 652 1642 ad
690 1601 997 1656 perfectionem
1034 1601 1327 1642 adduceretur.
1388 1599 1609 1640 Interdum

120 1673 222 1699 vero
243 1658 373 1699 etiam
404 1658 599 1699 breviora
620 1657 758 1708 effeci,
780 1673 876 1712 quae
907 1668 1006 1698 ante
1036 1657 1310 1714 scripseram:
1343 1666 1470 1719 atque
1491 1656 1608 1696 omni

119 1715 250 1756 modo
283 1715 647 1755 accommodatius
680 1715 848 1756 efficere
882 1714 993 1755 volui
1028 1713 1111 1755 hoc
1144 1714 1395 1770 opusculum
1425 1712 1609 1768 ingeniis

118 1787 171 1814 ac
193 1771 377 1812 studiis
359 1785 569 1826 Juvenum
585 1771 807 1812 Cieeiouis
826 1772 985 1827 scripta
1001 1770 1233 1826 legentium
1253 1781 1295 1812 et
1318 1769 1607 1819 tractantium,

60 1869 62 1871 ,
120 1837 170 1869 ut
202 1842 330 1884 quam
361 1827 561 1869 facillime
591 1828 827 1884 intelligere
859 1843 951 1882 ejus
984 1829 1143 1884 scripta
1173 1837 1216 1869 et
1250 1828 1294 1868 in
1330 1827 1379 1867 iis
1417 1826 1607 1882 legendis

120 1885 212 1926 sine
233 1884 429 1926 molestia
449 1900 604 1926 velsurl
628 1895 815 1941 possent.
876 1884 1006 1931 Quod
1029 1899 1062 1924 ει
1088 1884 1261 1940 perfeci,
1285 1899 1369 1925 non
1400 1883 1508 1922 male
1538 1896 1607 1922 me

120 1942 204 1983 hoc
225 1941 370 1983 labore
391 1942 444 1982 de
458 1942 688 1997 juventute
710 1942 927 1982 literarum
950 1941 1177 1983 latinarum
1200 1941 1389 1983 studiosa
1408 1939 1607 1980 melitum

119 1999 297 2056 putabo.
357 1999 448 2040 Ser.
473 1999 569 2040 Kal.
595 2000 714 2055 Sept.
739 2012 938 2040 croiocc
959 2012 1127 2040 Lxxvr.
