1815 3209
213 191 268 228 54

215 291 263 318 cei
286 288 429 330 Sicyonii
450 292 540 332 apud
562 297 699 324 veteres.
721 294 785 325 vid.
801 295 840 325 de
856 295 914 326 Or.
931 295 954 326 i.
984 329 986 331 ,

216 334 268 363 54.
292 338 327 363 et
341 335 430 365 olivoe
447 336 605 376 Sieyonioe
620 337 709 378 apud
722 338 899 379 Virgilium
915 339 951 369 in

216 376 396 416 Georgicis.

259 419 353 459 Sida,
376 421 419 452 ad
442 423 518 454 Div.
539 422 594 453 lib.
621 424 668 455 iii.
691 424 722 455 6.
753 425 829 455 urbs
856 425 952 456 Pam-

213 463 345 504 phyliae.

258 507 436 547 Sidicinus,
463 509 504 540 ad
525 510 596 540 Att.
621 511 664 541 vi.
694 514 721 542 1.
748 521 767 541 a
794 511 948 549 Sidicino,

213 551 345 582 colonia
359 553 430 592 agri
446 553 620 594 Campani.

259 596 409 634 Sigeum,
429 598 707 636 promontorium,
727 597 887 638 oppidum
915 602 950 628 et

214 646 330 678 portus
344 639 494 670 Troadis.

258 683 332 713 Sila
360 685 457 721 silua,
484 683 539 713 ΒΥ.
567 685 619 714 22.
651 685 783 724 picariis
810 683 948 715 celebris

210 725 292 756 silva
323 727 357 756 in
388 727 543 764 Bruttiis,
574 737 675 767 prope
707 728 947 758 Mamertinam

210 770 338 800 urbem.
363 780 392 801 v.
416 770 540 800 Fabric.
571 777 605 800 et
629 770 745 801 Heius.
769 771 811 801 ad
829 771 946 811 virgil.

210 813 286 843 AEn.
303 814 360 843 xii.
376 817 450 848 715.
482 814 648 844 Fabricius
665 815 725 851 ait,
742 825 776 845 se
798 815 944 855 primum

210 855 305 886 illum
317 857 485 887 Ciceronis
495 856 605 887 locum
615 868 632 887 e
642 857 735 888 MSS.
748 859 946 890 restituisse.

255 900 350 931 Silva
366 901 518 938 Scantia,
534 911 564 930 v.
583 901 721 932 Scantia
735 903 830 933 silva.

254 944 384 983 Simque,
402 944 479 973 urbs
496 944 606 974 Ponti.

253 987 493 1017 Sinuessanum
530 985 762 1026 dirersoriuim
792 988 834 1019 ad
870 988 947 1019 Div.

208 1031 264 1061 xii.
291 1033 343 1061 20.
377 1030 545 1067 Sinuessa,
569 1031 729 1071 oppidum
757 1037 792 1062 et
818 1032 948 1062 colonia

207 1074 298 1104 Latii
321 1074 356 1104 in
380 1075 500 1105 finibus
526 1075 717 1114 Campaniae
739 1079 833 1106 trans
851 1075 947 1106 Lirin

209 1127 355 1148 amnem.

251 1161 436 1200 Sipontum,
447 1161 524 1191 urbs
535 1161 676 1202 Apuliae.
693 1162 816 1193 Graecis
833 1162 945 1202 &pu-5,

207 1204 249 1234 ad
265 1205 334 1234 Att.
351 1205 394 1235 vi.
411 1207 441 1236 2.

251 1247 397 1288 Sipylus,
420 1258 516 1278 mons
538 1248 666 1288 Lydiae,
684 1248 726 1279 ad
748 1259 848 1289 quem
872 1249 945 1280 Ma-

205 1293 321 1331 gnesia
334 1291 448 1322 altera.

252 1335 379 1375 Sisapo,
407 1334 490 1366 Phil.
517 1336 550 1366 ii.
577 1339 627 1370 19.
653 1336 731 1366 urbs
759 1335 944 1375 Hispaniae‚

207 1380 302 1417 cujus
325 1389 421 1409 verus
445 1379 528 1409 situs
554 1389 621 1409 non
645 1379 724 1409 satis
748 1384 858 1410 certus
883 1384 944 1410 est.

205 1422 256 1452 Ad
268 1432 342 1452 eam
356 1423 511 1452 miniaria
520 1422 668 1460 metalla,
682 1433 755 1461 quae
767 1424 944 1453 societates

205 1466 462 1506 publicanorum
501 1467 711 1496 exercebant.
750 1467 814 1497 vid.
859 1466 944 1497 Plin.

204 1510 318 1540 xxxiii.
355 1514 385 1543 7.
432 1509 528 1539 Unde¹
568 1510 800 1549 proverbium:
844 1510 945 1541 Tenes

203 1563 280 1583 cum
295 1554 398 1589 sociis,
415 1557 585 1592 tamquam
604 1553 805 1593 Sisaponem.
835 1563 866 1584 v.
883 1555 944 1584 Su-

204 1597 304 1626 ritam
329 1602 363 1626 ct
387 1596 457 1627 Ccl.
480 1595 678 1635 wesseling.
703 1597 745 1627 ad
767 1597 847 1628 Ant.
865 1597 944 1628 ltin.

202 1650 236 1680 p.
253 1643 327 1671 444.
373 1640 438 1670 Sed
454 1641 488 1670 in
505 1641 619 1680 primis
634 1640 782 1671 Turueb.
807 1640 889 1671 Adv.
912 1652 944 1672 x.

209 1684 259 1714 16.

248 1728 409 1766 Smyrna,
426 1728 504 1758 urbs
524 1727 639 1763 Ioniae,
657 1727 744 1757 unde
768 1727 943 1767 Smyrnoei.

250 1771 421 1807 Salentini,
439 1771 473 1800 in
489 1771 582 1801 Verr.
604 1770 660 1801 lib.
683 1771 729 1801 iii.
752 1774 804 1802 43.
826 1771 944 1802 ineolae

204 1814 317 1854 oppidi
335 1815 369 1844 in
387 1814 509 1851 Sicilia,
527 1813 615 1853 quod
631 1818 681 1844 est
700 1815 881 1851 ‚Selenium>
895 1815 942 1846 vel

205 1858 322 1890 Solus;
343 1858 429 1887 unde
447 1863 481 1887 et
500 1858 666 1888 Solzmtini
682 1858 854 1898 dicuntur,
870 1870 942 1899 quai

205 1902 370 1941 scriptura
387 1906 437 1931 est
455 1902 489 1931 in
508 1901 629 1931 nuniis.

250 1945 330 1981 Soli,
347 1945 506 1985 oppidum
525 1944 661 1975 Ciliciae.

249 1989 416 2019 Solonium
439 1988 481 2017 ad
503 1988 572 2017 Att.
599 1989 633 2018 ii.
658 1992 689 2023 7.
713 1998 850 2028 campus
873 1990 944 2029 agri

202 2032 381 2063 Lanuvini.
398 2033 479 2062 item
497 2031 536 2061 de
552 2032 666 2062 Divin.
680 2031 866 2071 aliquoties.

247 2074 408 2112 Soranus,
425 2086 444 2105 a
462 2075 546 2105 Sora
562 2075 683 2115 oppido
700 2076 800 2106 Latii.

249 2120 387 2158 Sparta,
421 2120 497 2149 urbs
531 2119 764 2158 Peloponnesi,
797 2129 871 2159 quae
909 2124 944 2150 et

204 2163 438 2200 Lacedaemon,
471 2166 574 2202 caput
607 2162 781 2193 Laconicae
801 2175 810 2202 ς
854 2163 943 2193 uude

206 2207 395 2246 Spartiatce.

251 2249 461 2286 Stabianum,
480 2248 522 2279 ad
547 2248 624 2279 Div.
646 2248 702 2279 lib.
727 2249 781 2280 vii.
808 2252 836 2279 l.
859 2260 943 2290 prae—

203 2293 295 2324 dium
314 2293 355 2322 ad
373 2293 516 2329 stabias,
533 2292 693 2332 oppidum
710 2293 913 2332 Campaniae.

250 2337 484 2373 Statiellenses,
501 2336 542 2365 ad
557 2336 634 2366 Div.
646 2335 757 2366 lib.xi.
779 2340 827 2367 ll.
856 2337 942 2367 cives

204 2381 295 2411 urbis
314 2380 473 2419 Liguriae,
489 2379 579 2409 inter
593 2379 781 2410 Dertonam
800 2384 835 2410 et
851 2380 943 2411 vada

203 2424 349 2461 Sabatia,
371 2433 442 2463 quae
465 2423 638 2452 dicebatur
656 2423 758 2464 Aqua:
780 2423 942 2455 Statielloe

204 2478 263 2498 seu
280 2467 381 2506 Aquoe
399 2467 642 2497 Statiellonnm.

250 2511 398 2541 Stellatis
419 2519 566 2549 campus,
583 2510 699 2549 Agrar.
717 2511 738 2540 i.
755 2514 785 2544 7.
819 2511 854 2540 in
871 2521 939 2541 me-

203 2554 392 2584 diterranea
408 2554 603 2593 Campania,
621 2553 660 2583 de
683 2564 748 2593 quo
768 2554 940 2585 adeundus

205 2597 365 2628 Camillus
390 2597 549 2637 Campan.
584 2597 649 2627 rel.
674 2598 762 2628 Diss.
787 2598 821 2629 ii.
838 2608 866 2630 e.
887 2602 939 2630 33.

199 2652 252 2680 sq.

248 2685 442 2721 Suburana,
470 2683 585 2723 Agrar.
610 2683 644 2714 ii.
671 2686 724 2718 29.
752 2685 860 2716 tribus
886 2696 941 2716 ur-

201 2728 299 2758 bana.
336 2759 338 2762 ,

246 2772 362 2808 Sum-o,
380 2771 472 2801 Ball).
494 2774 520 2801 1.
539 2771 657 2801 fluvius
675 2770 857 2812 Hispaniae.

248 2816 380 2851 Suessa,
395 2815 477 2844 Phil.
497 2815 542 2844 iii.
560 2818 590 2844 4.
618 2814 779 2846 Aurunca
791 2817 827 2846 in
841 2817 938 2847 Cam-

197 2859 297 2899 pania
312 2869 413 2898 prope
430 2858 632 2888 Minturnas.

242 2902 370 2939 Sulmo,
387 2902 464 2932 urbs
482 2902 515 2932 in
532 2902 687 2941 pelignis.

241 2945 398 2981 Samum,
422 2946 701 2986 promontorium,
719 2947 796 2977 urbs
821 2951 855 2978 et
880 2958 937 2988 pa-

182 2998 256 3028 gus
273 2989 405 3020 Atticae.

721 204 868 233 1101sz
887 205 1005 233 GEOG
1011 205 1133 233 RAPH
1140 207 1253 235 Icus.

1036 294 1168 335 Subota,
1200 295 1285 336 plur.
1318 295 1360 326 ad
1387 294 1458 325 Att.
1488 305 1518 326 v.
1548 299 1578 330 9.
1610 293 1728 325 insulan

991 342 1058 369 tres
1090 350 1189 380 prope
1222 339 1410 379 Corcyram.
1442 338 1551 369 Schol.
1576 338 1605 369 T
1607 337 1728 378 hucyd.

992 382 1034 413 ad
1051 383 1071 412 i.
1089 386 1142 416 47.

1036 424 1209 464 Synnada,
1222 425 1308 466 plur.
1324 426 1401 456 urbs
1418 424 1568 465 Phrygiae
1586 434 1727 464 magnae.

992 469 1074 500 item
1092 469 1236 508 Synnas,
1254 470 1295 499 ad
1311 470 1382 499 Att.
1400 479 1429 499 v.
1451 469 1499 499 16.
1517 468 1617 498 dieta.

1034 511 1218 551 Syracusa‘.
1234 513 1422 553 Descriptio
1431 514 1667 552 Syracusarum
1677 515 1729 540 est

991 556 1024 585 in
1049 554 1142 586 Verr.
1166 557 1208 586 iv.
1241 557 1297 586 ubi
1321 560 1401 586 sunt
1423 560 1566 595 quatuor
1589 558 1724 584 tantuin

991 604 1115 638 partes,
1128 599 1178 629 vcl
1196 599 1342 639 Epipolis
1359 610 1424 629 non
1443 599 1649 635 numerati53
1673 596 1727 626 vel

990 641 1116 679 Insula,
1133 643 1174 672 ob
1197 652 1312 672 causas
1337 653 1416 681 quas
1434 642 1505 672 »ide
1524 652 1576 682 ap.
1594 640 1728 672 Dorvil-

989 685 1071 716 lium
1090 685 1168 716 ltin.
1187 687 1250 716 Sic.
1265 697 1296 726 p.
1317 690 1386 720 ΠΤ.
1403 696 1451 725 sq.

1034 729 1265 768 Syractffianus
1286 734 1403 768 portus
1417 742 1422 760 :
1452 729 1582 769 quoties
1611 737 1727 758 oecur-

988 774 1044 810 rit,
1076 772 1314 809 intelligendus
1345 774 1460 811 major.
1500 782 1577 802 nain
1616 772 1727 802 minor

988 816 1160 846 dicebatur
1174 818 1331 846 Las-cius.-
1348 826 1378 846 ν.
1390 817 1474 847 Dori
1484 816 1570 846 illius
1585 815 1627 846 ad
1640 815 1726 846 Cha-

988 860 1132 890 ritonem
1150 871 1180 900 p.
1198 862 1271 890 2³:⁶2.

1032 902 1181 942 Sgpffira,
1200 903 1240 933 ad
1256 904 1324 933 Att.
1345 903 1378 933 ii.
1396 906 1426 934 4.
1452 903 1542 933 locus
1558 903 1592 932 in
1608 902 1724 933 Arme-

987 946 1043 976 nia
1060 946 1188 977 celeber
1203 947 1408 977 aurifodinis.

1339 1077 1379 1108 T.

1034 1159 1208 1198 Tanagra,
1239 1169 1299 1200 pro
1329 1162 1429 1192 Doni.
1469 1164 1520 1192 43.

986 1202 1134 1233 Boeotiae.

1034 1247 1231 1284 Tarentum,
1267 1247 1345 1277 urbs
1384 1247 1544 1279 Calabriae
1583 1249 1728 1280 celeber-

987 1291 1084 1328 rima,
1101 1291 1260 1328 vestibus,
1278 1290 1375 1328 lanis,
1392 1291 1450 1321 &c.

1033 1334 1205 1373 Tarpeias,
1223 1344 1316 1364 mons
1340 1334 1468 1372 Romae,
1485 1335 1520 1365 in
1542 1346 1607 1376 quo
1625 1336 1725 1378 Capi-

986 1377 1117 1408 tolium.

1033 1421 1218 1461 Tarquinii,
1247 1421 1407 1462 oppidum
1433 1421 1601 1453 Etruriae:
1634 1423 1724 1455 unde

989 1465 1226 1504 Tarquiniense
1238 1467 1466 1505 municipium,
1480 1476 1538 1506 pro
1556 1467 1680 1497 Caecin.
1696 1470 1725 1499 1.

987 1515 1021 1538 et
1039 1508 1284 1548 Tarquiniensis
1300 1519 1395 1547 ager,
1414 1509 1454 1539 de
1470 1510 1547 1540 Div.
1565 1510 1600 1542 ii.
1617 1512 1669 1542 22.

1032 1552 1232 1590 Tarracina,
1251 1552 1293 1582 ad
1308 1553 1378 1582 Att.
1403 1553 1458 1583 vii.
1483 1557 1513 1584 5.
1538 1554 1615 1584 urbs
1636 1554 1724 1585 Latii

987 1595 1028 1625 ad
1052 1606 1156 1634 mare,
1173 1606 1247 1635 quae
1269 1601 1303 1626 et
1323 1597 1447 1627 Anaeur
1467 1596 1591 1629 dieitur
1605 1597 1725 1628 volsco

987 1649 1133 1669 nomme.
1620 1672 1623 1673 γ

1031 1681 1192 1713 Tarichea
1214 1683 1342 1719 Castra,
1360 1682 1401 1712 ad
1417 1683 1492 1713 Div.
1516 1684 1573 1714 xii.
1598 1686 1647 1715 11.
1681 1685 1724 1715 ad

987 1726 1194 1764 Taricheam,
1212 1726 1370 1766 oppidum
1390 1726 1518 1757 Judaeae
1540 1728 1725 1759 munitissi-

986 1779 1091 1800 nium.

1031 1814 1168 1850 Tarsus,
1186 1818 1286 1853 caput
1303 1813 1441 1844 Ciliciae.

1031 1857 1227 1894 Tartessius,
1245 1856 1287 1887 ad
1301 1856 1372 1887 Att.
1389 1857 1444 1887 vii.
1462 1860 1493 1888 4.
1522 1868 1542 1888 a
1559 1858 1722 1897 Tar-tesso,

985 1911 1058 1939 quae
1075 1905 1125 1930 cst
1145 1901 1222 1930 urbs
1241 1900 1376 1930 Baetieae
1397 1900 1568 1941 Hispaniae
1588 1901 1631 1932 ad
1652 1903 1724 1943 ipsa

984 1944 1086 1974 ssaetis
1117 1944 1214 1981 ostia,
1245 1943 1309 1973 alio
1338 1944 1473 1974 nomine
1506 1945 1650 1983 Carteia,
1683 1951 1723 1977 ut

984 1988 1083 2026 vulgo
1100 1987 1286 2027 Geographi
1303 1987 1451 2018 tradunt.
1491 1988 1555 2018 Sed
1569 1988 1722 2021 Valesius

985 2032 1026 2061 ad
1042 2032 1121 2061 Exc.
1140 2031 1279 2061 Peiresc.
1297 2041 1328 2070 p.
1346 2033 1397 2065 72.
1422 2031 1721 2069 docet‚-Carteiam

983 2085 1053 2105 esse
1075 2075 1195 2114 Calpen
1209 2087 1218 2103 :
1241 2074 1270 2104 T
1273 2078 1416 2105 artessus
1433 2084 1506 2114 quoe
1522 2075 1638 2114 fuerit,
1655 2086 1723 2108 non

984 2114 1121 2157 liquere.

1032 2162 1137 2192 Tauri
1153 2161 1260 2201 Pyla,
1275 2160 1316 2191 ad
1332 2161 1401 2191 Att.
1416 2172 1446 2192 ν.
1459 2164 1512 2193 20.
1543 2163 1722 2202 angustiae,

983 2215 1042 2245 per
1058 2215 1137 2244 quas
1155 2205 1219 2235 iter
1236 2209 1328 2245 patet
1339 2216 1380 2235 ex
1397 2205 1607 2246 Cappadocia
1617 2206 1652 2237 in
1665 2206 1720 2237 Ci-

981 2248 1220 2286 liciam,·Curt.
1239 2249 1284 2278 iii.
1301 2250 1333 2280 2.

1029 2293 1294 2330 maronianum,
1303 2291 1355 2322 vel
1364 2291 1633 2330 Tauromenium,
1644 2302 1720 2332 quae

983 2341 1033 2366 est
1066 2336 1182 2365 melior
1212 2341 1247 2365 ct
1277 2335 1398 2365 certior
1427 2336 1604 2376 scriptura,
1642 2337 1720 2367 urbs

983 2379 1115 2416 Sieiliae,
1133 2379 1221 2409 unde
1247 2379 1552 2416 Taurominitmms,
1567 2379 1602 2410 in
1623 2379 1719 2411 Verr.

983 2423 1016 2453 ii.
1045 2424 1096 2453 66.
1129 2424 1166 2454 it.
1192 2423 1238 2453 iii.
1263 2423 1293 2453 6.
1319 2423 1378 2452 &c.
1410 2422 1450 2453 de
1474 2433 1541 2463 qua
1557 2423 1718 2463 legendus

983 2467 1083 2497 Diod.
1100 2467 1163 2497 Sic.
1181 2467 1246 2496 xvi.
1262 2476 1295 2506 p.
1311 2469 1386 2497 411.

1028 2510 1174 2547 Taurus,
1191 2519 1286 2540 mons
1301 2509 1414 2540 Asiam
1425 2519 1509 2550 pene
1524 2512 1634 2540 totam
1648 2520 1720 2542 me-

982 2553 1070 2584 diam
1087 2562 1293 2594 percurrens.

1027 2597 1206 2636 Taygetus,
1219 2606 1313 2626 mons
1336 2596 1487 2634 Graeciae‚
1510 2606 1531 2626 a
1553 2597 1636 2627 mari
1657 2606 1720 2637 per

980 2645 1088 2671 totam
1106 2641 1305 2671 Laconicam
1322 2649 1533 2680 procurrens,
1555 2639 1597 2670 ad
1612 2650 1719 2679 usque

981 2684 1154 2715 Arcadiam
1161 2707 1168 2714 .

1028 2728 1178 2758 Teanum
1205 2726 1401 2763 Sidicinum,
1423 2726 1465 2757 ad
1488 2726 1560 2758 Att.
1588 2726 1635 2757 iii.
1664 2729 1716 2759 11.

979 2771 1146 2802 diversum
1175 2781 1194 2800 a
1227 2770 1334 2800 Teano
1360 2771 1467 2810 Apulo
1493 2780 1552 2811 pro
1580 2769 1716 2802 cluent.

982 2818 1033 2848 (59.
1073 2816 1124 2845 De
1157 2814 1300 2845 Sidicino
1330 2813 1509 2854 capiendus
1540 2820 1592 2844 est
1621 2813 1714 2844 locus

980 2858 1063 2889 Phil.
1082 2859 1137 2888 xii.
1158 2860 1206 2888 ll.
1240 2856 1329 2896 quod
1351 2867 1418 2887 non
1441 2857 1558 2897 procul
1580 2856 1674 2888 abest
1695 2867 1717 2888 a.

985 2903 1124 2934 Calibus.
1157 2902 1200 2932 it-
1211 2900 1289 2940 Agr.
1306 2901 1341 2930 ii.
1359 2903 1412 2932 35.

1025 2946 1186 2984 Tegeam,
1204 2945 1243 2975 de
1264 2944 1376 2974 Divin.
1397 2945 1418 2977 i.
1446 2948 1494 2977 18.
1525 2943 1644 2976 incolae
1659 2952 1716 2975 ur-

977 2989 1026 3020 bis
1042 2989 1162 3030 Tegeae
1179 2989 1214 3019 in
1230 2987 1382 3021 Arcadia.

1564 1161 1724 1202 oppidum
