1800 3131
160 128 240 174 176

159 228 266 258 vitam
281 226 460 269 abjicere,i.
474 230 662 260 interficere
680 241 725 262 se.
749 235 767 253 *²
783 232 882 272 repri-

160 281 265 310 mere,
290 272 451 303 refellere.
475 273 516 303 ad
540 274 615 304 Div.
630 285 661 304 x.
686 277 735 305 12.
760 284 886 314 quanta

161 317 379 346 contentione
420 316 672 347 intercessorem
701 316 885 358 algjecerim.

161 359 236 390 add.
263 360 297 389 in
313 359 441 399 frango.
467 363 486 381 *Ψ
510 366 702 397 extenuare,
735 363 884 391 minuere

161 412 238 442 opp.
257 413 388 441 augere.
433 403 490 433 Or.
508 404 553 433 iii.
570 406 622 435 (26.
640 404 681 434 ad
702 412 886 434 extenuan-

162 445 242 476 dum
256 453 355 485 atque
373 444 602 488 abjiciendum.

204 487 371 530 Algjudieo.
389 491 463 519 Act.
480 491 501 521 i.
518 491 551 520 in
568 492 660 521 Verr.
680 493 708 521 5.
727 490 819 520 nulla
835 501 885 520 res

162 533 203 563 ab
219 543 259 563 eo
274 532 530 574 abjudicaretur.
549 535 570 563 i.
587 534 716 572 jndicio
740 534 887 563 aufem-e-

159 579 227 606 tur.
254 578 344 607 *On
369 578 402 607 ii.
421 579 472 607 ⁶24.
503 577 556 607 ubi
579 578 652 616 plus
680 577 757 606 mali
786 586 884 615 quam

159 619 237 650 boni
267 621 408 660 reperim
433 620 466 649 id
484 625 594 650 totum
622 618 768 661 adjudico
785 625 885 659 atque

162 664 272 703 ejicio,
289 673 334 693 sc.
348 674 388 693 w<
404 664 554 693 oratione
568 674 652 692 mea.

205 708 317 737 Ablzto.
333 707 433 737 Tusc.
448 707 489 736 iv.
509 709 560 736 ⁶2³.
584 707 792 746 perturbatio
816 707 886 737 ani-

161 751 207 781 mi
225 750 411 790 placatione
428 751 597 779 abluatur.

203 795 326 824 Abnuo.
351 803 446 831 nego.
475 792 553 829 Leg.
574 793 594 822 i.
615 795 664 823 14.
687 794 802 823 abnuit
818 804 837 823 a
851 804 885 824 se

161 838 375 868 commissum
393 846 462 865 esse
479 836 620 866 facinus.

203 881 342 911 Abraclo.
368 879 491 909 Caecin.
522 884 553 911 7.
589 883 805 920 posteaquam
839 881 885 910 vi-

161 924 231 961 det,
248 923 295 953 nil
312 933 345 952 se
362 924 521 953 abradere
534 924 573 953 ab
591 924 724 953 Caecina
738 934 842 962 posse.
862 925 884 954 i.

161 977 191 997 e.
217 967 368 1007 precibus
398 966 537 1005 aliisque
564 967 690 996 artibus
720 967 765 996 nil
786 975 886 1007 pecu—

160 1012 224 1040 niae
240 1010 369 1040 auferre
384 1020 489 1049 posse.

203 1054 347 1093 Abripz'o.
371 1054 463 1084 Verr.
489 1064 519 1082 v.
542 1055 590 1083 1⁶2.
609 1053 740 1083 etiamsi
766 1058 887 1084 natura

160 1107 181 1128 a
195 1097 341 1137 parentis
359 1097 580 1127 similitudine
597 1098 769 1137 abriperet.

202 1142 371 1181 Abrupcio.
389 1140 459 1170 Att.
477 1141 519 1170 xi.
533 1143 562 1171 3.
581 1140 620 1169 de
632 1141 783 1171 divortio.

201 1185 339 1224 Abrogv,
373 1194 439 1214 are.
472 1184 634 1214 dicuntur
670 1185 886 1223 magistratus

159 1229 256 1259 Rom.
289 1238 367 1258 cum
391 1232 496 1267 agunt
520 1238 597 1257 cum
627 1228 749 1267 populo
780 1233 815 1258 et
841 1228 887 1257 fe-

161 1277 243 1303 runt
256 1272 298 1302 ad
314 1271 489 1311 populum,
502 1275 555 1307 ut,
573 1271 661 1309 quod
688 1276 766 1300 ante
777 1272 887 1310 jusse-

160 1320 226 1353 rat,
248 1320 384 1354 rogatus
414 1314 499 1353 lege,
522 1314 632 1344 tollat.
656 1314 695 1354 Ω.
725 1315 774 1344 Fr.
804 1315 838 1344 ii.
856 1318 885 1346 3.

161 1360 246 1390 Cato
262 1359 371 1398 legem
390 1358 614 1399 promulgavit
631 1358 670 1387 de
699 1359 888 1397 abrogando

162 1403 298 1434 Lentuli
320 1403 469 1441 imperio.
496 1402 574 1431 hinc
591 1401 692 1431 illud:
729 1403 888 1437 abrogare

161 1447 260 1477 fidem
275 1446 392 1476 allcui:
419 1446 452 1476 h.
468 1455 496 1474 e.
511 1445 698 1475 habendam
713 1455 780 1475 non
790 1451 887 1486 puta-

161 1500 197 1521 re
214 1495 248 1520 et
263 1489 395 1520 similia.

203 1534 365 1564 Abscissio.
389 1533 499 1571 figura
513 1533 691 1569 rhetorica,
709 1543 785 1571 qua,
809 1543 886 1562 cum

161 1579 322 1617 coepimus
349 1577 474 1615 aliquid
502 1577 626 1614 dicere,
665 1577 886 1616 praecidimuS.

162 1621 311 1652 Herenn.
329 1621 370 1650 iv.
389 1623 440 1650 54.

203 1666 346 1695 Absolve.
369 1663 462 1694 Verr.
483 1664 516 1693 ii.
534 1666 564 1694 8.
581 1664 713 1694 absolvit
730 1673 806 1693 enm
823 1662 887 1692 Ve-

161 1709 247 1745 neri,
264 1708 324 1738 sibi
342 1707 554 1738 condemnat.
573 1708 594 1737 i.
612 1707 775 1744 decernit,
793 1706 887 1736 here-

161 1752 303 1782 ditatem
320 1751 442 1781 Veneri
465 1761 532 1780 non
563 1761 633 1780 esse
661 1752 887 1786 commissam,

159 1796 219 1826 sed
228 1796 318 1834 cogit
333 1800 449 1824 tamen
470 1795 530 1824 sibi
545 1794 636 1831 dare,
651 1804 717 1824 non
730 1793 888 1823 condem-

161 1844 233 1870 net.
263 1839 389 1869 *Rosa
418 1838 457 1868 C.
483 1841 531 1869 12.
562 1848 582 1868 a
607 1838 733 1867 Fannio
758 1837 887 1876 judicio

161 1892 196 1913 se
214 1884 369 1913 absolvat.
387 1882 409 1912 i.
425 1892 454 1911 e.
472 1886 579 1919 curet,
597 1891 638 1911 ne
657 1881 761 1920 possit
786 1881 886 1919 inju-

162 1926 289 1956 dicium
304 1926 429 1962 vocari,
444 1930 633 1966 propterea,
651 1925 738 1964 quod
754 1934 832 1954 cum
849 1935 888 1954 eo

162 1979 230 2000 non
246 1969 418 1999 deciderit.

204 2014 377 2044 Absolutio.
402 2011 473 2042 Inv.
494 2012 515 2041 i.
533 2013 584 2041 22.
609 2011 688 2051 quid
704 2012 770 2042 sit?
807 2011 887 2042 ibid.

160 2059 214 2088 30.
239 2063 278 2088 ut
293 2057 336 2087 ad
356 2056 586 2086 inventionem
612 2055 817 2095 argumenti,
833 2057 887 2085 ab·

159 2102 273 2131 solutio
288 2101 391 2131 etiam
409 2099 667 2138 argumentandi
691 2099 887 2138 adjungere-

158 2149 228 2175 tur.

203 2189 386 2219 Absolutus.
412 2186 482 2217 Inv.
495 2186 516 2216 i.
534 2189 583 2217 11.
601 2187 747 2217 absoluta
762 2185 887 2216 consti-

161 2233 252 2262 tutio
278 2236 342 2268 est,
358 2240 432 2270 quae
449 2231 520 2270 ipsa
535 2230 570 2260 in
587 2240 621 2260 se
637 2230 788 2259 continet
799 2229 886 2268 juris

162 2281 198 2305 et
215 2275 346 2315 injuriae
368 2275 599 2313 quaestionem.
623 2274 680 2303 Or.
698 2274 744 2303 iii.
762 2275 814 2307 49.
831 2273 886 2302 ab-

160 2321 267 2349 soluta
283 2318 465 2355 conversio,
493 2317 593 2357 plena
608 2316 762 2357 periodus
779 2317 887 2345 omni-

162 2363 224 2392 bus
248 2362 398 2401 partibus
430 2362 490 2391 &c.
516 2361 603 2390 Part.
627 2361 684 2391 Or.
712 2361 764 2392 526.
788 2369 889 2389 causa

161 2405 330 2441 absoluta.
350 2410 401 2435 est
437 2405 618 2435 conficiens
648 2405 718 2434 sine
750 2403 886 2433 alterius

161 2450 370 2487 adjumento.
405 2451 424 2469 *²
436 2448 548 2478 Plane.
565 2451 617 2480 31.
635 2449 785 2478 absoluto?
807 2451 888 2476 suut

164 2503 279 2533 preces
295 2498 373 2522 tuae.
391 2491 412 2521 i.
429 2491 476 2521 nil
494 2492 637 2532 amplius
655 2491 778 2521 valent.
823 2490 888 2520 Sed

162 2536 269 2566 GraeV.
287 2545 363 2565 cum
381 2534 537 2564 Manutio
554 2535 716 2565 malebat:
737 2535 887 2564 obsoletoe.

205 2580 364 2610 Absolute.
388 2579 444 2608 Or.
463 2582 514 2609 51.
531 2580 672 2609 absolute
688 2577 887 2608 concludere

161 2623 360 2653 orationem.
387 2623 408 2651 i.
435 2632 464 2652 e.
488 2631 590 2661 quam
617 2622 886 2652 numerosissime

163 2666 273 2696 finire.
300 2665 371 2695 Fin.
387 2666 434 2696 iii.
450 2669 480 2699 7.
511 2667 653 2697 absolute
668 2666 790 2697 vivere.
818 2666 840 2695 i.
856 2675 886 2696 e.

163 2710 364 2740 beatissime.

206 2753 369 2784 Absorbeo.
392 2752 482 2783 Sext.
506 2753 537 2784 6.
559 2753 753 2784 tribunatus
780 2752 886 2782 absor-

162 2796 410 2827 temtationem
434 2806 554 2826 meam.
578 2805 646 2826 non
669 2796 750 2826 sinit
765 2806 818 2826 me
845 2796 885 2826 de

164 2841 283 2870 ceteris
301 2840 397 2869 rebus
413 2839 515 2878 loqui.
539 2840 634 2870 Brut.
652 2843 704 2870 81.
721 2840 887 2870 absorbuit

164 2893 243 2913 eum
260 2887 359 2913 aestus
376 2883 502 2922 gloriae.
519 2884 539 2913 i.
556 2888 784 2913 transversum
801 2883 885 2922 egit,

165 2927 208 2958 ad
223 2926 363 2957 consilia
377 2936 479 2968 prava
493 2931 529 2958 et
542 2926 690 2958 violenta
705 2925 852 2967 impulit.

678 141 824 169 INDEX
855 142 987 170 LATIN
994 141 1147 170 ITATIS.

970 233 1102 262 Absum.
1128 231 1210 261 Suu.
1238 235 1267 261 5.
1294 232 1400 261 abesse
1426 230 1539 268 alicui,
1572 229 1593 261 i.
1625 238 1656 261 e.

928 285 994 305 non
1027 275 1204 305 defendere
1234 285 1366 304 cansam
1391 276 1472 314 ejus.
1509 277 1655 305 *Somm

928 319 1015 358 Scis).
1038 323 1085 349 11.
1103 321 1214 348 absens
1235 324 1298 355 est,
1321 328 1387 347 non
1413 326 1531 358 petens
1548 319 1655 357 magi-

927 367 1082 392 stratum.
1130 363 1216 392 Nam
1242 362 1430 398 Africanus,
1456 362 1495 391 de
1517 371 1582 400 quo
1610 361 1654 390 ibi

928 415 1049 442 sermo,
1068 405 1222 434 interfuit
1239 406 1391 434 (Ioinitiis
1411 406 1496 442 istis,
1513 404 1571 434 sed
1588 413 1656 434 non

928 449 1037 487 petiit.
1061 449 1127 478 vid.
1146 449 1239 487 Pigh.
1258 449 1298 478 ad
1323 460 1352 478 a.
1372 457 1492 478 Demx.
1510 453 1546 477 et
1570 448 1657 478 Dra-

928 491 1028 520 kcnb.
1046 491 1086 520 ad
1104 492 1174 521 Liv.
1193 493 1234 521 iv.
1252 494 1303 521 42.
1325 495 1349 522 1.
1388 503 1417 521 x.
1437 494 1489 522 ⁶222.
1507 495 1538 525 9.
1562 492 1581 511 Ῥ
1597 491 1654 520 Or.

929 534 980 563 Ga.
1004 542 1139 564 tantum
1162 536 1262 572 abest,
1281 545 1321 565 ne
1339 543 1520 565 enervetur
1535 534 1656 570 oratio,

929 582 967 606 ut
987 578 1048 606 διο.

972 620 1150 650 Aes-ardus.
1175 621 1250 651 Div.
1269 622 1287 650 i.
1305 625 1335 654 9.
1359 621 1520 651 absurdus
1541 630 1655 658 sonus,

930 663 970 694 de
988 665 1086 693 ranis.
1110 665 1167 693 Ut.
1186 664 1219 693 ii.
1236 667 1288 695 20.
1312 665 1351 694 de
1369 671 1499 694 oratore
1517 664 1618 694 malo.

972 707 1197 737 Almndanter.
1212 708 1270 737 Or.
1283 705 1320 736 ii.
1337 711 1387 738 35.
1418 708 1465 738 iii.
1489 711 1536 738 14.
1552 709 1656 738 abun-

928 750 1047 779 domm·
1080 750 1199 780 dicere.
1232 751 1253 780 i.
1290 751 1431 790 copiose.
1490 751 1572 791 Top.
1606 754 1655 781 10.

929 793 1001 824 aliis
1014 794 1295 833 disputationibus
1307 795 1529 825 abundantius
1540 804 1657 824 occur·-

929 843 1022 874 runt‚
1040 838 1112 866 aliis
1135 838 1320 876 augustius.

971 882 1109 911 Abusus.
1133 880 1217 919 Top.
1244 884 1274 911 3.
1300 880 1400 917 Usus,
1428 889 1495 910 non
1521 881 1654 918 abusus,

928 923 1058 963 legatus
1076 928 1138 961 est,
1155 934 1219 963 quo
1244 934 1295 954 res
1317 925 1540 961 consumitur,
1553 929 1592 953 ut
1606 924 1654 953 vi-

930 977 1026 1002 num,
1044 967 1165 997 oleum.

972 1011 1084 1041 Abali.
1108 1012 1141 1040 in
1171 1011 1293 1040 bonam
1325 1014 1466 1051 partem.
1499 1010 1593 1040 Verr.
1623 1020 1654 1040 v.

919 1056 981 1087 ΑΒ.
995 1060 1078 1084 extr.
1103 1054 1270 1092 libertate,
1283 1064 1382 1093 quam
1396 1054 1491 1083 sociis
1504 1053 1655 1092 dedistis,

929 1098 1052 1127 abusus
1069 1103 1130 1127 est.

972 1141 1030 1171 Ae.
1056 1141 1096 1171 ad
1118 1141 1194 1171 Div.
1224 1151 1275 1171 xV.
1303 1145 1352 1171 11.
1373 1145 1449 1181 post
1476 1151 1567 1177 cum,
1593 1151 1655 1181 pro

929 1188 1016 1214 tum.
1042 1187 1060 1205 *ἓ
1078 1190 1239 1223 sequente
1256 1184 1373 1221 vocali,
1393 1191 1451 1214 aut
1467 1183 1534 1214 alia.
1556 1184 1655 1214 litera

930 1228 1044 1258 durius
1061 1233 1210 1257 sonante.
1236 1228 1308 1258 Mil.
1321 1230 1369 1258 12.
1393 1238 1433 1257 ac
1448 1228 1654 1258 instrumen-

929 1276 1014 1301 tum.
1032 1272 1089 1301 sed
1105 1272 1220 1302 Burin.
1243 1272 1275 1300 in
1295 1272 1365 1301 MS.
1387 1271 1543 1301 Leidensi
1560 1281 1653 1310 repe-

930 1315 973 1344 rit
990 1319 1100 1354 atque.
1128 1316 1193 1344 vid.
1211 1315 1252 1344 ad
1275 1315 1376 1344 Suet..
1392 1315 1474 1345 Caes.
1497 1316 1549 1345 96.
1574 1314 1654 1344 Nat.

930 1358 972 1388 D.
986 1359 1032 1388 iii.
1049 1362 1100 1389 353.
1112 1369 1151 1388 ac
1167 1358 1402 1398 Apollodorus:
1428 1358 1485 1388 sed
1501 1357 1654 1387 meliores

929 1402 1003 1431 edd.
1022 1407 1067 1431 at.
1101 1402 1194 1432 Verr.
1221 1402 1266 1431 iii.
1285 1405 1314 1432 5.
1331 1411 1370 1432 ac
1396 1401 1587 1431 criminum.
1611 1400 1653 1431 ad

930 1446 1005 1476 Div.
1020 1447 1075 1475 xii.
1088 1449 1119 1479 7.
1136 1455 1175 1475 ac
1190 1445 1313 1483 gloriae.

974 1489 1101 1519 Aceedo.
1126 1491 1182 1519 Or.
1196 1490 1216 1519 i.
1232 1493 1262 1522 9.
1281 1489 1322 1518 ad
1338 1487 1579 1528 rempublicam
1599 1498 1654 1518 ac·

929 1534 1048 1562 cedere.
1065 1533 1086 1562 i.
1103 1543 1132 1562 e.
1155 1534 1372 1571 magistratus
1391 1537 1517 1572 petere.
1563 1532 1654 1562 Hinc

929 1576 1022 1606 Verr.
1055 1576 1076 1605 i.
1111 1578 1159 1607 12⁷.
1192 1576 1234 1606 ad
1265 1576 1480 1614 magistratus
1514 1584 1652 1614 remque

929 1620 1020 1659 publ.
1047 1620 1206 1650 accedere.
1248 1619 1287 1649 fit
1314 1624 1427 1648 autem
1455 1619 1563 1659 prima
1599 1629 1654 1648 ac-

930 1664 1033 1693 cessio
1050 1663 1091 1692 ad
1108 1663 1271 1702 rempubl.
1288 1663 1452 1702 petitione
1462 1667 1653 1700 quaesturae.

929 1706 995 1737 Ubi
1012 1712 1125 1736 autem
1143 1717 1251 1736 sermo
1268 1712 1319 1735 est
1335 1706 1374 1736 de
1398 1706 1535 1742 Graecis,
1550 1705 1654 1744 signi-

930 1751 1009 1780 ficat
1040 1750 1092 1779 vel
1127 1749 1245 1779 ducem
1281 1749 1359 1779 belli
1383 1749 1529 1788 primum
1567 1749 1654 1787 fieri,

929 1793 982 1823 vel
1013 1795 1147 1824 initium
1167 1794 1276 1823 facere
1304 1793 1391 1832 apud
1426 1792 1589 1832 populum
1612 1792 1653 1822 de

930 1847 998 1876 rep.
1017 1837 1160 1867 dicendi.
1184 1837 1248 1867 vid.
1268 1836 1464 1876 respublica.
1494 1838 1514 1856 ¹*
1530 1835 1655 1866 dicitur

930 1881 1032 1911 etiam
1050 1881 1089 1911 de
1105 1880 1213 1910 febrili
1230 1890 1438 1920 paroxysmo.
1461 1879 1532 1909 Att.
1550 1880 1605 1909 vii.
1620 1881 1655 1910 2.

928 1926 1077 1955 accedere
1101 1925 1241 1954 alteram
1269 1924 1439 1960 leviorem,
1471 1922 1579 1952 intell.
1605 1923 1655 1952 fe-

928 1968 1025 1998 brim.
1043 1979 1071 1997 v.
1091 1969 1211 2008 Cnper.
1230 1968 1308 1998 obs.
1324 1968 1357 1997 ii.
1381 1970 1430 1997 15.
1461 1969 1481 1988 ἦ·
1495 1965 1588 1996 Verr.
1604 1967 1653 1997 iii.

929 2014 980 2041 40.
1012 2013 1160 2042 accedere
1191 2011 1232 2041 ad
1260 2011 1450 2050 vectigalia,
1481 2010 1654 2047 dicuntur,

929 2056 1040 2094 quiea
1066 2055 1228 2085 redimere
1251 2054 1381 2091 volunt,
1409 2053 1497 2093 quod
1523 2053 1654 2084 faciunt

929 2099 1109 2138 publicani.
1127 2109 1156 2129 v.
1170 2098 1272 2129 Gron.
1290 2099 1331 2128 ad
1346 2099 1423 2128 Sen.
1438 2108 1490 2137 ep.
1507 2100 1578 2127 101.
1595 2097 1650 2127 cui

928 2142 1036 2172 simile
1053 2147 1103 2172 est
1119 2142 1202 2171 illud
1223 2142 1307 2172 Phil.
1324 2142 1357 2172 ii.
1379 2142 1431 2172 26.
1448 2141 1596 2171 accedere
1610 2140 1654 2171 ad

928 2186 1036 2215 scelus
1062 2187 1230 2216 sectionis.
1277 2188 1296 2207 2*
1314 2185 1408 2215 Verr.
1432 2185 1478 2214 iii.
1495 2187 1547 2214 ⁶28.
1563 2194 1653 2214 acce-

928 2230 1003 2260 dere
1020 2229 1061 2259 ad
1078 2229 1285 2259 conditiones
1312 2229 1383 2267 ejus
1407 2232 1442 2257 et
1468 2228 1653 2268 pactiones.

929 2283 967 2302 ea
989 2273 1180 2303 conditione
1197 2272 1330 2313 pacisci,
1354 2281 1420 2311 qua
1445 2272 1514 2311 ipse
1536 2270 1654 2302 voluit.

929 2318 1078 2355 quamvis
1105 2316 1199 2346 valde
1224 2316 1350 2354 iniqua.
1385 2315 1510 2345 *vern
1533 2314 1568 2344 ii.
1599 2317 1652 2346 38.

929 2361 1077 2391 accedere
1126 2360 1168 2390 ad
1211 2369 1360 2396 causam,
1398 2359 1579 2399 suscipere,
1610 2358 1652 2388 d·

930 2411 1052 2434 actore.
1084 2407 1104 2425 *Ε
1117 2404 1266 2434 accedere
1283 2403 1317 2432 in
1333 2412 1489 2442 regnum,
1512 2401 1576 2431 Pis.
1597 2403 1652 2433 22.

930 2450 950 2468 θ’
961 2452 1120 2486 sequente
1138 2452 1187 2477 ut.
1203 2447 1261 2476 Or.
1279 2447 1313 2476 ii.
1324 2449 1377 2478 48.
1394 2446 1436 2476 ad
1451 2445 1528 2475 Div.
1543 2454 1574 2474 x.
1598 2446 1652 2476 ¹:21.

931 2490 1024 2521 Cato.
1046 2492 1094 2521 16.

972 2535 1143 2565 Accensae.
1166 2534 1261 2564 Verr.
1286 2533 1308 2564 i.
1333 2535 1385 2565 28.
1413 2532 1472 2561 διο.
1498 2530 1654 2572 publicus

930 2579 1083 2608 minister
1099 2578 1357 2617 magistratuum
1374 2575 1492 2606 similis
1511 2575 1652 2606 Viatori.

930 2622 970 2651 de
986 2632 1051 2661 quo
1064 2631 1184 2660 genere
1200 2621 1265 2650 vid.
1292 2619 1430 2650 Salmas.
1454 2618 1528 2649 Mil.
1554 2618 1653 2650 Rom.

929 2675 957 2695 c.
978 2668 1027 2696 14.
1048 2668 1097 2696 15.
1144 2665 1290 2695 Fabrett.
1306 2663 1447 2693 Inscr.c.
1464 2663 1495 2693 6.
1511 2672 1544 2702 p.
1560 2664 1636 2692 433.

971 2709 1120 2739 Accessio.
1154 2708 1266 2739 Rabir.
1302 2707 1392 2737 Post.
1425 2709 1474 2736 11.
1519 2707 1654 2736 accessio

929 2752 1092 2789 deoumae,
1122 2762 1181 2792 pro
1211 2750 1421 2790 compendio.
1459 2749 1585 2779 *Vena
1615 2749 1651 2779 ii.

929 2799 981 2827 53.
998 2798 1188 2826 accessiones
1203 2795 1375 2832 dicuntur,
1391 2802 1468 2823 cum
1481 2793 1554 2832 quis
1564 2797 1654 2822 tam-

929 2849 1029 2878 quam
1053 2840 1218 2878 interpres
1235 2843 1270 2868 et
1285 2837 1519 2867 internuncius
1535 2835 1652 2866 erebro

929 2883 971 2912 ad
993 2883 1146 2912 homines
1168 2882 1301 2919 accedit,
1317 2881 1350 2911 h.
1367 2880 1390 2911 l.
1412 2880 1511 2920 pretii
1535 2882 1652 2919 postu-

929 2925 1020 2956 landi
1037 2935 1149 2965 causa,
1172 2930 1208 2957 et
1224 2925 1263 2956 de
1279 2924 1388 2966 pretio
1402 2934 1480 2955 cum
1494 2923 1535 2955 iis
1550 2931 1654 2962 agen·
