1804 3178
623 128 768 158 xxm-:x
802 130 1096 162 LATist‘rATls.

149 215 313 250 Balbum.
337 215 378 247 de
394 216 446 255 iis,
462 216 519 256 qui
541 216 620 246 satis
645 216 745 253 clare,
762 227 834 256 quoe

105 261 271 297 sentiunt,
301 260 409 291 dicere
440 259 570 290 nolunt.
600 260 699 290 Taso.
727 270 756 290 v.
783 262 835 291 ²26.

104 303 260 335 desinant
288 305 448 335 balbutire
476 302 679 340 Academici,
708 309 835 343 aperti·-

105 357 169 386 que
184 352 219 378 et
230 347 319 377 clara
335 357 411 377 voce
428 346 573 376 audeant
588 347 708 376 dicere.
732 348 785 376 sic
801 353 836 377 ct

104 390 238 421 videtur
257 391 320 421 dici
344 390 444 421 Acad.
462 390 503 419 iv.
520 392 573 420 45.
607 391 625 407 θ
640 390 724 420 mule
743 392 834 430 inep-

102 438 204 473 teque
232 434 365 465 dissero.
411 433 523 463 Divin.
555 434 576 463 i.
602 437 633 463 3.
674 433 834 474 Epicurus

105 477 284 508 balbutiens
299 477 339 506 dc
356 476 487 506 Natura
503 476 662 507 Deorum.

150 521 346 557 Balnearia,
357 521 486 550 balneae.
501 520 541 559 Ω.
557 520 606 550 Fr.
620 521 665 550 iii.
683 523 747 550 1.1.
762 520 834 550 Att.

105 564 175 596 xiii.
192 566 245 599 29.

148 607 330 639 Barbaria.
356 607 413 637 Or.
427 607 447 636 i.
461 607 514 637 ⁶26.
531 606 601 636 haec
617 608 768 638 barbaria
785 607 831 636 so-

104 651 210 681 tensis
225 650 283 680 dat
306 650 418 680 locum
435 650 486 679 vel
510 651 728 680 vitiosissimis
752 652 835 681 Ota·

103 694 244 724 toribus.
269 693 301 724 h.
318 704 347 723 e.
364 694 471 724 turbae
488 693 625 724 sorensis
641 694 785 724 inscitia.

146 736 364 768 Barbatum.
388 738 459 767 Att.
484 738 505 767 i.
533 741 578 767 1-1.
595 738 736 775 juvenes
761 738 834 767 bar-

104 780 209 811 batuli
235 781 492 811 concursabant.
526 791 572 810 sc.
601 781 657 819 qui
685 780 834 810 nondum

103 824 302 861 tondentur,
319 825 376 863 qui
397 824 589 863 lanuginem
614 823 763 854 nondum
780 824 835 854 de-

105 877 258 909 posuere.
280 878 311 897 v.
330 868 496 898 barbatus.

150 911 333 943 Barbatus.
358 911 398 942 de
408 911 547 950 juvene,
564 909 621 949 qui
638 910 834 950 lanuginem

105 955 255 985 nondum
283 955 450 995 deposuit.
482 953 582 984 Catil.
609 954 642 984 ii.
674 956 721 985 10.
753 964 834 993 quos

106 1003 165 1028 aut
182 998 344 1028 imberbes
361 1002 421 1027 aut
443 997 528 1028 bene
545 998 692 1027 barbatos
705 997 833 1027 videtis.

105 1041 148 1072 cf.
166 1041 247 1072 Coel.
267 1043 316 1072 14.
344 1041 397 1071 Sic
413 1044 448 1070 et
466 1040 574 1071 Plaut.
593 1041 666 1071 Cas,
685 1041 718 1071 ii.
736 1044 765 1072 8.
781 1043 834 1071 ⁶25.

105 1087 125 1106 θ
139 1085 179 1114 de
202 1084 351 1124 antiquis
374 1084 546 1121 Romaim,
565 1085 619 1123 qui
644 1084 778 1114 barbam
800 1094 836 1114 a·

105 1127 244 1167 lebant3
269 1127 358 1167 quod
373 1128 501 1158 factum
519 1127 559 1157 ad
575 1138 603 1157 a.
617 1128 657 1158 U.
675 1135 834 1157 ccccuv.

104 1181 171 1211 quo
185 1176 338 1212 tempore
356 1172 482 1211 primus
500 1171 676 1201 Africanus
698 1171 834 1201 barbam

103 1215 229 1256 posuit.
275 1214 362 1245 Nam
386 1225 425 1245 eo
448 1224 536 1244 anno
559 1215 704 1254 primum
721 1219 835 1244 tonso-

104 1267 156 1289 res
179 1258 321 1289 Romam
350 1258 489 1288 adduxit
512 1268 529 1288 e
556 1257 669 1287 sicilia
696 1257 730 1287 P.
746 1257 836 1287 Tiei-

105 1302 182 1332 nius
209 1302 325 1338 Meno,
341 1308 380 1332 ut
408 1307 459 1332 est
483 1312 534 1341 ap.
557 1301 651 1332 Varr.
676 1300 714 1330 R.
737 1300 776 1330 R.
801 1301 835 1330 ii.

109 1348 160 1376 11.
197 1345 286 1376 Mur.
321 1347 369 1376 12.
403 1345 545 1375 barbulis
576 1344 640 1374 illis
669 1344 835 1373 veteribus

104 1387 248 1420 ridicula
287 1388 496 1419 videbantur.
537 1388 577 1418 de
609 1387 679 1418 fin.
710 1388 751 1417 iv.
783 1389 836 1418 ⁶23.

105 1432 195 1472 quod
217 1433 348 1472 antiqui
371 1432 433 1470 illi,
449 1432 542 1471 quasi
566 1432 706 1467 barbati,
722 1436 759 1460 ut
777 1441 836 1460 nos

107 1476 148 1506 de
174 1477 297 1509 nostris
320 1475 465 1506 solemus
489 1475 610 1512 dicere,
635 1474 837 1505 crediderint

105 1520 167 1550 δίο.
199 1519 272 1549 *ad
286 1519 359 1550 Att.
375 1519 409 1549 ii.
430 1522 456 1549 1.
480 1518 576 1548 mulli
593 1519 731 1548 barbati.

149 1562 256 1601 Baro,
283 1562 384 1594 homo
414 1561 580 1602 stupidus.
616 1562 687 1591 Fin.
719 1562 752 1591 ii.
783 1563 837 1592 93.

107 1615 168 1636 nos
195 1606 327 1637 barones
352 1610 538 1646 stupemus.
570 1605 611 1635 cf.
636 1605 710 1636 Div.
734 1605 768 1635 ii.
784 1608 837 1638 70.

107 1649 180 1680 Att.
194 1659 224 1681 v.
245 1652 296 1680 11.
317 1649 417 1690 Apud
440 1649 620 1679 Patronem
643 1654 677 1678 et
693 1647 836 1687 reliquos

107 1693 241 1724 barones
250 1697 285 1724 te
301 1693 337 1723 in
353 1694 500 1723 maxima
515 1693 622 1732 gratia
638 1692 730 1732 posui
743 1703 753 1729 ;
771 1702 836 1730 quo

105 1735 180 1768 loco
196 1735 284 1767 male
299 1735 453 1767 Nizolius
470 1736 635 1776 principes
651 1745 697 1766 sc.
715 1735 839 1775 Epicu-

106 1789 173 1812 reae
195 1785 296 1811 sectae
318 1779 462 1820 intelligi
486 1778 629 1817 volebat,
645 1789 745 1818 quam
769 1779 835 1808 vim

107 1822 198 1864 apud
219 1828 347 1854 veteres
371 1823 434 1854 hoc
454 1823 590 1853 verbum
615 1832 682 1853 non
709 1822 837 1852 habuit.

106 1866 250 1900 Jocandi
272 1876 372 1897 causa
398 1868 448 1897 ita
471 1866 652 1907 Epicureos
678 1865 720 1895 ad
748 1865 838 1895 Atti-

107 1920 186 1943 cum
212 1910 385 1951 Epicureis
410 1911 578 1941 faventem
604 1910 750 1940 scribens
781 1918 838 1948 ap-

108 1953 227 1994 pellat,
245 1958 283 1984 ut
299 1954 334 1984 in
347 1953 490 1994 epistola
503 1954 545 1984 ad
563 1953 691 1984 Paetum
705 1952 747 1982 ad
761 1953 838 1983 Div.

109 1998 154 2029 ix.
179 1997 233 2029 26.
276 1996 360 2036 Quoe
391 2003 505 2027 autem
540 1997 595 2027 hic
625 1996 665 2026 de
697 1995 837 2026 muliere

108 2040 254 2080 quadam
268 2040 399 2072 Barone
420 2040 555 2080 quidam
580 2040 840 2070 comminiscun-

84 2109 88 2113 .
106 2089 179 2122 tur,
195 2083 290 2115 nihili
306 2089 397 2114 sunt.

154 2127 317 2160 Basilicoe.
343 2128 493 2158 Porticus
514 2127 705 2167 grandiores
720 2132 754 2157 et
770 2136 843 2156 ma-

108 2171 256 2211 gniflcae,
272 2171 460 2210 cujusmodi
482 2178 578 2201 crant
600 2170 668 2201 fere
688 2171 776 2200 circa
791 2169 841 2200 fo-

110 2225 160 2253 ra,
184 2215 239 2246 ubi
263 2214 412 2256 posthaec
428 2215 529 2245 etiam
549 2214 678 2254 judicia
694 2214 839 2244 exerceri

110 2257 221 2296 solita,
237 2258 384 2295 theatra,
403 2257 541 2298 templa.
586 2257 766 2288 Suetonius
791 2266 840 2286 re-

111 2302 183 2341 gias
203 2306 311 2339 vocat,
327 2302 413 2341 Aug.
429 2305 481 2333 31.
506 2302 586 2331 item
610 2301 737 2331 Statius
760 2300 839 2330 Silv.

110 2346 133 2376 i.
152 2347 179 2376 1.
193 2346 246 2377 22.
268 2344 424 2382 βασιλικὴν
438 2345 506 2378 ςοὰν
529 2345 650 2375 diserte
668 2344 791 2375 Zosim.
808 2353 838 2373 v.

112 2390 144 2420 2.
166 2387 237 2419 «los.
252 2389 292 2420 A.
308 2399 360 2418 xv.
382 2392 430 2419 11.
449 2392 479 2420 5.
519 2389 562 2419 Et
577 2388 623 2418 sic
641 2388 734 2417 numi
756 2388 840 2418 Pau-

111 2430 135 2463 li
151 2432 357 2472 exprimunt.
387 2431 481 2462 Verr.
499 2433 540 2463 iv.
558 2435 588 2464 3.
604 2431 713 2462 forum
731 2441 770 2461 ac
787 2432 840 2461 ba-

109 2476 218 2507 cilicas
243 2485 372 2507 ornare.
404 2475 446 2506 cf.
473 2486 503 2506 v.
530 2479 583 2506 58.
628 2474 702 2505 Alio
726 2480 840 2504 autem

111 2518 186 2550 loco
207 2519 242 2549 in
264 2519 412 2550 verrinis
437 2519 558 2549 statuis
581 2524 736 2548 ornatum
761 2518 842 2548 dici-

111 2565 170 2593 tur
185 2562 382 2593 Comitium.
413 2563 502 2593 Mur.
520 2565 572 2593 34.
595 2563 622 2592 si
647 2562 745 2592 unius
760 2562 842 2591 basi-

113 2607 184 2637 licoe
198 2606 306 2646 spatio
323 2605 552 2636 honestamur.
583 2605 625 2635 ad
644 2605 714 2635 Att.
731 2605 772 2635 iv.
794 2604 842 2635 16.

112 2649 279 2681 basilicam
296 2650 332 2679 in
355 2649 426 2680 foro
446 2656 570 2680 texere.
594 2648 636 2678 ad
651 2648 723 2678 Att.
740 2649 773 2678 ii.
794 2650 842 2678 14.

114 2692 298 2726 Basilicam
321 2692 439 2731 habeo,
456 2702 524 2723 non
546 2692 673 2731 villam,
690 2692 843 2730 frequen-

113 2736 164 2767 tia
179 2736 444 2767 Formianorum.

159 2779 280 2810 Batuo.
303 2779 346 2810 ad
359 2780 436 2810 Div.
453 2780 496 2810 ix.
512 2780 565 2810 22.
589 2779 705 2816 batuli,
722 2777 844 2816 inquit,

114 2822 343 2862 impudenter,
354 2822 463 2863 depsit
479 2822 586 2853 multo
602 2821 843 2862 impudentius.

116 2865 157 2897 de
174 2866 265 2896 coitu
281 2865 416 2903 dicitur,
431 2870 584 2896 sumtum
605 2875 624 2896 e
647 2864 845 2904 gladiatoria

115 2913 188 2940 aste
214 2909 364 2948 verbum,
382 2910 417 2940 in
441 2919 507 2949 qua
532 2909 612 2948 quid
636 2909 694 2948 nit,
708 2907 844 2939 rudibus

1518 129 1597 166 205

879 218 1022 255 hatita-re,
1038 219 1133 250 docet
1150 220 1277 261 Lipsius
1292 224 1424 253 Satur-n.
1441 224 1461 253 i.
1485 228 1529 254 15.

924 261 1035 292 Beate.
1062 262 1131 293 l7in.
1149 274 1177 293 v.
1195 267 1246 298 ¹29.
1270 273 1306 296 ut
1323 266 1418 303 bene,
1435 268 1480 295 sic
1496 269 1598 297 etiam

881 305 978 334 beate.
1209 337 1214 342 ¹

922 347 1082 378 Bcalilas.
1118 349 1285 380 hemitudo.
1325 359 1501 390 utrumqne
1532 362 1599 382 ver-

877 391 955 420 bum
975 391 1094 421 durum
1105 392 1234 428 ¹indic-at
1253 393 1329 422 Nat.
1346 395 1387 424 1).
1406 395 1425 423 i.
1444 398 1494 424 M.

923 435 1058 466 Bu'alus.
1081 436 1217 465 otiosus.
1251 438 1343 466 Orat.
1368 437 1401 466 ii.
1428 441 1479 466 5313.
1515 437 1601 467 Mur.

881 479 929 507 1⁶2.
955 488 995 507 ue
1021 488 1054 507 se
1079 480 1206 508 beatum
1235 485 1342 518 putet.
1376 480 1505 509 *ὼν-ος.
1532 480 1600 510 inv.

880 521 913 551 ii.
941 524 967 552 l.
999 522 1202 552 Crotoniatae
1227 523 1497 561 ‹'·u¹n—².n;··ri1ni=.
1521 525 1602 553 beati

879 565 1146 595 nominarentur.
1176 565 1255 595 Nat.
1279 566 1320 596 1).
1345 566 1390 595 iii.
1413 569 1463 596 33.
1487 567 1602 596 civitas

879 609 1070 639 bomissima.

923 652 1025 682 Belle.
1056 652 1127 682 Att.
1152 653 1193 682 vi.
1221 655 1248 682 1.
1274 652 1350 682 belle
1373 653 1531 682 curiosus.
1562 652 1604 683 ad

878 694 952 725 Div.
978 696 1040 724 xvi.
1060 699 1091 725 4.
1115 696 1282 726 bellissime
1306 696 1509 736 navigamus.
1541 696 1604 726 xiv,

882 741 930 768 1-1.
955 739 1120 768 bellissime
1137 749 1267 768 mecum
1291 749 1361 768 csse
1383 739 1545 778 poteritis.
1570 738 1601 769 h.

878 791 906 811 c.
924 782 1200 812 commodissime.
1223 784 1294 812 Att.
1311 783 1351 812 iv.
1374 784 1420 812 16.
1437 782 1506 812 lnaec
1524 792 1604 820 qno-

879 825 976 854 modo
1000 825 1089 855 fers?
1116 826 1192 856 belle
1218 825 1362 855 hercule.
1387 827 1408 855 i.
1425 836 1453 854 c.
1479 832 1514 854 ut
1537 831 1605 855 sta·

877 868 939 897 tim
958 869 1026 908 ipsc
1044 869 1296 908 interpretatur,
1310 868 1416 898 facilc.
1441 868 1520 898 ibid.
1535 869 1603 898 xiii.

879 915 930 941 33.
951 912 1072 941 cecidit
1089 913 1176 948 belle,
1193 913 1215 942 i.
1229 922 1257 942 e.
1274 912 1403 948 festive,
1421 911 1538 951 lepide.
1562 911 1605 942 cf.

878 955 934 984 Or.
949 956 994 984 iii.
1009 956 1060 985 26.
1075 957 1149 986 init.
1166 956 1248 985 bone
1265 961 1299 985 et
1317 955 1470 995 pra-clare
1488 965 1605 993 quam-

877 998 925 1028 vis
943 999 1035 1028 nobis
1060 1009 1145 1038 saepc
1171 999 1313 1035 dicatur,
1331 999 1408 1028 belle
1430 1004 1465 1028 et
1487 998 1602 1028 festive

878 1042 1019 1071 nimium
1035 1051 1120 1081 saepe
1140 1042 1224 1072 nolo.
1244 1042 1342 1072 l'ctit.
1357 1051 1445 1071 conS.
1465 1044 1510 1071 ll.
1529 1042 1605 1071 belle

879 1085 1067 1123 negandum
1089 1093 1152 1123 est,
1171 1092 1209 1115 ut
1232 1085 1439 1115 demonstres
1463 1086 1604 1114 necessi·

878 1129 1044 1165 tudinem,
1072 1129 1227 1158 ostendas
1259 1138 1358 1167 quam
1390 1127 1527 1158 moleste
1556 1127 1604 1157 fe-

881 1181 945 1207 raS‚
961 1171 1032 1201 aliis
1059 1178 1093 1201 te
1120 1171 1153 1201 id
1179 1172 1274 1201 rebus
1299 1176 1508 1201 exsarturum
1533 1180 1603 1201 esse

880 1215 1076 1254 persuadeas
1094 1227 1100 1244 ι
1141 1226 1180 1245 cx
1215 1215 1332 1253 quibus
1373 1215 1476 1244 verbis
1513 1215 1603 1254 ipsiS,

880 1258 958 1297 quid
973 1258 1015 1288 sit
1033 1258 1064 1288 h.
1082 1257 1102 1288 l.
1120 1259 1209 1296 belle,
1224 1258 1318 1288 facile
1335 1257 1545 1296 intelligitur.

923 1301 1049 1332 Bellus.
1073 1302 1232 1339 urbanus,
1248 1301 1426 1338 humanus,
1443 1302 1498 1340 qui
1515 1299 1604 1330 dolo-

880 1355 948 1374 rem
977 1344 1183 1375 dissimulare
1208 1351 1318 1385 potest
1341 1345 1401 1374 ἃς.
1430 1344 1500 1374 Att.
1526 1345 1548 1374 i.
1577 1347 1604 1374 1.

880 1388 994 1418 durius
1019 1389 1166 1428 accipere
1189 1389 1276 1419 visus
1299 1392 1363 1425 est,
1380 1397 1478 1426 quam
1498 1387 1604 1417 bomi-

882 1441 939 1462 nes
965 1433 1035 1462 belli
1060 1431 1179 1462 solent.
1217 1432 1259 1462 ib.
1284 1442 1313 1461 v.
1341 1434 1388 1461 10.
1419 1431 1488 1461 fero
1514 1430 1605 1461 fron·

879 1480 914 1505 te
945 1486 983 1505 ac
1006 1474 1102 1505 vultu
1134 1476 1312 1511 bellissime,
1335 1475 1392 1505 scd
1421 1483 1527 1513 angor
1554 1474 1605 1504 in-

880 1519 972 1548 timis
997 1519 1158 1548 sensibus.
1188 1518 1361 1558 *lepidus‚
1387 1517 1531 1556 elegans.
1563 1517 1604 1547 ad

881 1562 957 1592 Div.
975 1563 1037 1592 xiv.
1054 1565 1084 1596 7.
1112 1562 1227 1591 Cicero
1251 1562 1450 1592 bellissimus.
1482 1563 1500 1582 θ
1514 1571 1605 1590 coul-

883 1605 1012 1642 modus,
1032 1605 1219 1645 probabilis.
1250 1604 1290 1635 ad
1317 1605 1392 1635 Div.
1420 1604 1463 1634 ix.
1487 1605 1517 1634 ΕΖ.
1543 1605 1604 1634 bel-

882 1650 949 1678 lum
967 1658 1050 1686 esse,
1069 1649 1178 1687 aliquo
1195 1649 1293 1678 exire.
1320 1647 1389 1678 Att.
1407 1656 1456 1677 κν.
1476 1650 1524 1677 11.
1543 1648 1604 1677 bel-

881 1695 914 1723 la
933 1693 1019 1732 juris
1043 1692 1188 1722 licentia.
1220 1691 1303 1722 Phil.
1319 1701 1349 1721 x.
1367 1695 1397 1725 ἵ.
1420 1691 1499 1720 satis
1524 1691 1605 1721 bella

882 1737 988 1766 affert.
1019 1736 1087 1765 *de
1111 1746 1161 1772 eo,
1178 1735 1235 1774 qui
1257 1745 1274 1764 e
1294 1734 1408 1765 morbo
1425 1733 1605 1772 convaluit,

882 1780 922 1809 ad
938 1779 1014 1810 Div.
1031 1779 1095 1809 xvi.
1117 1782 1164 1810 18.
1181 1780 1241 1808 διο.

924 1822 1025 1853 Bene.
1049 1822 1154 1852 valde.
1183 1822 1255 1852 Att.
1272 1831 1302 1851 x.
1327 1821 1376 1852 16.
1400 1821 1474 1851 bene
1496 1829 1604 1851 mane.

882 1866 975 1896 verr.
990 1866 1023 1895 ii.
1039 1869 1091 1900 70.
1115 1866 1190 1895 bene
1205 1864 1353 1905 penitus.
1374 1868 1393 1885 θ
1405 1863 1504 1894 Tusc.
1517 1864 1536 1893 i.
1552 1866 1604 1894 35.

884 1909 1039 1949 Pompeio
1055 1910 1171 1939 melius
1185 1914 1236 1939 cst
1251 1907 1390 1938 factum.
1405 1908 1425 1937 i.
1442 1917 1470 1936 e.
1487 1916 1605 1937 conva-

881 1953 956 1983 luit.
988 1955 1007 1974 ’ὕ
1018 1952 1119 1983 laute.
1144 1952 1214 1983 Fin.
1230 1952 1263 1982 ii.
1279 1954 1310 1982 8.
1334 1951 1402 1981 Hos
1419 1959 1480 1989 ego
1496 1954 1606 1982 asotos

884 1997 958 2026 bene
984 1995 1117 2035 quidem
1143 1996 1251 2025 vivere
1273 1994 1425 2031 dixerim,
1447 1997 1481 2023 at
1509 1993 1606 2026 beate

884 2049 1066 2079 numquam
1083 2039 1234 2069 dixerim.
1264 2037 1340 2068 ibid.
1364 2038 1436 2067 hene
1451 2045 1592 2066 coenare.

927 2083 1127 2123 Beneficium
1151 2082 1321 2120 eleganter
1342 2080 1464 2110 dicitnr
1485 2079 1525 2109 de
1548 2078 1607 2110 ho-

886 2127 988 2163 mine,
1026 2127 1080 2165 qui
1119 2136 1139 2155 a
1176 2123 1366 2165 provinciali
1406 2123 1605 2162 magistratu

883 2170 1138 2200 commendatur
1161 2175 1195 2198 et
1224 2167 1391 2204 laudatur,
1420 2171 1457 2196 ut
1481 2170 1541 2196 aut
1566 2176 1606 2206 eo

884 2213 1013 2244 facilius
1036 2213 1176 2243 honores
1200 2212 1235 2241 in
1259 2210 1427 2250 republica
1441 2219 1461 2239 a
1482 2209 1606 2250 populo

884 2258 979 2288 Rom.
1005 2261 1239 2294 consequatur,
1264 2259 1321 2284 aut
1349 2254 1382 2284 in
1400 2252 1605 2292 judiciorum

884 2300 1038 2341 perieulis
1061 2300 1261 2330 subicietur.
1306 2297 1354 2327 Ea
1376 2301 1489 2326 autem
1516 2305 1606 2326 com-

885 2344 1055 2374 mendatio
1092 2342 1178 2382 apud
1219 2342 1371 2371 aerarium
1416 2339 1605 2379 deponitur.

885 2387 984 2418 Areh.
1009 2390 1038 2417 5.
1074 2386 1107 2416 in
1134 2385 1289 2424 beneficiis
1312 2383 1354 2414 ad
1375 2383 1528 2413 aerarium
1551 2383 1607 2413 de-

885 2431 974 2461 ferri.
999 2429 1040 2460 cf.
1066 2429 1106 2459 ad
1129 2429 1204 2460 ΠΝ.
1230 2438 1259 2458 v.
1281 2429 1332 2459 20.
1358 2426 1449 2456 Balb.
1466 2428 1518 2457 21.
1542 2426 1607 2456 vid.

886 2474 987 2504 Gron.
1003 2473 1042 2502 de
1063 2474 1199 2502 Sestert.
1217 2472 1262 2502 iii.
1283 2474 1331 2504 17.
1361 2473 1378 2492 ¹¹
1394 2469 1474 2500 Lael.
1490 2471 1543 2501 25.
1566 2469 1607 2500 ad

885 2517 997 2558 populi
1018 2516 1203 2556 beneficium
1227 2513 1409 2544 sacerdotia
1430 2512 1608 2543 transfere-

887 2561 1019 2590 bantur.
1052 2562 1070 2581 *
1087 2557 1333 2589 commendatio
1359 2557 1441 2596 ipsa,
1467 2556 1507 2587 ad
1531 2557 1608 2588 niv.

887 2604 954 2634 xiii.
971 2606 1023 2634 35.
1047 2602 1102 2632 ubi
1118 2601 1182 2631 vid.
1200 2608 1271 2632 not.

929 2647 1005 2678 Bes.
1027 2651 1103 2676 octo
1118 2645 1236 2675 unciae.
1267 2642 1307 2674 ad
1322 2642 1394 2673 Att.
1411 2642 1451 2674 iv.
1472 2646 1520 2674 15.
1540 2641 1609 2673 1³oe-

887 2699 949 2721 nus
977 2700 1016 2718 ex
1046 2689 1170 2718 triente
1200 2687 1328 2718 factum
1358 2692 1430 2716 erat
1466 2687 1609 2717 bessibus.

888 2733 1005 2763 Foenus
1029 2732 1165 2762 bessibus
1186 2735 1250 2768 est,
1268 2739 1344 2760 cum
1361 2729 1500 2768 singuiis
1517 2739 1610 2760 men-

887 2777 976 2806 sibus
993 2785 1051 2815 pro
1067 2779 1204 2806 centum
1223 2774 1361 2809 assibus,
1377 2772 1508 2803 foenoris
1526 2773 1609 2809 loco,

886 2819 1061 2849 solvuntur
1088 2818 1163 2848 duae
1193 2818 1303 2848 tertioe
1341 2817 1434 2853 assis,
1464 2815 1609 2854 adeoque

888 2863 984 2894 annis
999 2861 1139 2901 singulis
1155 2865 1231 2892 octo
1247 2869 1334 2891 asses
1350 2869 1408 2899 pro
1422 2859 1583 2889 centenis.

931 2906 1126 2938 Bestiarc'us.
1160 2912 1265 2945 genus
1295 2902 1530 2943 gladiatorum,
1553 2901 1609 2942 qui
