1804 3178
648 148 794 178 1101an
815 151 946 180 LA'rm
955 153 1108 183 {Taus-

130 238 193 269 tua
214 236 405 267 laudatione
428 235 625 267 conferrem.
659 236 723 266 alia
745 247 856 267 exem-

131 278 189 318 pla
209 281 376 320 congessit
397 280 568 312 Drakenb.
587 280 628 310 ad
648 280 705 310 sil.
722 280 797 310 ltal.
814 281 856 310 vi.

180 365 312 397 curm.
342 367 413 397 Att.
430 376 459 396 v.
477 370 506 397 8.
538 376 669 397 marsum
686 371 856 406 exspecta-

131 407 219 439 bam.
244 411 265 440 i.
280 420 309 440 e.
333 414 470 440 ventum
493 409 692 446 secundum,
709 421 774 449 quo
798 420 855 440 na·

128 452 240 492 vigare
257 462 398 493 possem.
429 453 500 483 Att.
517 463 547 483 v.
570 456 616 483 15.
641 453 694 483 ille
710 455 769 483 tibi
788 463 854 483 non

130 495 264 534 ignotus
275 505 389 526 cursus
404 497 506 526 animi
520 501 553 526 et
570 496 739 527 industriae.
757 507 851 527 meae.

127 538 194 569 Off.
207 539 231 569 i.
244 540 298 570 32.
325 539 488 579 implicari
501 539 610 578 aliquo
627 546 718 570 eci-to
732 550 852 579 genere

126 591 286 622 cursuque
300 583 442 613 vivendi.
474 584 562 614 Sext.
581 586 632 613 21.
665 584 731 614 vita
748 585 854 614 brevis

125 629 190 662 est,
206 625 319 664 gloriae
338 636 453 657 cursus
475 628 696 667 sempiternus
721 628 779 656 Ere.
811 628 854 657 ad

124 668 202 699 Div.
219 669 266 699 iii.
286 672 334 699 11.
350 680 466 700 cursus
481 670 656 700 honorum.
689 670 731 700 ib.
750 681 780 700 x.
802 673 850 701 15.

123 721 238 742 eureus
252 711 413 743 bonorum
431 713 655 744 consiliorum.
681 713 750 744 Fin.
765 714 786 743 i.
803 717 812 744 1
826 717 851 743 l.

125 756 289 786 virtutum
322 766 438 786 cursus
467 757 507 787 ad
545 757 765 797 voluptatem.
809 757 851 786 ad

118 798 200 829 -Div.
216 809 247 829 x.
263 802 294 830 3.
325 810 439 830 cursus
454 800 495 830 ad
511 799 661 839 gloriam.
688 800 783 830 Brut.
800 804 852 831 81.

121 851 257 872 cursum
268 851 366 874 snum
378 848 615 874 transcurrere.
640 842 701 873 Hae
714 843 850 882 loquen-

123 885 157 916 di
181 886 324 917 rationes
347 887 518 917 ducuntur
541 896 561 916 a
582 886 703 923 stadio,
728 887 761 916 in
785 897 850 925 quo

123 930 255 969 proprie
271 939 387 960 cursus
408 935 470 960 est.
515 929 580 959 Sed
603 930 725 959 dicitur
747 931 849 960 ctiam

121 982 237 1003 cursus
259 972 299 1003 de
323 973 549 1012 navigatione,
570 979 607 1003 ut
630 973 672 1003 ad
693 973 770 1004 Div.
793 974 870 1003 xii..

121 1017 175 1047 25.
199 1015 288 1046 unde
303 1016 419 1046 crebra
433 1016 492 1047 illa
503 1026 555 1056 ap.
573 1017 766 1046 Ciceronem
783 1016 849 1046 for-

122 1058 227 1096 mula,
242 1069 375 1090 cursum
397 1065 525 1090 tenere.
556 1060 650 1092 Orat.
677 1063 703 1090 1.
734 1065 849 1090 teneat

119 1112 268 1140 cursum,
298 1113 396 1142 quem
435 1106 553 1143 potest.
599 1103 682 1133 Phil.
721 1103 786 1134 viii.
816 1107 847 1134 4.

119 1155 220 1184 quem
244 1147 332 1176 euim
357 1156 488 1177 cursum
516 1146 680 1177 industria
704 1156 779 1176 mea
800 1150 850 1176 te-

119 1198 198 1220 nere
221 1190 400 1229 potuisset,
424 1191 495 1220 sine
518 1190 703 1220 forensibus
726 1191 847 1227 causis,

116 1233 189 1263 sine
199 1232 350 1271 judiciis,
362 1234 432 1264 sine
449 1233 588 1273 legibus.
612 1232 705 1272 Quir.
720 1244 751 1273 p.
765 1230 846 1264 Red.

121 1279 150 1306 1.
179 1277 345 1306 secundus
376 1278 453 1307 vitae
483 1287 607 1307 cursus.
642 1276 786 1306 *Plana
815 1280 846 1310 7.

116 1329 216 1350 cursu
231 1320 273 1350 ad
290 1319 449 1350 honorem
467 1320 597 1350 venire:
625 1320 646 1349 i.
658 1330 687 1349 e.
705 1320 846 1356 meritis,

116 1363 306 1400 nobilitate,
344 1364 442 1394 rectis
480 1364 624 1394 artibus:
667 1364 848 1402 opponitur

116 1406 285 1446 obrepere.
317 1407 401 1437 ⁸0r.
418 1407 451 1437 ii.
471 1410 519 1437 10.
545 1416 660 1436 cursus
674 1407 844 1444 orationis,

115 1450 240 1480 dicitur
254 1450 295 1480 de
310 1451 458 1481 oratione
475 1455 648 1490 perpetua.

163 1493 304 1524 Curuus.
342 1493 435 1524 Verr.
459 1504 489 1523 v.
516 1496 564 1523 14.
602 1492 684 1523 sella
705 1494 844 1523 curulis.

115 1535 192 1567 Fuit
221 1542 299 1567 ante
330 1546 461 1576 regum,
485 1542 560 1577 post
583 1537 842 1575 magistratuum

114 1581 293 1619 majorum,
309 1585 405 1620 puta,
422 1580 619 1616 Consulum,
645 1580 844 1616 Censoruni,

113 1622 300 1654 Praeturam
327 1629 363 1653 ct
390 1623 551 1654 AEdilium
583 1623 774 1654 Curulium:
808 1624 843 1654 in

113 1676 192 1706 qua,
218 1676 296 1697 cum
322 1667 356 1697 in
384 1667 516 1707 publico
543 1672 668 1703 essent,
693 1665 843 1696 conside-

111 1714 200 1741 rent.
244 1710 325 1750 Ejus
341 1709 449 1741 forma
471 1720 546 1750 quae
565 1710 679 1747 suerit,
696 1720 714 1739 e
731 1711 842 1740 numis

111 1753 261 1794 conspici
285 1758 408 1794 potest,
430 1765 447 1784 e
474 1753 592 1792 quibus
619 1753 659 1783 de
682 1763 721 1783 ea
743 1753 840 1783 docte

111 1796 244 1828 disserit
266 1796 446 1837 Spanhem.
463 1797 503 1826 de
528 1797 586 1827 Us.
610 1802 645 1826 et
669 1797 721 1826 Pr.
738 1796 840 1827 Num.

110 1840 199 1872 Diss.
214 1850 247 1870 x.
263 1840 347 1871 adde
363 1840 503 1871 Casaub.
521 1845 555 1870 et
571 1840 686 1870 Burin.
703 1839 745 1869 ad
761 1840 841 1870 Sue-

108 1890 181 1914 ton.
203 1883 291 1923 Aug.
313 1886 366 1914 44.
412 1883 462 1914 Ab
486 1884 584 1922 hujus
607 1883 697 1913 sellae
714 1892 776 1913 usu
793 1883 842 1913 di-

109 1927 156 1957 cti
171 1932 251 1958 sunt
267 1926 379 1958 aediles
391 1929 531 1964 curules,
544 1931 582 1958 u't
594 1927 840 1966 distingueren-

108 1975 168 2001 tur
182 1980 203 2000 a
216 1969 366 2010 plebeiis,
382 1975 418 2001 et
433 1971 514 2002 Har.
527 1970 626 2010 Resp.
647 1973 696 2001 13.
715 1971 840 2000 curulis

109 2013 263 2044 aedilitas.

123 2089 125 2091 ,
156 2057 331 2088 Οιιεὶοιὶἱνε.
368 2057 440 2087 Att.
472 2067 525 2087 xv.
565 2060 615 2088 13.
652 2057 838 2087 orationem

107 2100 171 2130 tibi
188 2101 282 2130 misi:
307 2101 378 2139 ejus
394 2101 605 2131 custodiendo?
619 2104 653 2130 et
668 2100 838 2140 proferen-

108 2142 160 2173 dae
183 2144 359 2174 arbitrium
381 2149 479 2174 tuum
503 2144 557 2174 sit.
585 2144 642 2174 Or.
667 2144 700 2173 ii.
724 2145 754 2175 2.
783 2153 840 2174 cu-

105 2187 224 2218 stodire
239 2187 356 2224 literis,
371 2193 423 2217 cst
438 2187 607 2217 memoriae
622 2187 772 2226 prodere.

156 2230 274 2262 (ἐτι-νιος.
305 2231 381 2261 sen.
405 2241 438 2270 p.
458 2230 540 2261 Red.
561 2233 608 2260 11.
637 2230 780 2260 custodes
802 2230 836 2259 in

106 2274 254 2304 comitiis
280 2274 362 2304 item
388 2273 589 2304 tabellarum
615 2272 774 2303 dicuntur
804 2282 838 2302 a·

106 2317 200 2354 mici,
216 2317 272 2356 qui
296 2328 317 2348 a
338 2317 524 2347 candidatis
548 2319 606 2346 aut
627 2317 680 2353 iis,
694 2325 836 2355 quorum

105 2360 259 2398 interest,
277 2361 370 2391 urnis
392 2366 428 2391 et
450 2360 675 2390 diribitoribus
699 2358 837 2389 tabella-

104 2413 181 2435 rum
211 2404 478 2444 apponebantur,
506 2413 547 2434 ne
577 2403 667 2433 fraus
694 2402 838 2432 interce-

104 2446 182 2478 dere
198 2452 324 2487 posset,
341 2452 401 2478 aut
416 2457 478 2478 sua
491 2452 610 2487 sponte
625 2455 700 2476 eam
721 2455 836 2476 curam

103 2490 346 2530 suscipiebant,
370 2498 408 2521 ut
431 2495 526 2530 patet
547 2500 565 2519 e
590 2489 780 2526 Pisoniana,
806 2498 836 2518 c.

107 2536 158 2565 15.
189 2533 265 2564 add.
282 2533 377 2564 Viros
397 2534 486 2564 doct.
503 2533 544 2563 ad
568 2532 661 2563 Varr.
676 2532 716 2562 R.
733 2532 772 2562 R.
789 2532 836 2562 iii.

104 2579 135 2608 5.
159 2581 244 2607 extr.
260 2581 295 2607 et
310 2577 435 2608 Gruch.
453 2577 547 2607 Com.
564 2577 585 2606 i.
601 2579 632 2607 3.
648 2578 680 2606 4.

151 2619 264 2659 Cybea.
294 2620 387 2651 Verr.
406 2631 434 2649 v.
457 2623 504 2654 17.
529 2621 590 2649 &c.
616 2629 656 2648 ex
677 2628 742 2657 quo
765 2617 836 2648 loco

103 2667 254 2704 apparet,
263 2664 448 2694 onerariam
467 2672 584 2693 navem
600 2662 713 2698 fuisse,
726 2661 768 2691 ad
779 2661 836 2691 de-

104 2707 284 2746 portandas
300 2716 427 2737 merces
450 2705 748 2741 accommodatam,
761 2714 837 2743 pro-

102 2754 179 2789 pter
209 2749 440 2786 latitudinem,
465 2760 530 2789 qua
561 2758 654 2788 paene
685 2747 726 2777 ad
749 2746 838 2777 adeon

101 2792 246 2822 sormam
263 2793 456 2830 accedebat,
472 2794 521 2823 ita
543 2792 644 2822 dicta.
689 2791 743 2820 Sic
765 2790 835 2819 Ηο-

101 2841 186 2866 tom.
209 2835 316 2866 Graeci
341 2839 518 2876 opponunt
541 2835 757 2875 longioribus,
781 2842 835 2862 vo-

101 2883 247 2918 eantque
263 2878 443 2931 elqoytydam.
482 2879 579 2910 Forte
595 2884 646 2909 est
663 2887 720 2917 pro
741 2876 836 2915 Cym-

100 2922 170 2960 bea,
187 2927 226 2953 ut
245 2921 336 2955 aucas
361 2922 451 2963 apud
474 2921 621 2963 Hesych.
647 2921 702 2953 ubi
727 2930 756 2951 v.
778 2918 836 2950 Al-

1537 156 1615 193 258

900 239 1042 269 bertum.

947 283 1187 322 Qanoceplualus.
1219 285 1286 316 Att.
1302 287 1342 316 vi.
1362 290 1388 318 l.
1406 298 1473 320 erat
1489 303 1616 330 cynoce-

894 326 1014 364 plmlus
1036 327 1070 354 in
1093 326 1220 356 essedo.-
1263 330 1311 358 De
1332 332 1551 372 (yrum-epham
1567 337 1615 366 sa·

901 368 1015 398 bulosa
1031 373 1109 398 sunt
1128 379 1178 407 ap.
1196 370 1278 400 l‘lin.
1297 373 1338 402 ll.
1356 374 1396 404 N.
1413 378 1454 405 vi.
1471 380 1522 407 ³0.
1553 379 1614 407 Ve-

899 421 973 442 rum
996 418 1059 448 est,
1076 413 1247 443 simiarum
1272 424 1374 451 genus
1397 418 1507 453 fuisse.
1531 422 1617 458 quod

900 455 947 485 ita
973 454 1204 495 appellaretur.
1238 467 1267 487 v.
1289 457 1423 490 §.u-nas.
1449 463 1490 492 ad
1516 464 1616 494 Soliti.

1234 629 1277 661 D.

941 714 1142 754 Dactylicus.
1168 715 1224 746 Or.
1242 719 1293 750 57.
1310 717 1487 755 dactylicus
1503 728 1619 750 nume-

896 768 950 787 rus
968 759 1234 789 hexametrorum
1260 760 1551 799 iiiaguiloquentioe
1567 771 1619 794 est

896 802 1186 832 accommodatior.
1238 803 1429 841 Dactylicns
1459 815 1616 836 numerus

897 853 963 874 non
988 845 1084 875 modo
1107 856 1124 874 e
1154 846 1289 885 pedibus
1312 847 1479 886 dactylicis
1500 850 1619 887 oritur,

896 888 954 917 sed
970 889 1070 918 etiam
1087 898 1126 918 ex
1151 890 1297 928 reliquis,
1315 891 1370 928 qui
1394 892 1508 922 eodem
1533 899 1619 923 tem-

896 941 973 970 pore
997 932 1223 969 continentur,
1247 940 1285 962 ut
1312 939 1490 973 anapaesto,
1517 945 1619 975 spon-

895 974 966 1004 deo.
1011 975 1064 1004 Sic
1080 981 1129 1005 est
1150 986 1201 1015 ap.
1220 976 1358 1013 Longin.
1376 979 1407 1007 5.
1425 981 1477 1009 38.
1506 978 1616 1019 ῥυθμὸς

894 1015 1082 1055 δικτυλικδς,
1097 1020 1153 1049 ubi
1170 1019 1232 1049 vid.
1250 1018 1331 1049 lutt.
1347 1026 1382 1050 et
1398 1021 1485 1051 conf.
1503 1021 1618 1053 Clark.

893 1061 935 1091 ad
951 1062 1087 1091 Homer.
1105 1062 1198 1092 Iliad.
1213 1068 1239 1092 t.
1256 1064 1275 1092 i.
1293 1073 1324 1102 p.
1341 1064 1393 1094 66.

937 1104 1083 1134 Doemon.
1108 1105 1147 1135 de
1162 1105 1258 1135 Univ.
1277 1109 1324 1136 11.
1350 1107 1416 1143 Dii,
1429 1117 1508 1146 quos
1522 1106 1613 1138 Gru:-

894 1147 923 1176 ci
940 1144 1087 1186 δαίμοιις,
1104 1149 1286 1188 appellant,
1302 1151 1418 1187 nostri,
1432 1157 1469 1180 ut
1485 1151 1616 1190 opinor,

893 1190 1011 1220 Lares:
1043 1192 1069 1220 si
1095 1192 1191 1221 modo
1215 1191 1275 1222 hoc
1300 1198 1388 1223 recte
1419 1203 1613 1224 conversum

891 1233 992 1263 videri
1011 1240 1131 1273 potest.

934 1276 1115 1307 Damnatio
1129 1278 1285 1308 ambitus.
1311 1277 1443 1310 Cluent.
1460 1281 1512 1311 36.

934 1320 1192 1351 Daninaeorium
1224 1321 1402 1360 judicium.
1445 1323 1537 1354 Verr.
1567 1323 1615 1354 iii.

933 1405 1120 1444 Damnum,
1136 1411 1282 1446 sumtus,
1293 1408 1427 1446 jactura
1449 1410 1495 1439 rei
1515 1409 1614 1441 fami-

889 1449 991 1486 liaris,
1007 1457 1107 1489 atque
1123 1451 1204 1482 adeo
1225 1461 1269 1481 aes
1293 1451 1451 1482 alienum.
1481 1452 1572 1483 Verr.
1589 1453 1612 1483 i.

893 1495 940 1523 1²2.
957 1494 1092 1531 damna,
1106 1504 1179 1533 quae
1193 1504 1242 1524 res
1259 1495 1360 1534 patris
1372 1495 1442 1532 ejus
1459 1496 1612 1534 pertulit,

888 1542 1140 1576 praetereantur.
1164 1538 1240 1567 ibid.
1259 1548 1287 1567 ν.
1307 1541 1355 1569 13.
1377 1538 1514 1575 darana,
1537 1548 1612 1578 quae

889 1581 996 1610 aetatis
1019 1579 1130 1610 fructu
1155 1581 1316 1611 dissoluta
1336 1586 1370 1611 et
1398 1585 1612 1620 compensata

888 1627 979 1653 sunt.
997 1622 1080 1653 Phil.
1093 1624 1126 1653 ii.
1141 1626 1193 1658 97.
1210 1624 1333 1654 damna
1349 1624 1517 1654 aleatoria.
1529 1625 1614 1664 *ge-

888 1676 950 1696 nus
966 1667 1187 1704 coercitionis,
1204 1672 1237 1697 et
1255 1677 1359 1707 poenae
1375 1667 1516 1704 levioris,
1532 1678 1610 1707 qua,

887 1719 917 1740 v.
934 1720 962 1739 e.
979 1709 1139 1740 Consules
1162 1711 1343 1741 utebantur
1366 1711 1400 1740 in
1423 1711 1613 1749 Senatores,

887 1753 943 1792 qui
959 1754 1037 1793 ipsis
1054 1763 1167 1792 parere
1185 1753 1323 1785 nollent.
1347 1753 1430 1784 Pbil.
1447 1754 1469 1784 i.
1485 1757 1515 1785 5.
1538 1755 1612 1793 quis

886 1805 1033 1835 unquam
1061 1802 1156 1826 tanto
1179 1797 1297 1827 damno
1318 1802 1506 1827 senatorem
1537 1801 1611 1828 coi}-

885 1840 957 1878 git?
983 1843 1042 1870 aut
1056 1840 1135 1878 quid
1150 1843 1199 1870 est
1215 1840 1302 1870 ultra
1318 1841 1437 1880 pignus
1453 1845 1512 1870 aut
1524 1840 1612 1871 mul·

883 1883 978 1913 tam?
1019 1883 1083 1913 Off.
1110 1884 1155 1913 iii.
1187 1887 1216 1914 5.
1252 1884 1308 1923 qui
1338 1883 1608 1922 conjunctionem

885 1926 1007 1956 civium
1047 1926 1222 1963 dirimunt,
1252 1936 1308 1956 eos
1343 1931 1464 1962 morte,
1495 1927 1609 1964 exilio,

883 1969 1037 2006 vinculis,
1049 1970 1168 2000 damno
1182 1973 1347 2000 coercent.
1371 1969 1389 1987 ¹*
1401 1978 1506 2008 genus
1522 1970 1609 2009 inju-

884 2014 952 2044 riae.
983 2012 1079 2043 Rosc.
1104 2012 1197 2043 Com.
1225 2016 1274 2043 ll.
1303 2013 1415 2043 damni
1438 2011 1607 2051 judicium

883 2055 943 2086 &c.

925 2098 1037 2130 Datio.
1062 2098 1177 2138 Agl-ar.
1194 2099 1227 2128 ii.
1245 2100 1297 2130 22.
1321 2098 1433 2137 legum
1449 2098 1545 2129 datio.

926 2143 1069 2174 Datum.
1086 2142 1150 2172 vid.
1168 2141 1226 2172 ins.
1245 2146 1319 2182 post
1335 2141 1387 2171 do.

925 2185 991 2218 De.
1023 2185 1155 2216 Muren.
1171 2189 1224 2217 33.
1251 2185 1289 2215 de
1305 2189 1403 2214 nocte
1418 2185 1539 2224 surgis,
1556 2189 1609 2217 est

882 2230 996 2259 statim
1020 2238 1040 2258 a
1062 2228 1171 2258 media
1194 2234 1305 2265 nocte,
1321 2237 1347 2258 s.
1369 2227 1477 2258 multa
1497 2227 1607 2258 adhuc

880 2278 989 2302 nocte.
1018 2272 1063 2302 sic
1080 2272 1119 2301 cle
1133 2271 1199 2308 die,
1216 2276 1267 2301 est
1286 2271 1400 2301 statim
1425 2280 1445 2300 a
1467 2271 1606 2301 meridie

882 2317 948 2345 sive
966 2315 1073 2345 multa
1088 2315 1196 2344 adhuc
1215 2314 1280 2351 die,
1298 2319 1336 2345 ut
1354 2315 1388 2344 in
1412 2313 1481 2352 illo,
1498 2315 1609 2344 convi-

881 2359 949 2389 vari
966 2360 1004 2388 de
1019 2358 1082 2388 die.
1113 2357 1179 2387 vid.
1194 2357 1354 2388 Burman.
1371 2356 1413 2387 ad
1428 2356 1606 2388 Pbaedrum

882 2402 927 2432 iii.
950 2405 997 2433 10.
1013 2404 1065 2433 ⁴20.
1092 2410 1295 2439 quamquam
1313 2399 1483 2430 interdum
1502 2401 1605 2431 etiam

881 2455 902 2475 a
923 2455 1020 2475 mane
1044 2453 1113 2474 esse
1138 2443 1209 2473 vult
1231 2443 1369 2474 Salmas.
1393 2442 1434 2473 ad
1455 2443 1558 2474 Solin.
1583 2442 1608 2475 s.

881 2489 956 2519 456.
980 2490 1071 2518 Sext.
1087 2490 1139 2518 35.
1165 2487 1204 2516 de
1220 2486 1328 2517 multa
1343 2491 1441 2517 nocte
1457 2486 1607 2525 vigilare.

883 2531 981 2561 Petit.
1012 2531 1111 2560 cons.
1143 2532 1192 2560 12.
1227 2534 1265 2560 ut
1294 2530 1332 2560 de
1361 2534 1458 2559 nocte
1488 2529 1606 2560 domus

881 2573 1103 2614 compleatur,
1121 2573 1183 2603 int.
1200 2572 1389 2603 clientibus.
1419 2573 1489 2612 ‘2-
1507 2572 1556 2603 Fr.
1573 2573 1610 2603 ii.

885 2621 911 2648 1.
943 2618 994 2647 fac
1012 2622 1050 2646 ut
1064 2616 1242 2654 diligenter
1262 2615 1532 2654 considerateque
1549 2625 1607 2646 na.-

882 2661 972 2700 viges
993 2660 1032 2689 cle
1057 2669 1171 2689 mense
1201 2659 1398 2690 Decembri:
1431 2659 1487 2689 alii
1511 2659 1609 2689 aliter

881 2703 1061 2743 explicant.
1092 2702 1205 2733 Vatin.
1234 2705 1281 2733 15.
1312 2701 1464 2741 intelligo
1490 2702 1529 2732 de
1551 2711 1608 2740 ge·

880 2751 953 2776 stu:
979 2746 1000 2775 i.
1016 2756 1046 2775 e.
1062 2755 1102 2775 ex
1119 2749 1226 2784 gestu.
1262 2745 1316 2776 Sic
1332 2745 1375 2776 ad
1389 2745 1465 2777 Div.
1481 2745 1535 2774 vii.
1552 2746 1606 2779 29.

881 2789 962 2819 duos
980 2790 1121 2828 parietes
1137 2789 1176 2819 de
1190 2787 1306 2819 eadem
1321 2788 1432 2819 fidelia
1443 2787 1606 2818 dealbare.

881 2831 966 2863 Phil.
991 2832 1024 2862 ii.
1051 2834 1104 2866 27.
1136 2841 1277 2872 persona
1302 2832 1342 2863 de
1367 2832 1483 2867 mimo,
1508 2830 1607 2861 modo

880 2884 995 2914 egens,
1019 2880 1156 2915 repente
1180 2874 1281 2906 dives.
1311 2875 1382 2905 *ab
1406 2874 1528 2904 Caeein.
1552 2874 1606 2905 36.

880 2928 942 2950 uec
969 2919 1081 2950 minus
1110 2923 1292 2957 vereretur,
1319 2927 1360 2951 ne
1393 2923 1607 2950 contemnere
