1815 3209
194 159 221 204 (5
748 159 1128 204 PRAEFATIO

197 282 260 315 set
280 289 544 326 concessum,
567 273 702 315 multa
721 273 899 317 fortasse
929 277 1168 318 accuratius
1198 276 1525 333 scripsissemus,
1546 277 1682 321 multa

195 340 310 373 certe
339 332 520 389 plenius,
551 332 827 388 pluribusque
856 334 1242 385 observationibus,
1268 345 1311 375 et
1340 349 1394 375 ex
1417 334 1680 377 eruditorum

195 389 419 430 hominum
442 389 559 430 libris
582 388 786 440 collectis,
808 399 851 430 et
872 391 1028 431 nostris
1050 390 1271 431 illustrata.
1310 392 1421 432 Nam
1443 391 1520 432 etsi
1544 392 1680 433 multa

194 445 281 487 huc
312 446 569 502 pertinentia
597 446 858 487 habebamus
880 456 1030 488 notata
1050 448 1093 488 in
1115 447 1315 488 liturariis
1345 449 1515 500 nostris,
1537 457 1680 491 tamen

193 503 385 544 nondum
408 517 545 558 neque
566 513 686 544 erant
716 503 816 544 satis
838 518 1031 555 excussa,
1053 513 1096 545 et
1118 505 1178 545 ita
1200 505 1318 560 quasi
1348 515 1529 557 matura,
1551 514 1599 546 ut
1628 506 1681 547 iis

194 561 257 601 uti
281 574 512 616 possemus,
535 574 672 615 neque
695 570 861 625 tem-pus
883 561 1130 602 excutiendi
1153 561 1331 602 liberum
1351 562 1679 603 concedebatur.

196 617 409 664 Quasdam
438 618 568 658 etiam
598 626 673 658 aut
702 619 873 668 omissa,
904 627 977 658 aut
1006 627 1158 669 errata,
1179 619 1280 659 dum
1303 619 1442 660 obiter
1471 620 1681 675 percurri-

194 687 289 715 mus
312 674 425 716 1111116
456 674 686 725 indicem,
677 675 758 729 ipsi
781 675 1114 726 observavimus,
1136 690 1232 732 quae
1264 675 1307 716 in
1337 676 1541 717 addendis
1563 691 1682 718 com-

193 742 429 772 memorata
451 741 548 771 sunt
569 741 612 772 et
632 731 869 772 emendata.

254 789 402 829 Paullo
439 787 531 844 plus
572 787 807 843 diligentiae
849 788 1122 829 adhibuimus
1165 789 1206 830 in
1239 788 1485 830 Latinitatis
1523 789 1680 831 Indice.

196 845 310 887 Nam
341 860 439 886 cum
470 845 530 885 ita
561 845 787 896 accideret,
814 854 876 897 ut,
907 847 1124 901 exscripto
1148 847 1263 902 typis
1296 846 1516 897 1115101160,
1543 861 1682 888 cessa-

193 913 288 944 rent
330 917 486 958 opeiae,
524 903 618 957 plus
659 903 788 942 etiam
825 904 1028 958 temporis
1063 903 1155 958 ejus
1187 903 1443 944 conficiendi
1485 903 1680 944 dabatur.

196 959 445 1000 Ε1ξι1101·ει111
480 959 579 1000 011111
618 959 660 999 111
695 960 905 1000 latinitate
939 959 1222 1001 Ciceroniana
1257 961 1299 1000 in
1334 960 1526 1001 Iudicem
1562 959 1683 1002 colli-

197 1017 335 1058 aenda
367 1015 575 1066 Nizolius,
601 1016 723 1079 ‹ftujus
754 1016 994 1057 Thesaulus
1027 1018 1182 1073 saepius
1212 1026 1290 1069 est,
1321 1031 1456 1073 nupe1
1476 1018 1606 1058 etiam
1637 1017 1686 1058 111

194 1031 334 1125 {alian
367 1087 511 1114 curam
543 1074 681 1129 operis
714 1074 972 1137 suscipiente
1009 1074 1266 1124 lacciolato,
1297 1089 1483 1115 recusus.
1545 1073 1682 1129 Cujus

193 1132 333 1187 operis
355 1131 407 1171 (le
429 1129 614 1170 utilitate
637 1145 719 1171 non
745 1141 822 1181 est,
846 1140 892 1171 ut
913 1131 983 1171 hic
1004 1131 1138 1171 multa
1159 1132 1364 1172 dicamus.
1416 1131 1576 1172 Verum
1599 1132 1682 1172 hoc

193 1202 301 1244 opus
333 1202 418 1228 non
449 1196 535 1227 tam
568 1187 619 1227 ad
653 1187 978 1243 intelligendum
1010 1188 1278 1238 Ciceronem,
1307 1203 1433 1243 quam
1466 1188 1520 1229 ad
1550 1187 1682 1229 latine

194 1245 406 1286 scribendi
430 1243 677 1285 facultatem
698 1221 991 1300 comparatum
1023 1246 1204 1286 scimus:
1237 1246 1280 1285 in
1302 1260 1386 1300 qua
1407 1259 1450 1285 re
1480 1260 1682 1301 magnam

194 1302 286 1357 ejus
309 1302 538 1342 utilitatem
561 1315 651 1341 6556
674 1316 811 1356 posse,
835 1302 946 1342 idem
979 1301 1246 1344 Facciolatus
1269 1302 1309 1342 in
1335 1301 1588 1357 praefatione
1609 1302 1683 1343 de-

192 1368 417 1400 monstrat.
482 1357 589 1398 Illud
621 1359 765 1408 etiam,
797 1359 898 1399 dum
931 1374 1037 1414 opus
1069 1359 1326 1409 excutimus,
1357 1367 1400 1399 et
1429 1359 1474 1399 in
1504 1358 1587 1400 hoc
1617 1359 1684 1400 in-

193 1417 289 1457 dice
311 1426 457 1456 nostro
479 1416 778 1456 concinnando
800 1430 1111 1472 comparamus,
1134 1416 1313 1456 infinitis
1345 1416 1387 1456 in
1412 1415 1516 1456 locis
1537 1416 1683 1456 obser-

194 1473 402 1522 vavimus,
441 1472 484 1513 in
523 1487 634 1513 nova
665 1473 744 1513 hac
775 1473 963 1513 editione
996 1483 1216 1529 corruptas
1255 1473 1458 1514 lectiones
1491 1481 1683 1514 veterum

194 1530 447 1580 editionum,
486 1530 565 1569 etsi
596 1529 821 1570 doctorum
862 1530 1086 1570 hominum
1127 1545 1257 1586 opera
1294 1530 1454 1571 dudum
1497 1529 1683 1570 sublatas

193 1597 336 1627 tamen
359 1600 449 1626 6556
480 1596 680 1636 servatas,
711 1601 848 1641 neque
878 1588 931 1627 ad
962 1587 1064 1628 illud
1091 1587 1198 1643 opus
1219 1587 1531 1628 emendandum
1562 1586 1684 1628 adhi-

193 1644 287 1684 bita
306 1658 410 1695 esse,
433 1658 529 1698 quae
562 1654 659 1698 post
691 1643 850 1684 Nizolii
875 1653 1068 1700 tempora
1097 1645 1253 1685 rectius
1285 1644 1500 1685 intellecta
1521 1652 1620 1684 sunt
1640 1652 1691 1685 et*

193 1700 423 1757 explicata.
484 1700 637 1740 Μ111115
676 1701 830 1751 1611115,
863 1702 1094 1756 multisque
1131 1701 1324 1742 fonnulis
1361 1702 1510 1742 aliena:
1545 1702 1599 1741 ab
1631 1700 1684 1742 iis

194 1758 314 1809 locis,
353 1772 448 1812 quae
487 1757 727 1807 laudantur,
767 1768 999 1813 potestates
1039 1759 1297 1809 tribuuntur,
1329 1759 1485 1799 diversi
1518 1757 1684 1814 signifi·

193 1825 315 1856 catus
336 1813 672 1865 confunduntur,
694 1815 891 1869 quaedam
912 1815 1057 1866 etiam,
1075 1816 1127 1856 ad
1146 1815 1490 1872 cognoscendam
1512 1829 1683 1856 0111116111

191 1871 451 1912 latinitatem
467 1870 792 1912 Ciceronianam
810 1873 1060 1923 necessaria,
1074 1874 1476 1928 praetermittuntur.
1499 1872 1582 1913 Sed
1596 1871 1684 1912 for-

193 1938 305 1969 tasse
327 1929 457 1969 etiam
488 1929 612 1969 nobis
642 1929 856 1969 interdum
887 1929 1059 1979 accidit,
1080 1945 1165 1970 non
1188 1930 1317 1971 modo
1340 1929 1436 1993 hoc,
1459 1929 1531 1970 sed
1553 1929 1684 1969 etiam

195 1985 314 2050 illud,
347 1995 396 2026 ut
431 1984 604 2036 leviora,
634 1999 772 2040 neque
803 1986 855 2026 de
876 1985 1055 2027 consilio
1078 1995 1225 2027 nostro
1244 1996 1287 2027 et
1318 1987 1516 2027 instituto
1537 1999 1684 2026 neces-

195 2043 317 2093 saria,
340 2042 676 2084 admitteremus.
710 2042 867 2083 Velum
886 2044 980 2098 quis
1002 2052 1079 2094 est,
1101 2044 1203 2098 quin
1226 2043 1297 2085 1116
1319 2042 1530 2084 subinde
1520 2042 1686 2084 mcuria

195 2100 351 2155 aliqua,
373 2114 470 2154 quae
502 2100 625 2140 nobis
657 2114 771 2156 saepe
801 2100 972 2156 obrepit
1001 2114 1080 2141 1166
1111 2101 1402 2156 opinantibus,
1425 2110 1588 2156 peccet,
1610 2108 1689 2140 aut

193 2158 269 2212 qui
290 2157 490 2198 omnibus
511 2156 755 2197 satisfaceie
776 2157 938 2213 possit?
972 2157 1071 2198 Hoc
1094 2173 1268 2213 possum
1291 2173 1388 2199 vere
1407 2158 1562 2208 dicere,
1584 2170 1684 2197 cum

196 2214 452 2255 Ciceronem
475 2228 588 2270 saepe
610 2213 899 2277 perlegissem,
923 2224 1065 2255 tamen
1086 2215 1214 2270 hujus
1238 2214 1359 2256 latini
1382 2214 1534 2255 indicis
1555 2228 1685 2254 causa

193 2280 336 2312 totum
366 2270 593 2326 diligenter
622 2271 795 2311 iterum
807 2271 1057 2335 excussisse,
1080 2286 1310 2327 curamque
1340 2270 1600 2322 adhibuisse,
1631 2284 1684 2311 ne

195 2328 299 2383 quid
320 2327 571 2378 elaberetut,
593 2327 707 2382 quod
729 2327 903 2369 locum
894 2343 936 2369 1n
960 2328 1100 2369 indice
1122 2339 1269 2369 nost10
1290 2327 1504 2392 postulare
1525 2335 1684 2383 posset.

195 2385 278 2426 Sed
312 2385 445 2425 nihilo
465 2385 605 2425 minus
636 2384 760 2425 facile
782 2385 921 2436 video,
944 2385 1133 2441 potuisse
1163 2386 1370 2436 accidere,
1391 2393 1441 2425 ut
1469 2384 1686 2425 interdum

195 2442 355 2497 aliquid
385 2441 491 2482 mihi
524 2441 774 2482 facillimum
797 2442 1023 2493 videretur,
1045 2443 1161 2498 quod
1183 2452 1293 2483 esset
1322 2442 1414 2483 aliis
1437 2443 1683 2492 obscurum,

193 2499 409 2539 interdum
450 2509 592 2539 autem
631 2507 781 2539 contra
813 2474 1038 2554 ejusmodi,
1072 2508 1119 2540 ut
1157 2501 1315 2540 tirones
1352 2499 1396 2540 in
1434 2513 1485 2540 eo
1521 2498 1685 2539 haerere

193 2570 318 2611 posse
351 2565 557 2611 putarem,
590 2555 632 2595 in
664 2571 750 2610 quo
781 2571 907 2597 nemo
933 2556 1107 2597 haereat.
1167 2556 1303 2612 quue
1333 2557 1454 2607 adeo,
1476 2555 1579 2596 dum
1607 2569 1684 2596 ex-

193 2621 340 2667 cerpta
362 2612 455 2653 loca
476 2613 639 2668 digerO,
661 2612 823 2654 factum
845 2628 935 2654 esse
967 2614 1009 2654 in
1040 2615 1238 2655 notandis
1269 2614 1373 2654 10615
1405 2589 1506 2653 vi⁷di.
1567 2611 1684 2652 Mihi

192 2669 254 2709 ita
275 2670 557 2709 constitutum
580 2679 683 2719 erat,
708 2681 755 2711 ut
784 2670 951 2711 mallem
974 2671 1172 2725 quaedam
1203 2686 1289 2712 non
1319 2671 1425 2712 adeo
1447 2669 1685 2710 necessaria

192 2726 390 2781 irrepere,
421 2741 549 2781 quam
582 2728 818 2768 necessaria
851 2727 1037 2768 excludi.
1099 2727 1209 2769 Illud
1244 2728 1388 2778 etiam,
1419 2726 1520 2767 dum
1554 2726 1684 2766 inter-

192 2794 336 2838 pretor
370 2792 529 2824 chtetes
566 2794 759 2825 auctores
794 2785 1054 2834 hominibus,
1097 2800 1183 2826 non
1225 2799 1324 2826 sane
1363 2784 1469 2825 adeo
1506 2783 1683 2823 rudibus

191 2840 429 2891 latinitatis,
460 2841 694 2896 saepissime
733 2842 838 2882 mihi
878 2857 954 2882 usu
990 2842 1120 2893 venit,
1153 2850 1198 2882 ut
1230 2857 1327 2897 quae
1365 2841 1523 2889 facilia,
1556 2848 1599 2879 et
1631 2839 1687 2879 iis·

191 2896 353 2938 dudum
374 2898 550 2954 cognita
579 2906 790 2954 putaram,
814 2899 857 2940 in
879 2899 930 2940 iis
961 2899 1167 2951 haereant,
1188 2914 1327 2955 neque
1357 2898 1458 2940 satis
1480 2896 1688 2938 distincte
