1790 3219
201 62 283 99 510

200 154 286 184 tonii
300 164 416 186 manus
433 156 567 188 incidat.
584 168 656 197 quae
671 160 714 190 sit
729 164 841 192 autem
858 162 923 193 ele-

202 196 316 233 gantia
332 198 366 227 in
380 209 431 236 eo,
446 199 531 239 quod
546 201 707 240 Arpinum
724 213 798 235 cum
816 204 924 236 insula

200 237 313 277 Psyria
323 246 540 280 comparetur,
550 242 644 274 docet
656 244 770 276 Bosius
783 245 823 275 ad
836 246 924 276 hunc

201 279 324 311 locum.
369 282 499 322 Psyrioe
517 294 637 315 nomen
651 287 750 318 etiam
768 288 922 319 Ciceroni

200 320 248 369 ad·
260 322 301 361 Ω.
319 323 369 353 Fr.
385 325 417 355 ii.
439 329 486 356 10.
502 327 650 359 restituit
661 329 856 359 Tunstallus
880 331 920 360 ad

200 363 332 395 Midlet.
357 376 387 406 p.
419 370 487 398 110.
523 369 766 409 Philosophiam
789 381 852 401 non
880 373 920 402 ab

200 405 370 444 Hymetto,
383 410 440 439 sed
449 411 490 440 ab
504 420 579 441 arce
589 412 698 455 Ψυρίᾳ,
710 414 730 444 i.
747 424 775 444 e.
785 413 921 453 Arpinu.

244 452 445 492 vagas-offam,
460 453 560 483 obiter
574 455 665 485 seire.
681 455 721 485 ad
736 457 806 485 Att.
823 456 865 484 vi.
886 459 913 486 1.

243 494 423 535 παροινικῦς,
436 495 618 532 insolenter,
634 498 868 527 contumeliose.
883 497 924 528 ad

199 532 272 564 Λα.
290 546 320 565 x.
350 539 399 567 10.
444 537 608 568 Victorius
632 539 775 569 malebat
798 552 922 581 rugam-

201 576 270 609 κῧς.
316 578 377 608 Sed
403 578 484 609 illud
513 579 625 610 eodem
653 580 749 617 redit,
779 586 812 611 et
841 583 922 613 bene

199 621 356 650 convenit
377 621 410 650 in
427 621 623 658 Antonium,
639 623 692 652 eui
706 623 922 654 vinolentiam

201 660 236 690 in
252 661 440 702 Philippicis
455 663 642 702 exprobrat.

244 705 455 747 παρονομασία,
478 706 567 734 verbi
586 714 698 744 parva
723 708 923 748 immutatur,

201 748 237 777 in
254 747 350 776 litera
360 748 477 785 posita.
493 746 532 776 de
547 746 605 777 Or.
619 747 652 778 ii.
668 749 720 779 63.

244 788 396 830 aeoefip‘ncloe,
416 789 564 829 loquendi
587 790 728 822 libertas.
748 793 788 825 ad
807 795 878 826 Ast,
898 795 919 826 i,

245 873 365 916 αιέςωμι
397 872 546 909 armum-lov,
577 874 798 914 intempestive
829 883 924 911 navi-

198 917 361 954 gandum.
379 917 419 947 ad
429 919 501 948 Att.
516 926 547 948 x.
568 918 617 948 12.
635 927 664 947 v.
679 918 845 952 Tunstall.
860 923 921 963 Ep.

202 958 287 992 Crit.
302 969 336 998 p.
357 961 426 989 155.
906 966 910 969 ’

245 1002 360 1042 πάσχω
386 1014 427 1040 τι,
443 1001 557 1042 patior
584 1001 721 1042 aliquid,
744 1013 862 1043 angor,
883 1007 924 1038 ad

200 1043 271 1076 Att.
285 1054 336 1074 xv.
353 1046 406 1076 20.

244 1085 375 1128 πατρίδα
406 1087 474 1125 {ptiar
499 1087 620 1126 μᾶλλον
646 1087 747 1126 φιλόν,
769 1091 923 1128 patriam

200 1139 310 1160 meam
326 1131 434 1167 magis
446 1138 574 1159 amans·
590 1128 630 1159 ad
644 1129 721 1161 Div.
737 1130 790 1161 xii.
810 1134 857 1162 14.

244 1171 449 1211 πειθανάγκη,
463 1171 570 1202 suasio
581 1171 733 1210 violenta,
750 1173 871 1204 dicitur
884 1175 923 1205 de

200 1223 313 1244 eorum
319 1215 459 1245 consiliis
467 1213 686 1253 precibusque,
696 1215 810 1254 quibus
819 1225 924 1247 neces-

199 1257 288 1287 sario
292 1266 462 1295 paremus.
480 1256 520 1287 ad
532 1256 600 1285 Att.
616 1256 659 1286 ix.
680 1259 726 1286 13.
742 1266 760 1286 e
774 1257 922 1290 Platone.

244 1298 351 1334 πειθὼ,
367 1298 483 1329 Suada
497 1297 584 1329 Dea.
601 1297 695 1328 Brut.
716 1301 763 1329 15.

243 1342 432 1384 ’.τοξάζεσθαι
442 1339 617 1382 παραλύσει,
629 1341 752 1370 tentam·
757 1342 922 1380 paralysi,

199 1383 352 1424 infestari
360 1384 564 1419 sffleratione,
577 1391 633 1412 seu
644 1384 834 1414 resolutione
848 1394 923 1414 ner-

202 1437 327 1458 vorum.
341 1426 382 1456 ad
395 1427 466 1456 Att.
482 1426 547 1455 xvi.
563 1428 594 1458 7.

245 1468 377 1512 Πειρήνη,
393 1468 528 1503 Pirene,
546 1469 612 1497 sive
621 1465 704 1505 fons
723 1467 922 1506 uberrimus,

200 1514 308 1553 qualis
304 1510 380 1551 fuit
386 1509 520 1547 Pirene,
526 1519 626 1549 prope
637 1508 791 1539 Corinthu
795 1519 837 1545 m.
845 1510 889 1540 M
887 1520 923 1540 a·

202 1557 246 1586 sis
259 1564 360 1585 sacer.
373 1552 414 1582 ad
430 1555 500 1584 Att.
517 1552 571 1582 xii.
588 1555 618 1582 5.

245 1597 437 1631 Πελληναῑω,
454 1594 622 1630 Pellenoez‘,
638 1592 825 1624 Dieaearehi
844 1594 925 1624 liber

200 1641 240 1671 de
256 1640 386 1680 populis
400 1637 584 1673 PeZIenoeis,
598 1636 654 1676 qui
673 1645 787 1665 nomen
806 1637 924 1667 habent

202 1684 244 1714 ab
259 1682 397 1720 antiqua
412 1680 544 1710 Achaiae
564 1679 696 1708 civitate
711 1677 859 1716 Pellene,
882 1678 923 1709 ad

202 1727 277 1760 Att.
291 1724 322 1755 il.
339 1725 370 1754 2.

245 1765 443 1801 πιντὲλειπος,
459 1764 514 1804 qui
530 1763 568 1793 de
588 1762 695 1801 quinis
711 1766 867 1802 superest,
882 1762 923 1792 ad

201 1812 274 1844 Att.
289 1810 354 1840 xiv.
371 1810 423 1839 2⁷1.
437 1816 491 1836 xv.
507 1807 538 1837 2.
583 1804 635 1834 lta
644 1813 758 1834 vocare
773 1804 922 1836 Hirtium

202 1853 344 1888 videtur,
362 1850 417 1889 qui
440 1847 479 1879 de
500 1847 642 1886 quinque
659 1846 850 1876 Caesarianis
873 1856 922 1876 re-

201 1895 312 1928 stabat
337 1900 437 1927 unus,
460 1899 558 1930 quem
587 1889 628 1919 ad
655 1888 831 1928 optimates
854 1893 923 1919 tra-

199 1939 319 1971 ducere
334 1938 461 1975 posset:
485 1940 681 1971 quamquam
696 1929 751 1960 alii
764 1930 870 1961 aliter.

247 1977 447 2017 πεπινωμίναι,
460 1975 561 2005 nitide
568 1978 599 2004 et
609 1974 776 2011 eleganter
784 1974 922 2013 seriptoe.

203 2022 245 2054 ad
259 2023 328 2053 Att.
344 2022 408 2051 xiv.
425 2022 454 2053 7.

246 2063 457 2103 πεπινωμένως,
472 2061 560 2090 docte
575 2062 605 2089 εἰ
615 2057 783 2098 perpolite·
799 2055 840 2086 ad
851 2056 923 2087 Att.

203 2117 257 2141 xv,
276 2108 322 2138 16.
339 2106 400 2137 vid.
417 2102 534 2136 εὺπινξς.

245 2147 474 2191 πιπλογςαφία,
484 2145 573 2185 pepli
594 2141 775 2181 descriptio,
795 2139 835 2170 ad
849 2140 922 2171 Att.

201 2196 267 2226 xvi.
295 2196 343 2223 11.
385 2185 608 2230 Πεπλογςωφία
621 2182 789 2219 Varronis,
812 2186 862 2212 est
884 2183 924 2212 li-

201 2237 261 2267 ber
275 2236 356 2273 eius,
373 2244 437 2274 quo
449 2233 594 2261 virorum
614 2226 793 2256 illustrium
811 2224 922 2254 laudes

203 2269 428 2318 descripserat.
471 2272 684 2303 Occasionem
710 2267 811 2297 titulo
834 2266 924 2297 dedit

204 2329 276 2351 mos
301 2325 398 2350 notus
415 2313 680 2348 Atheniensium,
700 2308 835 2349 peplum
859 2309 924 2358 Mi-

204 2372 313 2394 nervae
335 2356 557 2393 consecrandi,
577 2355 612 2384 in
634 2362 710 2400 quoy
735 2355 854 2400 praefer
876 2362 923 2391 lp·

203 2406 270 2436 sius
294 2414 343 2434 res
367 2402 497 2433 fortiter
518 2402 637 2437 gestas,
660 2400 759 2424 etiam
779 2403 923 2423 virorum

205 2448 342 2479 fortium
371 2454 431 2475 acu
459 2443 557 2482 pietae
585 2443 705 2473 essent,
737 2436 924 2466 auctoribus

204 2488 435 2528 Aristophane,
450 2483 560 2520 Suida,
573 2486 606 2511 et
621 2479 702 2510 aliis.
737 2478 860 2526 Praeter
876 2478 926 2525 in-

204 2536 378 2571 terpretes‚
401 2527 472 2557 vide
499 2522 648 2565 inprimis
677 2522 859 2568 Meursium
890 2530 925 2550 in

204 2570 456 2604 Panathenaicis
472 2579 501 2599 c.
517 2570 564 2601 17.
578 2574 654 2595 nam
672 2564 707 2593 in
723 2562 774 2592 his
790 2562 924 2603 peplum

203 2615 288 2646 illud
318 2612 523 2643 deferebatur
556 2610 591 2638 in
620 2606 780 2653 Minervae
806 2604 921 2652 aedem.

203 2658 329 2688 Utrum
339 2664 412 2684 vero
427 2654 509 2683 liber
517 2650 674 2682 Varronis
685 2647 747 2678 hoc
759 2656 828 2687 ipso
840 2650 924 2676 titu-

203 2700 238 2731 lo
251 2698 411 2732 extiterit,
426 2695 568 2732 adeoque
581 2693 724 2722 diversus
739 2689 782 2719 sit
799 2699 819 2737 a
839 2687 923 2718 libro

206 2739 455 2774 hebdomadam,
487 2737 540 2775 qui
576 2734 749 2765 doctorum
778 2740 923 2761 virorum

171 2805 174 2808 ψ
204 2783 365 2822 imagines
378 2779 581 2813 continebat,
600 2778 643 2813 (v.
658 2775 752 2804 Voss,
772 2773 811 2803 de
836 2772 924 2802 Hist.

204 2826 279 2859 Lat.
296 2826 316 2856 i.
336 2822 400 2864 19.)
421 2831 480 2854 nee
494 2830 548 2859 ne,
562 2819 595 2851 id
607 2817 693 2859 quod
709 2817 840 2857 Popmae
856 2813 926 2856 pla·

650 74 811 104 anEx
846 75 1277 108 GRAEco-LATlNus.

963 163 1066 198 cebat,
1074 163 1163 194 haud
1173 164 1379 204 improbabili
1389 164 1591 205 conjectura,
1598 172 1688 196 nune

965 214 1032 234 non
1064 205 1199 236 definire
1230 206 1318 238 licet.
1364 206 1558 237 Aristoteles
1585 207 1687 238 etiam

967 246 1110 287 Peplum
1135 247 1300 287 inscripsit
1321 248 1484 285 libellum,
1505 248 1561 287 qui
1583 249 1689 289 epita·

967 288 1045 327 phia
1054 290 1190 320 heroum
1203 290 1406 327 continebat,
1420 292 1513 329 quus
1525 289 1691 330 fragmen-

965 335 1037 360 tum
1061 341 1081 361 a
1104 332 1246 362 Cantero
1269 331 1368 363 Basil.
1397 333 1486 363 1564.
1509 332 1544 362 in
1567 334 1599 363 4.
1621 331 1689 372 pri-

967 381 1057 402 mum
1081 372 1206 403 editum
1230 373 1396 404 habemus.
1441 373 1480 404 ln
1507 374 1569 404 hoc
1592 373 1689 414 peplo

965 413 1066 444 etiam
1089 415 1294 454 genealogias
1325 416 1577 447 Homericorum
1600 416 1691 456 prin·

967 455 1077 494 cipum
1102 456 1198 487 fuisse
1221 457 1316 488 docet
1333 458 1494 488 Canterus
1515 457 1550 488 in
1573 457 1690 497 praefa-

966 497 1068 527 tione.
1097 498 1182 527 conf.
1223 499 1359 530 Fabricii
1390 499 1549 531 Biblioth.
1582 500 1689 530 Groec.

966 538 988 568 l.
1005 538 1050 568 iii.
1065 549 1094 570 c.
1113 539 1144 570 6.
1170 540 1233 570 vol.
1247 541 1280 570 ii.
1294 551 1326 581 p.
1344 543 1414 574 160.
1429 551 1520 581 seqq.

1007 582 1070 623 mg)
1081 580 1216 619 Sumo-103,
1227 583 1265 612 de
1276 583 1328 620 iis,
1341 583 1496 624 quaefieri
1504 586 1651 623 possunt,
1663 591 1690 614 ε.

966 623 1004 652 de
1012 624 1224 662 possibilibus.
1239 624 1279 654 ad
1295 625 1369 656 Div.
1383 627 1425 656 ix.
1441 628 1473 657 4.
1489 625 1558 657 Fat.
1571 628 1603 659 9.

1007 666 1070 708 ‘uqi
1092 665 1285 696 κοιλιολνσίαν
1306 666 1453 706 γίνεσθαι,
1474 668 1509 698 in
1531 669 1605 698 alvo
1626 668 1688 697 sol-

965 709 1071 738 venda
1085 714 1277 748 occupatum
1290 718 1367 747 esse,
1382 710 1421 741 ad
1437 710 1511 740 Att.
1527 720 1559 740 x.
1577 711 1625 739 13.

1007 749 1070 792 0113}
1093 752 1187 794 μικρὰ
1212 749 1377 791 στυδάζω,
1401 753 1437 782 in
1453 752 1571 791 parvis
1594 750 1689 781 rebus

969 795 1111 823 multum
1126 795 1286 824 laborare.
1303 795 1344 825 ad
1359 796 1430 825 Att.
1446 793 1513 824 xiii.
1528 794 1580 824 21.

1007 834 1123 877 περίοδοι
1144 836 1161 869 ἢ
1177 837 1312 875 καμπαὶ,
1325 836 1533 876 ίνθνμῆματα,
1547 834 1563 869 ‚⁵3
1586 847 1688 865 κατα-

963 880 1076 915 σκευαὶ,
1107 879 1250 909 ambitus
1278 880 1460 915 verborum,
1490 881 1550 908 aut
1572 877 1688 918 flexus

965 921 1206 958 clausularum,
1221 925 1282 951 aut
1295 924 1498 960 argumenta
1506 922 1688 956 rhetorum,

966 967 1026 992 aut
1043 962 1310 1003 confirmationes.
1325 962 1366 994 ad
1376 964 1446 994 Att.
1463 962 1486 994 i.
1506 965 1553 994 14.
1569 959 1689 1004 melotae

965 1014 1038 1042 quae
1066 1006 1146 1041 sint,
1168 1005 1275 1035 dicere
1297 1005 1383 1036 nihil
1406 1006 1539 1036 attinet.
1564 1005 1690 1044 καμπαὶ

964 1052 1055 1083 sunt,
1079 1051 1166 1076 reete
1187 1047 1372 1087 explicante
1392 1048 1426 1078 J.
1449 1047 1483 1078 1⁷.
1507 1046 1689 1084 Gronovio,

964 1088 1133 1125 clausulae,
1148 1089 1249 1119 flexus
1263 1089 1379 1119 molles
1393 1089 1551 1120 orationis
1566 1089 1607 1119 ab
1621 1099 1689 1120 una

965 1135 1058 1169 parte
1074 1131 1109 1161 in
1123 1129 1235 1168 aliam,
1248 1131 1365 1170 quibus
1376 1130 1513 1162 utilicet
1524 1131 1558 1161 in
1568 1140 1689 1170 genere

965 1171 1145 1213 ὲα-ιῖεικτικῆ
1167 1174 1284 1213 magis,
1304 1174 1339 1203 in
1361 1172 1538 1209 laudando,
1559 1172 1617 1203 ubi
1638 1173 1689 1204 in-

966 1216 1100 1255 genium
1130 1220 1164 1246 et
1193 1215 1414 1254 eloquentiam
1440 1215 1569 1255 jactare
1595 1214 1687 1252 licet.

967 1268 1063 1296 quam
1085 1258 1118 1287 in
1138 1257 1319 1288 forensibus
1341 1256 1557 1293 orationibus,
1571 1262 1630 1287 aut
1651 1257 1688 1289 in

965 1301 1136 1331 sententiis
1152 1299 1190 1329 de
1207 1309 1240 1330 re
1254 1301 1344 1339 gravi
1359 1298 1515 1336 dicendis,
1530 1309 1550 1329 a
1568 1299 1688 1338 quibus

966 1343 1085 1382 quippe
1107 1343 1172 1372 ista
1192 1342 1336 1372 flexuum
1359 1341 1526 1378 mollities,
1540 1341 1690 1380 quamvis

966 1384 1105 1421 modica,
1129 1389 1241 1414 tamen
1269 1385 1378 1415 abesse
1403 1383 1513 1420 debet,
1539 1382 1688 1415 adhibita

962 1427 1072 1465 potius
1103 1426 1160 1456 illa
1181 1425 1340 1465 judiciali
1370 1427 1559 1466 asperitate.
1583 1435 1684 1464 quam

964 1469 1078 1499 Cicero
1094 1473 1188 1499 vocat
1205 1469 1244 1498 de
1258 1468 1351 1499 Orat.
1369 1469 1402 1499 ii.
1422 1471 1470 1498 15.
1485 1467 1685 1507 &isquinam

965 1519 1032 1541 non
1053 1517 1143 1549 sunt,
1159 1520 1230 1550 quae
1253 1511 1487 1541 recentioribus
1508 1509 1688 1541 dialectici·

965 1552 1131 1589 dicuntur,
1161 1557 1254 1593 parte
1286 1552 1427 1591 quadam
1457 1561 1516 1582 sua
1537 1554 1687 1584 truncati

964 1594 1157 1635 syllogismi,
1173 1594 1228 1625 sed
1243 1595 1386 1634 antiquis
1400 1594 1584 1624 rhetoribus
1600 1593 1686 1625 cele·

966 1637 1069 1667 bratae
1084 1637 1150 1668 illae
1165 1638 1352 1674 sententiae,
1373 1648 1391 1667 e
1413 1636 1586 1666 contrariis
1607 1645 1689 1667 con-

965 1678 1077 1716 clusae,
1093 1690 1165 1719 quoe
1181 1684 1314 1720 propter
1334 1679 1530 1709 brevitatem
1551 1683 1586 1708 et
1606 1688 1686 1708 con-

962 1722 1065 1752 traria
1079 1731 1217 1752 acumen
1231 1720 1362 1760 aliquod
1375 1721 1508 1756 habent,
1519 1719 1624 1759 qualis
1636 1725 1688 1752 ese

965 1763 1023 1794 illa
1051 1763 1182 1795 Horatii
1196 1776 1202 1794 :
1245 1762 1312 1793 Cur
1339 1767 1431 1803 optas
1458 1763 1542 1802 quod
1566 1762 1687 1793 habes!

965 1806 1069 1836 Serm.
1087 1806 1107 1836 i.
1124 1809 1157 1838 3.
1182 1806 1253 1836 1⁶26.
1277 1805 1342 1835 alia
1363 1804 1514 1844 exempla
1533 1803 1686 1844 suppedi-

962 1848 1049 1878 tabit
1065 1849 1178 1880 Cicero
1192 1848 1224 1878 in
1235 1847 1368 1887 Topicis
1381 1858 1412 1877 c.
1428 1850 1475 1877 13.
1486 1846 1558 1877 vide
1568 1846 1608 1877 de
1622 1845 1688 1877 hoo

963 1900 1080 1930 genere
1096 1890 1335 1920 sententiarum
1349 1890 1382 1919 in
1397 1889 1509 1930 primis
1521 1888 1688 1919 Facciola-

963 1938 1036 1962 tum
1052 1933 1086 1962 in
1101 1933 1232 1963 Acroasi
1250 1933 1270 1962 i.
1287 1932 1326 1962 de
1347 1931 1613 1971 Enthymemate.
1627 1942 1686 1962 22-

964 1975 1092 2008 wnwh
1113 1979 1224 2005 autem
1241 1975 1301 2005 etsi
1319 1983 1386 2004 non
1407 1973 1545 2004 eandem
1558 1982 1688 2013 semper

961 2019 1047 2058 apud
1062 2018 1207 2048 rhetores
1216 2018 1281 2047 vim
1295 2016 1528 2053 habet,tamen
1542 2024 1609 2045 non
1624 2015 1686 2046 du-

962 2060 1052 2090 bium
1075 2059 1157 2090 mihi
1179 2063 1241 2096 est,
1266 2059 1345 2097 quin
1369 2057 1433 2088 hoc
1457 2057 1530 2087 loeo
1556 2055 1686 2088 dicatur

963 2102 1165 2143 confirmatio
1178 2100 1320 2138 alicu-jus
1332 2101 1393 2136 rei,
1411 2099 1640 2139 (Quinctilian.
1651 2100 1685 2130 ii.

963 2145 1011 2183 4.)
1034 2153 1107 2184 quae
1129 2150 1162 2173 ct
1186 2143 1477 2184 amplificationem
1495 2141 1687 2180 complecti-

962 2193 1030 2223 tur,
1047 2196 1121 2216 cum
1139 2185 1257 2215 alimus
1271 2188 1479 2224 argumenta,
1495 2183 1581 2222 quod
1597 2183 1685 2214 Lon-

963 2230 1040 2268 gino
1057 2229 1164 2271 τζὶφω
1179 2228 1311 2262 dicitur,
1327 2236 1402 2257 cum
1420 2225 1596 2256 dilatamus
1614 2235 1685 2257 rem

964 2276 998 2302 et
1021 2280 1177 2307 aue-„emus
1205 2270 1295 2300 omni
1325 2269 1465 2304 ratione,
1487 2271 1526 2297 ut
1553 2268 1686 2299 auditor

963 2315 1028 2344 vim
1045 2306 1090 2344 rei
1106 2317 1163 2343 aut
1177 2312 1360 2351 argumenti
1376 2310 1496 2350 capiat,
1510 2310 1544 2339 in
1560 2320 1624 2349 quo
1633 2310 1686 2341 vel

965 2357 1105 2386 maxime
1143 2364 1272 2384 summa
1303 2353 1490 2392 eloquentia
1522 2353 1681 2384 cernitur.

964 2398 1047 2429 Haee
1059 2397 1230 2429 κατασκευὴ
1245 2397 1306 2427 etsi
1318 2394 1503 2425 eommunis
1520 2400 1571 2424 est
1592 2395 1685 2426 omni

963 2442 1121 2473 orationis
1137 2440 1260 2480 generi,
1275 2443 1388 2469 tamen
1409 2437 1444 2467 in
1466 2436 1580 2476 primis
1595 2437 1629 2467 in
1645 2446 1684 2467 eo

962 2493 1080 2523 genere
1103 2489 1231 2522 regnat,
1248 2480 1335 2520 quod
1355 2477 1540 2511 exutum-123»
1551 2478 1685 2516 dicitur,

965 2536 1041 2556 cum
1061 2525 1232 2565 ingenium
1246 2522 1532 2562 eloquentiamque
1546 2521 1686 2560 probare

964 2568 1126 2599 volumus.
1172 2566 1221 2595 Ex
1239 2575 1277 2595 ea
1292 2565 1424 2594 ubertas
1435 2563 1572 2602 ingenii,
1588 2573 1628 2594 ex
1647 2573 1692 2594 ear

963 2611 1069 2650 copia,
1092 2610 1202 2648 visque
1229 2607 1367 2638 dicentis
1391 2605 1573 2646 judicatur.
1617 2605 1688 2636 Ita-

965 2662 1028 2691 que
1046 2653 1081 2682 in
1098 2651 1161 2683 hoc
1176 2659 1295 2690 genere
1309 2648 1467 2679 orationis
1488 2647 1590 2678 etiam
1613 2657 1685 2678 mo·

964 2694 1042 2725 dum
1057 2694 1154 2734 hujus
1169 2691 1355 2724 κατασκευῆς
1367 2692 1419 2721 vix
1431 2693 1548 2720 tenent
1563 2689 1688 2722 summi

963 2742 1121 2769 oratores.
1137 2735 1211 2767 Huc
1223 2734 1305 2764 refer
1312 2734 1407 2764 illam
1415 2731 1685 2767 redundantiam,

966 2788 1064 2819 quam
1093 2779 1128 2809 in
1158 2776 1324 2808 Ciceronis
1355 2775 1505 2805 oratione
1535 2772 1685 2803 animad-

966 2821 1114 2854 vertebat
1135 2818 1329 2861 Apollonius
1356 2815 1463 2855 Μο1ο,
1490 2819 1526 2847 et
1551 2824 1624 2857 quae
1653 2814 1690 2853 in
