1804 3178
615 89 760 121 mnnx
774 87 1081 122 'LA‘mm‘rAws.

90 180 325 220 magalim,
334 188 434 211 omen
443 179 654 211 comitiorum
663 179 787 209 dicitur
797 176 822 217 3)

96 228 273 262 propterea
297 223 431 261 accidit,
455 227 493 253 ut
513 225 736 263 prerogativa
759 232 820 262 pro

97 264 185 295 bunc.
199 267 324 304 omine,
339 275 375 297 et
388 266 632 305 significatione
649 264 760 304 aliqua
774 265 824 295 di-

98 315 239 339 ceretur.
262 310 305 340 ad
326 309 403 340 Div.
429 319 480 339 xv.
498 312 528 339 5.
551 307 749 348 supplicatio
773 312 825 339 est

92 355 315 391 prerogativa
342 351 516 391 triumphi.
550 351 623 382 Act.
650 353 671 381 i.
695 352 824 384 Verrin.

97 399 130 429 9.
153 394 247 426 dedit
265 396 522 436 prerogativam
547 404 614 425 suae
641 394 821 425 voluntatis

97 438 274 475 eiusmodi,
290 444 329 468 ut
343 448 417 468 eam
434 448 493 478 pro
508 439 735 478 pra-rogatim's
752 439 822 468 red-

98 481 219 518 didisse
234 481 397 512 videatur.
416 482 471 511 ubi
494 491 523 512 v.
550 481 667 511 Ascon.
685 482 749 512 Sed
775 482 824 511 in-

94 524 213 565 primis
236 524 277 555 de
301 523 363 554 hac
384 533 418 555 re
441 525 533 554 omni
562 525 718 563 legendus
745 526 826 554 Gro-

108 577 184 598 nov.
205 567 285 598 Obs.
302 569 344 598 iv.
365 571 392 598 1.
415 567 433 586 θ
447 568 534 598 Mur.
566 571 614 599 18.
631 570 827 608 patr-agati-

96 620 176 641 vum
186 620 297 641 omen.
315 621 344 641 v.
364 615 430 642 not.

142 652 367 693 Prerogaeus.
393 654 502 685 Plano.
527 657 580 686 90.
606 656 701 691 cujus
718 656 749 685 in
769 656 826 685 lio—

103 705 183 727 nore
200 707 267 727 non
284 699 382 728 unius
394 698 500 728 tribus
518 709 604 738 pars,
620 700 676 729 sed
692 699 827 728 comitia

97 745 175 771 tota
190 741 333 771 comitiis
350 742 472 771 fuerint
479 747 680 781 proerogam.
698 752 725 771 ν.
741 747 811 772 not.

140 783 348 823 Praesagitio,
364 785 502 816 facultas
506 785 726 825 praesagieudi
731 808 738 815 .
751 785 826 815 Div.

96 827 120 858 i.
136 830 189 858 31.

142 869 329 902 Praescribo.
355 872 412 902 Or.
439 872 484 901 iii.
508 873 540 901 ⁴2.
570 872 823 902 auctoritatibus

91 916 300 956 prescriptis.
330 924 375 945 sc.
403 914 502 945 scu».
528 915 581 945 Sic
597 915 686 945 enim
713 915 825 954 legen-

100 957 194 989 dum.
212 968 241 989 v.
256 958 468 998 perscribere.
494 958 513 976 ⁴⁵
530 958 640 988 vatin.
660 961 690 989 2.
707 959 825 998 quibos

91 1001 165 1042 jam
179 1002 373 1041 pra-scribis,
392 1002 413 1031 i.
430 1012 458 1030 e.
477 1001 638 1042 praedicis.
654 1012 683 1032 v.
701 1008 771 1032 uot.

141 1043 362 1085 Proescriptio.
393 1045 493 1076 Acad.
510 1046 551 1075 iv.
575 1046 629 1076 46.
654 1045 738 1076 hanc
754 1054 824 1075 esse

101 1089 378 1130 praesm‘ptionem
411 1094 554 1125 nature,
591 1090 612 1118 i.
639 1099 668 1119 e.
705 1088 827 1127 legem,

102 1139 321 1172 praeceptum.
358 1133 377 1150 ἦ
392 1131 470 1171 Agr.
503 1133 536 1162 ii.
563 1136 594 1166 9.
624 1133 824 1172 praescripeio

99 1174 197 1215 legis,
213 1181 292 1206 sunt
309 1176 446 1205 nomina
464 1180 652 1213 auctorum,
668 1175 825 1213 latorum,

99 1229 175 1258 quae
201 1218 264 1259 leg-i
276 1219 547 1259 proesmihuntur.
585 1219 626 1248 ad
649 1219 725 1250 Div.
742 1229 770 1248 v.
795 1221 826 1249 2.

101 1262 229 1293 SCtum
245 1272 285 1292 ea
301 1264 542 1302 prascriptione
572 1268 622 1292 est
652 1262 711 1292 &c.
739 1262 827 1302 quod

103 1305 303 1346 capiendum
330 1305 380 1335 vel
405 1305 445 1336 de
473 1305 662 1336 nominibus
696 1315 826 1343 corum,

97 1350 155 1389 qui
185 1349 357 1380 scribendo
386 1349 573 1386 affuissent,
614 1358 821 1388 quorumque

103 1393 242 1424 nomina
264 1393 441 1432 praeposita
481 1396 603 1422 essent.
635 1402 664 1422 v.
693 1393 826 1423 Manut.

102 1436 145 1467 ad
161 1435 194 1466 h.
210 1435 231 1466 l.
257 1435 308 1465 vel
332 1437 440 1476 potius
455 1436 495 1465 de
511 1436 616 1466 verbis
633 1436 684 1473 iis,
708 1436 826 1475 quibus

101 1479 264 1510 retulerat
280 1479 395 1510 Cicero
411 1479 452 1509 ad
476 1478 635 1509 Senatum
652 1479 692 1509 de
708 1478 828 1509 Metel-

102 1522 149 1561 lo,
166 1523 201 1553 in
228 1522 346 1562 quibus
372 1522 499 1553 scilicet
516 1527 568 1552 est
583 1532 683 1552 causa
704 1522 827 1553 decreti

103 1567 259 1604 Senatus,
310 1575 450 1605 quaeque
489 1565 671 1596 honorifica
715 1570 823 1596 erant.

102 1608 311 1649 Praescriptio
325 1619 383 1649 pro
400 1618 511 1646 eausa,
528 1614 695 1649 praetextu
712 1613 762 1639 est
775 1619 828 1649 ap.

104 1652 189 1684 Caes.
216 1653 256 1685 B.
287 1653 324 1683 C.
352 1653 398 1682 iii.
423 1655 474 1684 32.
498 1652 567 1682 *in
594 1651 708 1684 Lexic.
736 1652 830 1684 Fabri

105 1695 263 1727 laudatur
277 1706 317 1726 ex
341 1696 436 1726 Orat.
455 1706 502 1736 pr.
519 1696 616 1726 Rosc.
643 1696 680 1727 C.
697 1697 727 1726 2.
745 1706 833 1736 proe-

103 1741 232 1780 scriptio
247 1749 308 1780 pro
325 1740 488 1780 pactione.
513 1739 577 1769 Sed
592 1739 636 1769 ibi
652 1739 747 1769 bonae
763 1740 832 1770 edi-

105 1784 216 1814 tiones
246 1788 336 1813 recte
373 1782 496 1813 habent
524 1783 730 1822 perscriptio.
757 1793 831 1822 quae

105 1826 294 1858 lectiovera
318 1830 379 1857 est.
402 1826 562 1865 jung-itur
593 1826 683 1856 enim
709 1826 831 1856 tabulis

102 1879 130 1901 s.
157 1869 259 1901 libris.
289 1880 322 1900 v.
362 1869 568 1909 perscriptio.
592 1871 686 1910 Saepe
717 1875 832 1900 autern

106 1913 179 1944 haec
194 1913 260 1943 duo
274 1913 376 1943 verba
402 1912 667 1951 confunduntur,
685 1916 722 1943 ut
735 1913 794 1944 Or.
813 1914 834 1944 i.

112 1959 166 1988 58.
189 1957 244 1987 ubi
261 1965 291 1986 v.
307 1957 474 1987 Pearcius.

156 1999 318 2035 Praesens,
333 2004 456 2036 certus,
480 2009 634 2039 magnus.
658 1999 699 2030 ad
716 1999 790 2030 Div.
809 2000 831 2030 i.

106 2048 139 2080 9.
162 2042 291 2074 fructus
301 2044 521 2084 proeseutiores
536 2043 679 2073 tulisses.
702 2043 743 2073 ad
756 2043 832 2074 Div.

105 2097 157 2118 xv.
171 2089 203 2118 4.
221 2090 393 2126 praesenees
409 2085 547 2116 insidiae.
573 2086 592 2105 ⁸*
607 2086 641 2116 in
660 2096 728 2116 rem
743 2096 830 2126 proe-

62 2148 66 2154 ·
108 2135 230 2162 sentem
246 2130 368 2160 venire.
390 2131 447 2160 Or.
464 2129 487 2160 i.
504 2132 556 2160 58.
581 2129 704 2160 Caecin.
722 2134 753 2163 7.
782 2136 834 2160 est

107 2175 253 2216 proprie,
269 2174 304 2204 in
320 2183 398 2204 eum
414 2173 538 2210 locum,
556 2173 594 2202 ‹le
617 2182 681 2211 quo
702 2177 833 2203 contro-

106 2218 214 2248 versia
238 2222 309 2248 est:
344 2216 477 2251 deinde,
502 2225 612 2246 coram
642 2216 755 2246 adesse
785 2217 832 2255 ip-

79 2275 81 2278 ⁴
110 2271 196 2293 sum.
214 2260 368 2291 v.'Graev.
385 2259 427 2290 ad
446 2259 541 2290 offic.
565 2260 587 2290 i.
616 2262 664 2290 10.
687 2259 729 2289 cl'.
757 2259 836 2289 Gel-

111 2305 195 2336 lium
211 2314 267 2335 xx.
294 2307 341 2335 10.
364 2303 384 2321 ¹*
399 2302 834 2342 conspicuusnnanifestus.

111 2347 209 2379 Catil.
227 2348 271 2378 iii·
290 2351 321 2382 9.
339 2346 420 2377 illud
437 2355 532 2386 porro
557 2355 668 2376 nonne
683 2346 731 2376 ita
746 2355 833 2385 prce-

106 2402 179 2423 scns
192 2398 255 2429 est,
283 2396 323 2421 ut
337 2395 423 2421 nutu
446 2389 536 2420 &ovis
551 2389 679 2421 factum
702 2398 772 2420 esse
788 2390 837 2420 vi-

112 2435 244 2466 deatur.

155 2477 262 2516 Praes,
278 2478 335 2518 qui
362 2480 421 2508 aut
447 2486 507 2506 suo
532 2480 592 2507 aut
615 2475 750 2506 alterius
775 2485 834 2506 no-

111 2523 203 2552 mine
219 2521 352 2562 praediis
368 2520 490 2561 populo
504 2524 607 2550 cavet.
632 2519 674 2550 ad
697 2520 772 2550 Div.
800 2520 835 2549 ii.

119 2569 169 2600 17.
186 2565 316 2605 praedes
331 2565 481 2605 pecuniae
506 2563 659 2603 publieae.
684 2563 728 2592 cf.
756 2562 833 2592 ibid.

109 2619 140 2640 v.
153 2610 206 2640 20.
222 2608 335 2640 Rabir.
351 2608 439 2638 Post.
455 2611 485 2638 4.
503 2606 585 2636 Phil.
602 2607 635 2636 ii.
653 2608 705 2638 29.
723 2605 741 2623 ’θ
753 2605 834 2635 dicti

112 2656 228 2682 tamen
243 2652 346 2682 etiam
365 2651 398 2682 in
416 2651 528 2681 litibus
546 2649 678 2690 privatis
702 2648 834 2688 fidejus<

110 2704 213 2732 sora,
230 2695 435 2736 qui'praediis
448 2693 617 2723 cavebant.
635 2692 727 2722 Verr.
744 2692 766 2722 i.
781 2695 833 2723 45.

109 2748 170 2779 pro
186 2738 300 2777 proede
329 2737 395 2768 litis
413 2737 629 2767 vindiciarum
653 2744 729 2765 cum
755 2736 834 2764 satis

114 2781 310 2820 accepisset.
336 2781 405 2811 Pro
424 2781 535 2821 praede
560 2784 610 2808 ost
631 2778 752 2818 proede,
784 2778 833 2807 vel

106 2824 284 2866 proedibus.
307 2824 361 2854 Sic
387 2823 480 2855 Verr.
509 2824 542 2853 ii.
559 2826 611 2853 51.
635 2831 694 2861 pro
719 2821 835 2851 suffra-

111 2869 182 2908 gio,
218 2873 270 2898 est
299 2867 468 2906 suffragio,
501 2865 551 2896 vel
589 2865 763 2904 suffragiis.
803 2874 830 2893 v.

1501 83 1584 122 3¹95

868 180 971 211 Gron.
987 181 1065 210 Obs.
1089 182 1130 210 iv.
1149 183 1176 212 1.
1200 180 1292 212 vm.
1321 182 1343 213 i.
1372 185 1424 213 5⁴.
1448 190 1587 212 consue-

866 223 948 252 tudo
963 224 995 252 in
1009 223 1101 253 bonis
1120 226 1282 263 proedibus
1296 225 1490 266 prediisque
1509 235 1588 255 ven-

867 265 982 296 dendis
1002 279 1008 296 ε
1034 267 1088 297 ubi
1110 267 1173 297 vid.
1189 267 1294 299 Gra-v.
1320 268 1588 309 Formula,prae-

865 309 958 339 dibus
986 318 1024 339 ac
1054 310 1186 350 proeda'is
1219 321 1332 341 cavere
1370 312 1504 352 populo,
1535 317 1587 341 est

866 353 968 382 etiam
993 361 1046 393 ap.
1071 353 1143 384 Liv.
1168 354 1245 383 xxii.
1273 356 1325 384 60.
1349 355 1397 386 De
1421 356 1589 395 praedibue

870 405 899 426 v.
918 396 1004 436 inpr.
1019 396 1156 426 Salmas.
1172 396 1259 427 mod.
1277 397 1374 427 Usor.
1390 409 1418 428 c.
1437 399 1485 429 16.

914 437 1105 476 Pmsensto,
1135 441 1224 470 notio
1268 441 1377 470 insita.
1415 440 1585 483 πςὸληψισ.

870 481 949 513 Nat.
965 483 1055 513 D..ii.
1076 486 1123 517 17.
1148 486 1166 504 θ
1185 483 1353 513 divinatio.
1371 484 1445 514 Div.
1468 487 1489 515 i.
1509 489 1536 516 1.

913 524 1104 556 Pru-sentia.
1137 526 1254 557 Forma
1277 527 1312 556 in
1329 529 1513 566 prasentia,
1536 534 1589 560 est

870 578 956 610 strpe
980 569 1067 610 apud
1091 570 1297 606 Ciceronem,
1324 579 1353 600 v.
1375 580 1402 600 c.
1432 570 1529 602 Dom.
1557 576 1591 604 5.

871 612 959 642 Male
976 613 1188 653 reprehendit
1203 613 1390 654 Stephanus
1401 613 1435 643 in
1448 614 1591 646 Pseudo-

872 656 1028 687 Licvrone
1046 667 1077 696 p.
1093 660 1145 691 95.

917 700 1123 737 l'nrseneire,
1140 699 1179 729 de
1198 700 1389 730 notionibus
1405 700 1522 732 insitis.
1545 702 1590 732 N.

871 742 913 773 D.
931 743 963 772 ii.
986 746 1032 776 17.
1049 753 1138 780 eum,
1154 742 1256 773 talem
1281 753 1351 774 esse
1378 743 1503 783 Deum,
1519 754 1592 776 cer-

868 792 902 816 ta
920 787 1055 816 notione
1073 787 1177 816 animi
1192 788 1449 826 prensentiamus.

917 829 1098 860 Pru-sidere
1110 830 1498 869 diemout-magistratus,
1512 841 1591 863 cum

871 873 904 902 in
927 873 1064 903 solemni
1082 878 1116 903 et
1135 873 1266 912 publico
1287 872 1358 903 loco
1377 874 1458 905 sella
1481 876 1592 906 curuli

867 915 994 946 svdent.
1016 916 1126 947 Vatin.
1142 920 1171 950 7.
1190 917 1434 956 presidentibus
1453 918 1487 948 in
1502 923 1591 949 tem·

867 959 920 998 plo
934 960 1073 995 duobus,
1084 969 1149 989 non
1162 959 1349 990 consulibus
1363 961 1420 990 sed
1431 962 1489 991 ἃς.
1503 962 1592 991 Gru-

865 1003 994 1033 teriana
1012 1002 1124 1040 habet,
1141 1002 1343 1040 sedentibus,
1360 1014 1459 1043 quam
1475 1011 1594 1035 secuta

868 1051 919 1076 est
930 1046 1123 1077 Graeviaua:
1148 1046 1204 1076 sed
1224 1046 1296 1076 aliae
1313 1046 1454 1077 habent:
1474 1049 1591 1087 praesi-

867 1090 1023 1126 dentibus,
1037 1089 1124 1128 quod
1140 1094 1190 1119 est
1201 1089 1301 1120 etiam
1319 1090 1352 1120 in
1368 1090 1448 1121 Cod.
1462 1091 1590 1122 Erfurt.

867 1143 966 1171 quam
994 1133 1175 1163 lectionem
1200 1133 1310 1172 probo.
1334 1133 1393 1163 Est
1419 1135 1509 1164 enim
1525 1134 1588 1165 hoc

867 1176 1004 1206 verbum
1013 1175 1148 1206 solenne
1159 1176 1193 1205 in
1203 1175 1264 1205 hac
1277 1186 1324 1214 re,
1338 1186 1402 1215 quo
1413 1186 1498 1217 saepe
1508 1187 1589 1208 usus

868 1225 919 1250 est
931 1220 1119 1250 Suetonius.
1130 1229 1160 1249 v.
1178 1230 1206 1249 c.
1217 1218 1300 1258 Aug.
1314 1221 1365 1250 26.
1378 1222 1430 1251 35.
1443 1221 1593 1260 Dejudi-

868 1263 959 1293 cibus
975 1263 1010 1293 in
1025 1262 1188 1293 subselliis
1204 1263 1270 1293 suis
1287 1263 1488 1300 sedentibus,
1501 1264 1592 1295 idem

870 1307 1006 1336 verboru
1029 1312 1078 1336 est
1104 1305 1175 1335 Mil.
1199 1309 1251 1339 37.
1286 1306 1306 1324 '⁶
1322 1306 1420 1337 tueri.
1445 1306 1528 1338 Phil.
1561 1318 1592 1339 v.

874 1352 923 1381 113.
936 1349 1044 1380 Gallia
1055 1349 1176 1379 dicitur
1191 1349 1330 1388 imperio
1337 1349 1432 1380 Rom.
1439 1351 1593 1391 pra-side-

871 1403 906 1423 re
922 1397 955 1422 et
968 1402 1099 1432 semper
1115 1392 1308 1432 praesedisse.
1325 1402 1353 1422 v.
1369 1392 1489 1424 locum.

914 1435 1087 1467 Prcesidia.
1105 1435 1224 1471 milites
1251 1435 1362 1474 aliquo
1378 1435 1450 1466 loco
1476 1437 1594 1469 defen-

872 1479 970 1511 dendi
988 1489 1087 1510 causa
1103 1479 1214 1519 positi,
1240 1483 1278 1508 ut
1294 1479 1329 1508 in
1355 1480 1483 1516 castris,
1499 1480 1594 1520 oppi-

873 1523 936 1561 dis,
954 1523 1120 1563 pontibus,
1139 1523 1253 1562 portis,
1273 1521 1434 1553 saltubus.
1458 1523 1596 1554 Formu-

874 1566 918 1604 la,
936 1567 969 1597 in
980 1566 1140 1606 praesidiis
1155 1565 1294 1603 alicujus
1311 1574 1393 1603 esse,
1418 1569 1456 1596 ut
1480 1567 1594 1606 Ligar.

873 1615 903 1645 9.
935 1614 984 1640 10.
1009 1609 1049 1639 ad
1063 1610 1137 1639 Div.
1155 1609 1222 1639 xiii.
1249 1611 1297 1642 19.
1321 1613 1385 1645 est,
1410 1618 1479 1640 esse
1505 1609 1595 1650 apud

875 1653 1058 1683 exercitum
1087 1652 1240 1690 alicujus,
1266 1652 1299 1681 in
1317 1652 1431 1682 castris
1449 1655 1509 1683 διο.
1535 1653 1595 1683 Gr.

875 1697 1080 1735 συμπολεμεῖν.
1112 1695 1186 1726 add.
1216 1695 1344 1725 Duker.
1375 1695 1416 1725 ad
1446 1696 1596 1734 Livium,

876 1741 929 1770 cui
955 1739 1109 1778 frequens
1139 1743 1189 1769 est
1219 1737 1289 1768 haec
1318 1737 1425 1770 forma
1450 1739 1596 1777 dicendi,

876 1783 1009 1813 xxxviii.
1030 1785 1078 1812 11.
1245 1816 1250 1820 ,

920 1825 1132 1856 Proestautia.
1150 1834 1225 1855 cum
1243 1824 1399 1864 genitivo.
1426 1825 1490 1855 Off.
1507 1826 1528 1856 i.
1543 1827 1596 1857 28.

876 1879 953 1900 cum
977 1877 1099 1908 magna
1123 1867 1320 1898 excellentia
1344 1873 1378 1898 et
1400 1870 1596 1908 praestantia

877 1912 1100 1943 animantium
1128 1911 1327 1951 reliquarum
1343 1923 1350 1941 :
1374 1911 1408 1941 h.
1425 1921 1454 1941 e.
1471 1915 1510 1941 ut
1526 1911 1598 1942 lon-

875 1966 916 1995 ge
926 1958 1060 1996 prm-tet
1085 1958 1197 1985 cetera
1212 1953 1379 1985 animalia.
1403 1955 1455 1984 Sic
1471 1955 1530 1985 Or.
1559 1955 1594 1986 ii.

872 2001 924 2031 52.
958 1999 1152 2039 prm-tantia
1174 1997 1332 2035 fortunae,
1358 2007 1435 2028 cum
1462 2007 1510 2029 sc.
1540 2005 1592 2029 est

878 2044 983 2080 major
996 2041 1115 2071 aliena.

918 2085 1097 2116 Proesta-re.
1122 2083 1232 2114 Planc.
1255 2087 1282 2114 1.
1306 2083 1356 2113 sin
1373 2083 1488 2114 onmia
1506 2093 1595 2124 [ηπ-

876 2130 984 2169 εῖίἱεῃ·
997 2142 1005 2158 .·
1049 2128 1081 2157 h.
1113 2139 1142 2157 e.
1175 2127 1281 2157 inesse
1313 2126 1595 2157 demonstravero.

877 2173 896 2191 ⁸*
913 2182 970 2212 pro
987 2171 1143 2212 praebere.
1168 2170 1232 2200 Pis.
1247 2171 1300 2200 3²2.
1313 2171 1443 2200 senatui
1461 2175 1598 2200 senten-

875 2216 958 2246 tiam
979 2219 1147 2255 proeslare.
1177 2223 1223 2243 se.
1240 2213 1389 2243 dicendo.
1421 2213 1596 2252 *aliquem

872 2265 1032 2301 proestare
1045 2257 1213 2294 dicuntur,
1223 2256 1279 2295 qui
1295 2256 1459 2295 spondent
1471 2266 1532 2296 pro
1543 2267 1596 2292 eo,

878 2296 983 2341 qualis
1011 2302 1067 2337 sit,
1082 2302 1138 2330 aut
1155 2299 1286 2330 foturus
1303 2300 1358 2335 sit,
1381 2302 1452 2336 aut,
1468 2306 1509 2330 ut
1523 2299 1600 2330 talis

878 2346 933 2382 sit,
950 2344 1054 2384 qualis
1084 2342 1194 2379 debet,
1222 2347 1281 2372 aut
1307 2342 1436 2382 qualem
1464 2343 1522 2373 alii
1544 2353 1599 2372 vo-

876 2387 1086 2425 lunt‚efficit.
1098 2386 1137 2425 Ω.
1152 2386 1201 2416 Fr.
1214 2386 1236 2416 i.
1254 2389 1315 2416 1.c.
1330 2388 1360 2416 3.
1377 2395 1447 2415 esse
1457 2386 1603 2416 circum-

878 2431 1083 2472 spiciendum
1096 2429 1284 2468 diligenter,
1302 2432 1339 2458 ut
1355 2429 1388 2459 in
1406 2428 1466 2458 hac
1482 2435 1599 2459 custo-

877 2475 931 2506 dia
947 2473 1122 2514 provincioe
1139 2481 1206 2502 non
1220 2478 1254 2502 te
1271 2481 1389 2510 unum,
1403 2471 1460 2502 sed
1481 2480 1600 2502 omnes

879 2519 1046 2549 ministros
1064 2515 1192 2555 imperii
1209 2516 1258 2545 tui
1274 2515 1370 2545 sociis
1381 2520 1502 2555 proesta
1510 2526 1544 2546 re
1555 2516 1602 2544 vi-

879 2562 988 2591 deare.
1016 2559 1091 2590 ibid.
1107 2561 1139 2589 4.
1164 2558 1221 2589 bos
1250 2558 1300 2588 his
1328 2558 1448 2588 finibus
1458 2563 1602 2599 praestu-

879 2606 936 2641 bis,
952 2613 1033 2643 quos
1062 2608 1139 2632 ante
1166 2601 1348 2642 praescripsi
1374 2611 1455 2640 quos
1480 2611 1601 2632 vero-

879 2648 996 2678 horum
1014 2655 1079 2676 non
1097 2644 1194 2675 modo
1219 2644 1320 2682 saeui,
1337 2644 1394 2675 sed
1420 2645 1527 2676 etiarn
1553 2644 1601 2674 di-

879 2697 933 2720 ‹·ta
943 2688 1134 2731 praestunda
1149 2693 1240 2718 sunt.
1262 2689 1281 2706 ³*
1293 2687 1334 2718 ad
1349 2687 1418 2718 Att.
1431 2689 1472 2718 vi.
1489 2689 1522 2719 5³.
1540 2697 1600 2718 nee

876 2734 955 2764 satis
971 2737 1034 2770 est,
1051 2742 1086 2762 se
1099 2740 1264 2771 quemque
1282 2735 1452 2771 praestare.
1470 2730 1551 2762 ibid.
1566 2734 1599 2761 3.

878 2786 974 2816 quem
1003 2784 1064 2814 ego
1087 2778 1248 2814 [ιι-(επακ
1273 2783 1339 2804 non
1366 2778 1530 2814 poteram.
1559 2774 1600 2812 Ω.

881 2820 930 2850 1·ἰ·.
950 2819 996 2849 111.
1026 2823 1054 2849 Β.
1080 2818 1256 2848 Messalam
1282 2817 1403 2848 Caesari
1423 2817 1601 2856 prm-tabo.-

881 2863 912 2894 h.
929 2872 959 2894 e.
974 2868 1065 2894 certo
1079 2861 1160 2899 scio,
1184 2870 1274 2901 eum,
1298 2865 1338 2892 ut
1360 2860 1470 2892 Cesar
1488 2862 1601 2900 optat,
