1800 3131
131 111 216 148 332

135 206 274 245 priores,
300 204 437 234 alterius
463 204 671 244 posteriores.
693 205 758 235 vid.
786 205 866 235 Sue-

137 254 209 279 ton.
245 249 328 278 Caes.
353 251 406 279 40.
430 253 465 278 et
500 247 657 287 scaligeri
701 249 865 279 diatriben

136 291 178 322 de
193 292 256 322 hac
273 292 475 322 correctione
500 292 662 322 fastorum
689 292 750 322 sub
777 293 867 322 initi-

136 346 195 366 um
212 335 302 365 Libri
315 336 356 365 iv.
367 335 407 364 de
416 335 648 366 emendatione
663 339 865 375 temporum.

137 379 299 410 Similiter
321 379 434 409 Livius
451 379 531 409 xliii.
554 381 602 408 11.
626 379 710 409 dixit
743 378 867 408 Kalen-

136 423 194 453 das
223 423 447 453 intercalares.
506 421 606 453 Aliud
635 426 777 458 egerunt
806 422 866 451 viri

135 466 333 502 doctissimi,
350 465 537 503 Manutius,
554 465 736 495 Lambinus
751 471 785 494 et
797 465 866 501 alii,

136 519 213 539 eum
231 509 271 539 de
289 509 339 538 die
356 510 549 540 intercalari
565 513 637 548 post
655 509 685 538 d.
703 510 755 540 23.
774 508 866 538 Febr.

136 557 311 592 ceperunt,
341 553 398 591 qui
434 561 606 592 nunquam
638 551 866 583 Kalendarum

136 597 272 626 nomine
289 596 393 626 venit.

178 640 419 670 Intercalarius
443 638 576 668 mensis.
601 637 694 669 Verr.
709 638 742 667 ii.
761 638 812 668 52.

180 683 393 720 Interceclere,
411 690 601 721 sponsorem
621 680 865 720 fieripecuniae,

136 737 237 766 quam
249 736 309 756 suo
320 726 393 765 quis
410 726 602 755 interventu
619 723 715 754 alteri
731 723 866 754 concili-

135 771 215 801 avit.
247 770 316 800 Att.
335 769 376 798 vi.
398 772 423 798 1.
447 768 657 797 intercessisse
682 777 716 797 se
742 777 802 808 pro
826 768 865 797 iis

134 823 291 853 magnam
309 811 498 851 pecuniam.
517 811 571 840 ubi
589 821 619 842 V.
636 811 769 841 Manut.
787 810 828 841 cf.
845 811 865 841 i.

138 858 187 888 16.
220 856 302 886 Phil.
320 856 353 885 ii.
373 858 422 885 18.
449 854 589 884 Salmas.
609 854 698 884 mod.
716 855 816 885 Usur.
834 865 865 894 p.

134 901 209 934 726.
233 900 283 929 De
311 898 453 928 tribunis
480 898 559 937 quid
586 898 629 928 sit
657 898 865 935 intercedere,

136 947 254 974 notum
271 946 332 972 est.

178 987 377 1023 Intercessz'o,
394 985 527 1025 sponsio
551 985 586 1015 in
611 995 645 1016 re
662 984 866 1025 pecuniaria.

134 1030 249 1060 Parad.
266 1030 296 1060 6.
320 1032 351 1061 2.
376 1029 611 1059 intercessiones
633 1029 866 1068 pecuniarum.

131 1074 151 1091 *Ρ
166 1083 267 1114 opera
278 1075 362 1111 ejus,
373 1073 428 1111 qui
444 1082 477 1102 se
491 1072 524 1102 in
542 1072 653 1111 aliqua
669 1082 702 1102 re
720 1072 866 1112 interpo-

132 1118 196 1153 nit,
221 1117 385 1147 mediator
400 1117 450 1145 fit.
483 1115 554 1146 Att.
570 1116 592 1147 i.
608 1118 639 1146 4.
666 1126 741 1146 mea
764 1117 865 1146 inter-

133 1162 226 1192 cessio
242 1164 276 1190 et
290 1164 354 1198 est,
371 1164 406 1189 et
421 1159 487 1189 fuit
501 1164 627 1199 parata.

178 1205 386 1241 Intercessor,
403 1203 459 1241 qui
474 1212 508 1232 se
526 1203 724 1242 interponit,
740 1202 865 1233 media-

130 1252 198 1285 tor,
217 1253 257 1278 ut
272 1247 371 1277 h'odie
397 1247 526 1276 dieunt.
551 1247 647 1277 Rosc.
668 1247 706 1276 A.
724 1250 777 1277 38.
801 1247 864 1276 isto

132 1292 315 1328 hortatore,
339 1295 489 1327 auctore,
518 1291 734 1327 intercessore,
761 1289 863 1329 legati

132 1335 175 1365 ad
191 1335 317 1365 Sullam
334 1344 401 1364 non
418 1334 582 1363 adierunt.
616 1333 635 1351 ³*
651 1334 806 1373 Sponsor.
823 1333 865 1363 ad

132 1380 210 1409 Div.
234 1379 289 1408 vii.
319 1380 371 1412 27.
394 1378 524 1407 utinam
552 1387 684 1416 semper
708 1377 863 1407 tribunus

131 1432 233 1459 esses,
250 1424 486 1453 inrercessorem
504 1430 571 1450 non
586 1430 761 1459 quaereres.
796 1421 864 1452 Lu-

133 1466 184 1496 dit
198 1467 231 1496 in
252 1465 471 1504 ambiguitate
489 1464 591 1500 verbi,
610 1464 696 1503 quod
713 1468 748 1494 et
764 1474 863 1503 spon-

133 1519 241 1540 sorem
264 1509 445 1548 signifieat,
472 1512 507 1537 et
530 1508 705 1537 tribunum
729 1509 863 1538 interce-

134 1554 261 1583 dentem
279 1552 379 1582 alicui
397 1552 456 1588 rei,
472 1550 504 1580 h.
525 1562 553 1580 e.
570 1556 753 1581 vetantem.

176 1596 384 1627 Interclzcdor
408 1595 533 1631 dolore,
569 1604 634 1633 quo
662 1595 771 1624 minus
801 1595 859 1625 διο.

132 1640 203 1670 Att.
215 1641 283 1670 viii.
301 1643 330 1670 8.
348 1640 367 1668 i.
383 1649 411 1668 e.
427 1638 592 1678 impedior.

177 1683 482 1718 Inter-columniam,
513 1682 660 1720 spatium
696 1680 860 1711 columnis

132 1726 361 1764 interjectum.
384 1726 478 1755 Verr.
495 1725 515 1754 i.
547 1728 592 1758 19,
616 1724 658 1753 ad
678 1725 718 1764 Ω.
738 1725 786 1755 Fr.
814 1725 861 1755 iii.

137 1774 165 1801 1.
180 1782 207 1801 e.
221 1773 251 1800 2.
267 1770 318 1800 adi
333 1768 526 1801 Gothofred.
543 1768 582 1798 ad
601 1768 681 1798 Cod.
695 1768 822 1798 Theod.
838 1769 860 1798 l.

133 1817 187 1846 45.
212 1814 251 1844 de
265 1814 389 1853 operib.
407 1811 497 1852 publ.
517 1811 552 1851 (l.
564 1821 615 1841 xv,
631 1813 686 1842 tit.
706 1812 747 1849 l.)

176 1858 385 1888 Interdicere.
410 1856 547 1886 verbum
576 1856 780 1895 praetorium.
796 1855 861 1886 vid.

127 1902 350 1932 interdictum.
390 1899 514 1929 Caecin.
531 1902 561 1930 8.
583 1902 629 1929 13.
653 1899 672 1917 ᾖ
687 1899 795 1929 obiter
813 1899 861 1929 di—

132 1955 218 1975 cere.
243 1945 366 1975 Heren.
385 1944 419 1973 ii.
436 1946 482 1973 ll.

175 1989 404 2024 Interdictum,
421 1986 594 2016 decretum
611 1987 774 2026 praetoris‚
792 1997 861 2017 cer-

128 2033 173 2063 tis
190 2031 341 2062 formulis
358 2034 573 2070 conceptum,
591 2040 656 2068 quo
670 2029 795 2069 aliquid
806 2031 861 2069 ju-

130 2077 187 2106 bet
199 2075 247 2105 vel
265 2080 375 2104 vetat:
410 2074 561 2113 inprimis
578 2073 612 2102 in
630 2075 860 2103 controversiis

130 2119 170 2150 de
186 2118 460 2160 possessionibus,
473 2127 551 2146 eum
568 2126 658 2152 eum,
672 2117 728 2156 qui
745 2127 784 2147 ex
802 2116 861 2147 ali-

131 2174 197 2202 quo
226 2162 297 2193 loco
324 2161 472 2199 dejectus
500 2164 563 2198 est,
591 2160 722 2190 restitui
747 2161 859 2199 jubet,

133 2207 239 2237 donec
256 2216 307 2236 res
318 2205 447 2244 judicio
462 2204 563 2243 plana
577 2203 667 2233 facta
682 2205 736 2234 sit.
753 2214 783 2234 ν.
799 2204 860 2235 Ju-

130 2250 267 2280 stiniani
286 2249 368 2280 lust.
384 2249 426 2278 iv.
454 2251 502 2278 10.
526 2252 561 2278 et
584 2248 627 2278 ibi
652 2247 859 2279 Hotomann.

132 2294 256 2324 Caecin.
279 2296 309 2323 3.
335 2292 494 2332 possessio
510 2301 569 2331 per
585 2291 792 2321 interdictam
810 2302 860 2321 re-

129 2338 246 2378 petita.
274 2336 352 2366 ibid.
382 2338 428 2365 14.
453 2335 552 2374 hujus
580 2335 626 2364 rei
651 2335 860 2366 interdictum

130 2381 310 2418 majori-bus
327 2380 361 2409 in
376 2385 522 2408 mentem
542 2388 607 2411 non
625 2378 763 2408 venisse.
779 2379 858 2410 ibid.

128 2427 182 2455 31.
205 2424 413 2454 interdictum
443 2421 688 2461 quotidianum.
713 2421 754 2452 ad
780 2422 856 2453 Div.

127 2468 183 2498 vii.
215 2469 266 2497 32.
315 2466 490 2496 interdictis
526 2465 703 2499 defendere
733 2475 859 2505 posses.

127 2510 266 2541 sionem.
283 2511 339 2540 Or.
356 2510 377 2539 i.
399 2513 445 2540 10.
469 2509 636 2543 interdicto
649 2513 763 2541 tecum
780 2519 858 2539 con-

128 2554 317 2584 tenderent.
340 2553 358 2571 *
372 2553 469 2584 Dom.
484 2553 536 2584 96.
560 2553 772 2586 interdictum
788 2562 858 2582 sce-.-

129 2597 219 2629 leris.
236 2597 257 2627 i.
274 2607 302 2626 e.
315 2596 508 2633 scelestum,
521 2595 560 2625 de
578 2595 664 2634 lege,
681 2606 746 2634 qna
763 2596 858 2626 Cice-

129 2641 202 2671 roni
232 2650 318 2678 aqua
346 2644 381 2669 et
421 2640 488 2678 igni
520 2640 728 2671 interdictum
773 2645 855 2675 crat.

127 2684 147 2702 ³⁴*
164 2684 228 2714 Pis.
259 2686 311 2713 21.
349 2684 522 2713 interdicta
563 2682 730 2719 Deorum:
776 2688 857 2715 sunt

127 2727 291 2768 prodigia,
308 2730 342 2755 et
358 2726 492 2764 similia,
511 2730 549 2758 ut
576 2736 733 2767 responsa
748 2736 856 2757 sacer,

127 2771 257 2801 dotum.
276 2780 304 2799 ν.
323 2774 391 2800 not.

176 2814 392 2849 Interductus,
408 2814 541 2852 signum
561 2814 853 2854 interpunctionis.

127 2857 184 2890 Or.
199 2858 252 2887 68.
276 2857 479 2886 interductus
494 2857 628 2886 librarii.

166 2899 354 2941 -Inters'eaetio,
371 2900 608 2939 interpellatio.
634 2900 723 2931 Sext.
741 2904 793 2938 27.

651 117 798 145 INDEX
828 115 1107 145 LA'rlNl'rA'rls
1114 135 1123 147 ο

954 204 1152 244 Inteficcre.
1176 203 1210 234 in
1226 203 1346 236 OEcon.
1374 214 1427 243 ap.
1448 204 1540 236 Non.
1564 203 1641 234 hei-

906 247 964 278 bas
981 258 1128 279 arescere
1152 250 1186 276 et
1207 248 1358 288 interfici.
1382 248 1435 277 Sic
1461 252 1496 280 et
1520 247 1637 287 virgil.

907 291 948 322 G.
965 292 1005 321 iv.
1023 295 1096 322 330.
1119 291 1215 321 dixit.

952 335 1159 372 Interimerc,
1185 334 1312 366 tollere.
1336 333 1425 364 Mur.
1454 335 1503 366 12.
1527 335 1639 365 interi-

908 387 996 408 mere
1011 387 1116 408 sacra.

951 421 1104 460 Interior,
1121 422 1292 458 remotior,
1309 423 1344 450 et
1364 429 1460 460 paene
1484 420 1636 451 ultimus.

908 463 1026 494 Manil.
1049 467 1103 495 2⁶2.
1127 470 1243 504 gentes
1265 465 1444 500 interiores,
1470 473 1516 494 sc.
1539 463 1638 501 Asiae,

909 507 1103 538 remotiores
1130 508 1170 537 ab
1198 518 1257 539 ora
1282 508 1465 544 maritima,
1490 507 1638 546 adeoque

908 550 1012 580 etiam
1026 550 1143 581 Roma.
1156 551 1197 581 ad
1212 552 1253 591 Ω.
1270 551 1322 583 Fr.
1336 551 1383 582 iii.
1400 554 1427 582 1.
1441 561 1469 581 e.
1480 553 1510 581 5.
1526 552 1639 582 interi-.-

908 603 962 623 ore
974 593 1134 633 epistola:
1152 593 1185 624 h.
1203 605 1232 625 e.
1250 604 1344 635 paene
1361 594 1501 625 ultima:
1519 594 1560 624 ad
1570 604 1601 633 q.
1615 594 1637 628 l.

909 636 1043 669 Manut.
1067 637 1112 667 Et
1136 637 1233 675 ratio,
1257 644 1357 676 atque
1381 637 1454 668 auae
1485 637 1639 668 formulas

908 679 1107 718 ostendunt,
1131 682 1269 714 interius
1295 691 1378 719 esse,
1402 680 1489 720 quod
1516 691 1536 711 a
1560 691 1639 711 con-

909 727 1027 763 spectu
1059 723 1156 763 longe
1189 727 1357 754 remotum
1389 730 1450 754 est.
1484 725 1538 755 Sic
1568 724 1639 755 fere

907 766 1009 799 Acad.
1034 767 1076 798 iv.
1101 770 1133 799 2.
1156 768 1313 799 interim-a
1339 767 1474 800 Luculli
1496 772 1577 798 sunt
1600 778 1640 799 ca

909 811 978 849 ejus
995 811 1094 848 bona,
1135 820 1185 841 uae
1203 820 1270 841 non
1285 810 1440 841 omnibus
1456 816 1536 842 nota
1545 816 1639 849 sunt,

909 862 972 884 nec
998 854 1033 884 in
1064 821 1169 884 oc1¹i³lis
1199 854 1350 884 omnium
1382 858 1570 892 versantur,
1601 859 1640 886 ut

908 896 1021 927 studia
1043 897 1227 928 literarum.
1245 897 1323 928 hinc
1346 898 1500 928 ‘interiora
1523 897 1640 928 dicun-

907 945 966 970 tur
980 941 1164 971 subtiliora.
1181 941 1262 972 Nat.
1277 941 1321 972 D.
1337 941 1384 971 iii.
1402 941 1453 972 16.
1476 941 1641 973 interiores

909 990 944 1025 et
959 984 1139 1014 reconditae
1153 985 1270 1015 literae.
1294 984 1337 1014 ad
1352 985 1429 1016 Div.
1444 984 1501 1016 vii.
1512 987 1565 1016 33.
1587 986 1641 1016 in·

908 1028 1039 1058 teriores
1055 1027 1172 1058 literae.
1187 1027 1275 1060 conf.
1300 1028 1348 1058 iii.
1370 1031 1418 1059 10.
1441 1028 1518 1061 Div.
1534 1028 1568 1058 ii.
1584 1029 1638 1060 60.

908 1069 980 1101 haec
1004 1071 1038 1101 in
1063 1076 1200 1111 promtu
1225 1076 1321 1109 sunt,
1347 1072 1505 1103 interiora
1528 1071 1641 1102 videa-

908 1123 994 1144 mus.
1008 1114 1050 1145 cf.
1061 1115 1213 1147 intimus.
1230 1114 1300 1145 *ad
1313 1114 1353 1156 Ω.
1366 1114 1417 1145 Fr.
1427 1115 1448 1145 i.
1460 1117 1492 1149 2.
1507 1125 1536 1148 c.
1547 1118 1580 1147 2.
1594 1116 1639 1146 O-

908 1158 1047 1195 ctavius,
1054 1158 1110 1197 qui
1120 1157 1350 1191 Macedoniam
1362 1159 1509 1198 regebat,
1517 1159 1642 1193 dicitur

909 1201 1091 1239 Ciceronis,
1107 1202 1194 1233 Asiae
1218 1202 1385 1238 Praetoris‚
1405 1202 1534 1232 vicinus
1557 1204 1640 1236 inte.

905 1246 984 1275 rior.
1009 1244 1028 1263 ²*
1043 1245 1179 1283 arctior,
1198 1246 1417 1284 conjunctior.
1440 1245 1505 1276 Off.
1522 1246 1568 1276 iii.
1588 1249 1638 1281 17.

905 1289 1042 1319 interior
1068 1289 1220 1321 societas.
1248 1289 1292 1322 ib.
1309 1289 1331 1319 i.
1352 1292 1402 1323 17.
1425 1290 1560 1321 interius
1574 1294 1638 1331 est,

907 1341 978 1362 esse
995 1332 1144 1372 ejusdem
1161 1332 1319 1363 civitatis.
1342 1332 1362 1350 ³*
1378 1332 1516 1363 brevior.
1533 1333 1576 1363 N.
1593 1334 1638 1366 D.

906 1375 940 1407 ii.
958 1379 1011 1407 41.
1035 1386 1135 1407 cursu
1159 1377 1312 1408 interiore
1325 1375 1416 1406 brevi
1433 1377 1641 1409 convertitur

906 1419 995 1449 orbe.
1029 1419 1132 1450 Acad.
1171 1421 1212 1450 iv.
1251 1422 1303 1452 20.
1341 1429 1439 1450 eursu
1475 1421 1640 1454 interiore.

905 1463 924 1481 *²
942 1462 1083 1495 medius.
1105 1464 1163 1494 Or.
1187 1463 1233 1493 iii.
1258 1464 1310 1494 61.
1334 1464 1558 1494 contentionis
1583 1474 1642 1494 ex-

903 1510 1065 1543 tremum,
1079 1506 1167 1545 quod
1181 1510 1296 1537 tamen
1309 1508 1446 1538 interius
1457 1510 1519 1545 est,
1537 1516 1638 1547 quam

906 1551 1120 1580 acutissimus
1154 1550 1375 1580 clamor—est
1401 1551 1483 1581 item
1522 1555 1639 1585 contra

905 1593 1062 1632 quiddam
1080 1594 1115 1623 in
1128 1595 1320 1626 remissione
1337 1593 1580 1632 gravissimum.

952 1637 1096 1667 Interim
1126 1642 1296 1668 aratorum
1326 1637 1416 1669 sacta
1447 1637 1541 1670 nulla
1573 1642 1638 1670 est.

904 1680 997 1711 Verr.
1016 1680 1061 1710 iii.
1079 1683 1129 1711 54.

952 1724 1154 1754 Intermissio.
1181 1723 1297 1754 Partit.
1314 1724 1371 1754 Or.
1393 1724 1424 1754 6.
1455 1725 1638 1765 opponitur

903 1768 1258 1807 circumscriptioni,'i.
1285 1778 1314 1798 e.
1344 1767 1494 1808 periodo,
1521 1773 1636 1808 estque

904 1811 1009 1841 oratio
1026 1821 1085 1850 per
1101 1811 1263 1850 membra,
1288 1821 1355 1842 non
1378 1812 1468 1841 inter
1489 1821 1524 1841 se
1550 1822 1637 1845 nexa

908 1854 1006 1884 modo
1022 1854 1201 1894 periodico.

947 1899 1103 1929 Interius.
1126 1898 1184 1928 Or.
1209 1899 1255 1930 iii.
1276 1901 1329 1936 49.
1352 1899 1488 1932 interius
1504 1898 1636 1933 insiste-

904 1952 952 1980 re,
968 1952 998 1971 v.
1015 1942 1179 1972 insistere.

950 1986 1202 2016 [mmmm-tuus.
1232 1984 1308 2015 Mil.
1348 1988 1379 2016 5.
1412 1986 1636 2018 intermortua·

904 2030 1094 2066 conciones,
1118 2029 1396 2068 interpretantur,
1414 2029 1633 2069 intermissas,

904 2083 976 2111 quae
992 2073 1129 2103 desiere.
1153 2072 1224 2112 Ego
1241 2076 1353 2103 autem
1377 2072 1552 2112 languidas
1580 2074 1634 2104 in-

901 2121 1080 2156 terpretor,
1096 2116 1132 2146 in
1148 2116 1266 2155 quibus
1280 2117 1488 2157 parumquis
1510 2120 1635 2157 potest,

903 2170 983 2199 quas
1000 2170 1067 2190 non
1084 2164 1194 2200 potest
1217 2160 1384 2190 concitare
1400 2159 1557 2200 amplius,
1569 2161 1634 2191 etsi

902 2203 993 2233 velit.
1038 2203 1092 2233 Sic
1122 2203 1258 2243 plausus
1285 2208 1451 2240 mortuus,
1474 2213 1534 2243 pro
1559 2203 1634 2234 lan-

902 2247 1013 2286 guido.
1035 2247 1106 2277 Att.
1122 2247 1157 2277 ii.
1178 2250 1227 2281 19.
1262 2246 1374 2277 Caesar
1395 2256 1474 2277 cum
1488 2247 1635 2283 venisset

902 2290 1022 2330 plausu
1038 2297 1183 2321 mortuo.

945 2334 1173 2365 Intermundz'a
1190 2333 1338 2373 Epicuri.
1362 2333 1435 2365 Fin.
1451 2333 1485 2365 ii.
1501 2335 1555 2366 23.

945 2378 1156 2418 Intevyoolare.
1188 2376 1282 2408 Verr.
1312 2378 1334 2408 i.
1364 2377 1416 2408 61.
1438 2378 1634 2418 interpolare

900 2421 1045 2458 tabulas,
1074 2422 1137 2452 int.
1153 2430 1239 2451 cera.
1272 2430 1351 2452 nam
1377 2431 1453 2451 cera
1467 2425 1634 2460 teguntur

901 2464 1021 2502 literae,
1038 2474 1118 2504 quas
1135 2464 1304 2495 occultare
1330 2465 1364 2494 in
1388 2463 1513 2496 tabulis
1539 2464 1633 2499 volu,

903 2518 991 2545 muS‚
1004 2514 1042 2538 ut
1056 2508 1133 2538 fuco
1149 2507 1290 2538 maculae
1304 2507 1413 2538 faciei.

944 2553 1162 2592 Interponere.
1186 2551 1260 2583 Mil.
1284 2556 1316 2586 9.
1339 2561 1374 2581 se
1398 2550 1633 2592 interponebat,

900 2605 946 2626 sc.
973 2596 1008 2625 in
1031 2595 1176 2625 comitiis
1199 2604 1258 2634 pro
1284 2594 1482 2632 candidatis,
1513 2604 1632 2633 seque*

900 2644 1002 2669 strern
1019 2639 1171 2679 pecuniae
1195 2637 1337 2677 agendo,
1353 2647 1453 2677 quam
1479 2636 1528 2671 illi
1552 2647 1628 2680 pro·

899 2683 1072 2712 miserant.

946 2727 1160 2765 Interpositio,
1189 2734 1266 2755 cum
1291 2724 1391 2755 verba
1413 2723 1567 2763 quaedam
1592 2723 1632 2757 li.

897 2770 957 2800 bro
982 2770 1055 2809 jam
1086 2770 1210 2809 scripto
1240 2768 1448 2799 inseruntur.
1479 2767 1520 2798 ad
1551 2768 1632 2800 Div.

898 2814 962 2843 xvi.
987 2814 1039 2844 22.
1064 2822 1133 2842 una
1152 2813 1349 2852 interpositio
1374 2811 1540 2845 difficilior
1563 2815 1631 2850 est,

899 2857 938 2887 de
955 2856 1129 2895 quadrimo
1145 2855 1285 2886 Catone.

942 2900 1164 2941 Ιητονροεὲωε,
1181 2899 1277 2929 rebus
1301 2902 1336 2930 et
1361 2897 1468 2932 verbis
1492 2899 1632 2938 interpo-
