1800 3131
134 108 233 145 2328

154 205 215 234 bis.
243 205 296 235 Sic
312 205 396 237 dixit
411 207 512 237 etiam
529 206 636 238 plaut.
660 206 817 238 Bacchid.
834 208 881 238 iii.

158 251 189 278 3.
214 257 301 289 saepe
327 249 450 281 Livius.
478 251 541 282 vid.
557 251 657 282 Gron.
674 252 715 282 ad
741 261 819 282 eum
837 252 884 283 iii.

157 294 210 326 59.
235 293 342 322 xxxvi.
357 295 409 324 2⁷8.

198 336 349 367 [ambitio
371 338 536 377 remigum
559 339 637 377 quid
659 339 727 369 sit?
754 339 796 369 ad
812 339 882 369 Att.

154 379 223 409 xiii:
241 381 293 410 21.

197 423 399 462 Inlzonorati,
411 425 510 456 Tusc.
525 426 570 456 iii.
588 427 637 456 24.
662 425 761 456 nullis
778 425 881 455 hono-

155 466 245 498 ribus
262 469 324 498 usi.

199 510 438 543 Inhumanitas.
462 514 520 544 Or.
537 513 557 543 i.
570 514 622 543 22.
647 516 697 542 est
713 512 879 550 negantis,

155 563 229 593 quae
253 560 402 595 rogatur,
419 566 495 586 cum
519 556 626 586 facere
643 556 757 595 possit.
789 555 878 585 Mur.

150 600 181 628 4.
213 598 337 629 dicitur
362 600 401 632 de
424 610 475 637 eo,
499 601 554 638 qui
579 599 804 628 defensionem
829 599 877 628 rei

150 640 302 681 deponit,
317 653 393 682 opp.
409 643 584 673 officiosus
611 642 694 672 Cato
710 645 741 672 3.
766 642 806 671 de
823 651 875 679 eo,

149 686 205 723 qni
230 695 280 716 res
296 686 458 717 humanas
474 695 568 724 aequo
584 685 695 715 animo
713 695 780 715 non
796 685 874 715 fert.

148 728 238 759 Mur.
257 730 309 760 36.
333 734 384 759 est
400 730 484 768 ejus,
499 730 554 768 qni
568 729 648 758 facit
663 728 876 758 abhorrentia

149 782 169 801 a
196 773 274 803 vita:
300 773 456 803 humanae
486 772 580 803 cultu
604 777 639 802 et
664 772 874 811 elegantia-—

139 815 300 855 jungitur
310 816 399 846 enim
413 815 573 847 sordibus.
593 815 727 846 Verr.v.
740 819 792 847 44.
815 826 872 856 op-

146 861 284 899 ponitur
307 859 568 890 mansuetudini.
593 860 652 889 &c.
675 859 694 877 *
707 859 746 889 de
763 869 801 889 eo
816 860 873 898 qui

145 903 403 933 consuetudines
427 904 502 933 vitae
519 904 705 936 communis
723 912 789 932 non
806 912 873 933 ser-

142 949 208 975 vat.
242 946 326 977 Phil.
350 947 384 976 ii.
400 950 430 981 4.
461 948 495 983 in
516 957 580 987 quo
596 951 629 977 tc
646 947 806 978 convinco
822 948 872 977 in.

145 991 367 1021 humanitatis.

183 1034 380 1065 ‚Inhumana
411 1034 476 1064 Off.
500 1033 547 1064 iii.
567 1035 598 1065 6.
628 1035 808 1065 inhumane
822 1034 871 1064 fa-

141 1086 228 1114 cere,
246 1082 427 1117 contraque
443 1077 550 1117 legem
569 1080 709 1108 natm-ze.

182 1122 400 1152 Inliumanus.
424 1122 488 1151 Off.
505 1122 550 1152 iii.
572 1125 619 1152 ll.
645 1123 867 1152 inhumanum

137 1169 200 1202 est,
211 1175 273 1195 usu
285 1166 374 1196 urbis
384 1165 557 1205 prohibere
570 1166 772 1205 peregrinos.
786 1165 868 1195 Lael.

142 1211 189 1239 14.
223 1219 290 1239 non
313 1210 498 1239 inhumana
522 1217 572 1239 est
596 1209 713 1246 virtus,
730 1219 775 1239 sc.
792 1210 870 1247 quia

138 1252 268 1291 populis
298 1253 458 1283 universis
490 1252 645 1283 consulit.
680 1252 868 1283 *rusticus

136 1296 200 1326 Off.
225 1297 245 1326 i.
263 1298 316 1328 36.
346 1297 483 1336 agrestis
506 1300 540 1326 et
557 1298 738 1326 inhumana
761 1297 867 1335 negli-

137 1340 261 1379 gentia.
286 1340 477 1377 *sordidus,
491 1340 547 1379 qui
564 1341 748 1370 utilitatem
764 1340 867 1370 hone-

133 1388 185 1413 sto
203 1384 348 1423 praefer't.
374 1384 455 1414 Lael.
482 1387 530 1416 13.
557 1383 755 1424 *stupidus‚
773 1383 867 1414 indo-

134 1431 219 1457 ctus.
244 1428 300 1457 Or.
319 1431 369 1459 51.
402 1437 497 1457 aures
517 1429 727 1460 inhumanam*
740 1428 816 1457 Sen.
833 1437 866 1467 p.

137 1471 176 1500 R.
202 1471 232 1501 6.
265 1473 484 1501 inhiant-mum
509 1471 694 1509 negotium.
719 1470 865 1501 *saevu5.

133 1514 225 1544 Verr.
244 1515 288 1545 iii.
305 1517 334 1546 2.
361 1515 380 1533 ³³·
397 1515 488 1546 Verr.
506 1515 527 1548 i.
542 1517 595 1545 42.
617 1519 864 1547 testamentum

133 1560 362 1589 inhnmanum.
381 1558 604 1588 *inurbanus
624 1558 740 1597 Quint.
758 1561 789 1588 3.
807 1567 864 1588 ne-

135 1612 198 1640 que
222 1604 422 1633 inhumanus
445 1611 552 1641 praeeo
576 1605 627 1631 est
643 1602 863 1635 existimatus.

134 1646 229 1676 *Offi
253 1647 274 1676 i.
290 1649 343 1676 40.
372 1647 572 1675 inhumanus
595 1645 731 1682 dicitur,
749 1645 804 1684 qni
829 1645 863 1676 in

134 1690 283 1720 convivio
297 1690 478 1719 meditatur
490 1689 667 1725 attentius,
681 1689 769 1727 quod
785 1688 864 1718 alie—

135 1742 217 1763 num
234 1737 284 1763 est
299 1734 339 1763 ab
356 1733 504 1769 homine,
518 1734 552 1762 in
566 1732 716 1762 convivio
734 1741 801 1762 non
814 1731 864 1762 hi-

133 1776 238 1806 larem
252 1787 335 1812 esse,
348 1776 437 1816 loqui
454 1777 514 1806 &a

179 1821 275 1850 Inibi.
306 1820 388 1850 Phil.
412 1821 476 1850 xiv.
499 1822 530 1850 9.
560 1819 640 1849 inibi
663 1829 755 1850 sum:
788 1820 809 1850 i.
833 1830 862 1850 e.

134 1864 197 1894 hoe
214 1865 322 1903 ipsum
337 1864 447 1903 cogito
464 1864 523 1893 &tu
546 1873 575 1894 v,
593 1863 717 1893 Ferrar.
735 1863 775 1893 ad
790 1863 823 1894 h.
841 1863 862 1893 l.

178 1906 330 1947 .Iti'iiee›*e,
355 1908 562 1937 mentionem
592 1906 715 1944 facere,
739 1907 862 1945 (licere,

134 1952 242 1981 edere.
273 1953 343 1982 Att.
359 1952 422 1981 xvi.
440 1954 470 1981 5.
499 1950 603 1980 Bruto
620 1961 695 1980 cum
713 1960 799 1991 saepe
815 1951 864 1980 in-

122 1993 286 2038 jecissent,
300 1995 339 2025 de
356 1993 514 2034 ὃμοπλσίᾳ,
527 2003 593 2023 non
610 1994 747 2034 perinde
763 1999 863 2033 atque

134 2049 196 2076 ego
227 2044 394 2079 putaram,
426 2039 570 2077 arripere
601 2039 688 2067 xisns
719 2042 781 2068 est.
820 2038 862 2068 cf.

133 2083 250 2122 Quint.
274 2085 326 2113 21.
353 2083 452 2112 Dom.
471 2081 502 2111 6.
528 2081 692 2121 imperitis
707 2080 863 2123 ‘iiijecerat

135 2137 258 2156 nomen
271 2136 394 2159 meum.
421 2128 440 2146 *ἱ
451 2125 529 2155 Nat.
542 2125 585 2155 D.
598 2125 619 2155 i.
632 2127 685 2156 20.
710 2126 744 2155 in
759 2135 861 2164 quam

133 2180 167 2200 sc
198 2171 330 2200 animus
360 2167 508 2211 injiciens
539 2178 576 2197 ac
599 2168 777 2198 intendens
802 2169 862 2198 διο.

137 2215 225 2244 lline
249 2213 381 2244 defendi
407 2217 518 2252 potest
533 2212 632 2242 lectio
654 2211 753 2242 Tusc.
769 2213 812 2242 iv.
829 2212 860 2242 6.

134 2259 167 2287 in
193 2268 292 2297 quam
315 2256 435 2298 injecta
458 2261 509 2286 est
523 2256 733 2286 inflammata
748 2255 859 2285 libido.

134 2302 190 2331 uhi
207 2302 320 2332 Davis.
335 2301 385 2330 ed.
398 2310 463 2330 sec.
479 2300 622 2330 correxit
636 2299 772 2329 inlecta.
791 2299 862 2329 *ad

133 2345 261 2383 Divers.
284 2345 338 2385 vii.
359 2345 408 2374 16.
440 2353 530 2373 nunc
554 2343 588 2372 iu
611 2343 758 2373 hibernis
781 2341 862 2383 inje-

133 2393 203 2418 ctus
225 2399 294 2425 esse
318 2388 450 2424 videris,
464 2387 577 2425 itaque
600 2392 634 2417 te
652 2396 860 2417 commovere

132 2442 200 2463 non
225 2442 330 2462 curas.
354 2431 469 2461 Simile
489 2435 540 2460 est
569 2430 670 2462 Dom.
694 2432 746 2460 24.
776 2434 861 2460 extr.

131 2485 166 2506 se
184 2476 218 2505 in
237 2476 360 2508 medios
376 2474 485 2504 hostes
501 2470 656 2514 injecisse,
672 2483 732 2513 pro
751 2473 862 2512 conje-

130 2520 224 2559 cisse.
254 2519 378 2549 *Vera
393 2529 424 2547 v.
438 2522 469 2552 9.
492 2518 553 2547 nisi
578 2516 777 2547 existimatis
799 2516 860 2548 ho-

130 2565 256 2596 minem
281 2563 351 2599 sine
376 2562 487 2600 aliqua
503 2570 603 2591 causa
616 2557 772 2600 injectum
788 2570 858 2591 esse

131 2606 171 2636 ad
190 2610 260 2636 tam
286 2605 476 2635 incredibile
501 2604 638 2634 crimen.
662 2603 769 2634 GraeV.
793 2603 862 2634 cle-

128 2655 233 2680 ctum.
256 2646 410 2690 injectum
428 2652 538 2687 potest
556 2647 764 2685 significare:
790 2647 859 2678 edi-

125 2697 215 2731 tum,
234 2697 272 2722 ut
289 2702 405 2732 supra:
431 2689 587 2731 injecerat
602 2700 726 2727 ,nomen
743 2701 857 2726 meum

127 2737 305 2777 imperitis,
330 2745 388 2775 pro
415 2735 575 2764 ediderat.
621 2734 712 2769 Editi
739 2734 859 2765 dicun-

123 2785 181 2810 tur
203 2780 305 2810 etiam
327 2778 449 2808 delati:
476 2787 553 2807 nam
570 2777 734 2813 delatores
752 2778 858 2809 edunt

120 2824 260 2854 nomina
279 2832 410 2859 eorum,
436 2831 518 2859 quos
540 2821 706 2853 deferunt.
734 2821 798 2852 vid.
822 2831 856 2850 e-

118 2868 206 2898 dere.
227 2865 422 2906 Apollonius
440 2864 568 2895 delatus
585 2869 656 2895 erat
673 2864 762 2905 apud
773 2865 856 2895 Ver-

117 2921 202 2950 rem,
226 2910 320 2952 quasi
343 2917 451 2940 servos
476 2907 628 2947 haberet,
646 2909 703 2948 qui
726 2908 853 2940 bellum

675 118 822 148 INDEX
851 119 1130 151 LATINITATIS
1137 138 1146 152 ι

923 208 1032 239 facere
1048 208 1183 240 vellent.

968 253 1153 284 lnimiearz‘.
1177 252 1247 283 Att.
1266 252 1299 282 ii.
1319 254 1367 285 19.
1393 251 1447 281 ubi
1463 251 1546 282 vide.

967 296 1140 336 Iniquilas.
1172 297 1294 327 Caecin.
1327 298 1378 326 93.
1407 295 1541 333 dicitur,
1569 304 1646 326 cum

923 349 1054 369 summo
1064 340 1141 378 jure
1158 341 1280 379 agitur.

971 383 1116 422 Iniquus,
1139 384 1243 414 subst.
1272 393 1347 412 cum
1376 382 1586 422 pronomine,
1608 385 1650 412 ut

922 426 1091 464 inimich
1107 426 1218 457 Plane.
1244 428 1290 457 16.
1316 427 1369 456 uhi
1386 433 1500 456 tamen
1519 426 1649 455 variant

922 468 1008 499 libri.
1031 475 1065 499 et
1088 471 1153 500 alia
1169 470 1321 510 exempla
1337 470 1432 499 affert
1453 468 1648 500 Lambinus.

923 512 1094 542 Conscnsn
1122 524 1238 544 omnes
1269 514 1342 543 libri
1374 513 1498 543 habent
1525 513 1648 552 iniquos

922 560 1062 586 nostros.
1080 568 1108 586 c.
1123 559 1176 587 23.
1199 558 1242 588 cf.
1258 558 1300 587 ad
1318 558 1409 587 Brut.
1432 560 1458 587 l.

967 600 1064 629 [ηἰὴἱα
1090 605 1229 630 naturae.
1263 601 1333 631 Fin.
1360 601 1393 630 ii.
1412 602 1459 632 12.
1493 600 1539 630 iii.
1558 599 1588 630 6.
1615 607 1649 630 v.

919 641 1186 673 Commendatio.
1212 644 1439 674 Eleinentum.
1461 642 1590 673 *Aeact
1605 643 1649 673 iv,

917 686 968 715 36.
987 687 1082 716 initia
1099 687 1425 725 mathematicorum,
1443 687 1561 726 quibus
1578 695 1645 716 non

916 730 1078 760 concessis
1110 730 1253 769 digitum
1283 731 1436 770 progredi
1467 740 1534 760 non
1572 739 1647 770 pos-

916 777 995 802 sunt
1013 785 1019 802 :
1067 777 1148 803 sunt
1191 774 1361 814 postulata
1398 779 1433 804 et
1468 774 1646 804 axiomata.

914 815 933 833 ’ὗ
946 818 1112 856 mysteria.
1144 818 1225 857 Leg.
1242 818 1277 847 ii.
1299 820 1346 848 14.
1370 816 1454 847 nihil
1469 817 1588 849 melius
1604 816 1644 846 il-

914 858 953 889 lis
978 861 1156 901 mysteriis,
1173 861 1291 900 quibus
1315 871 1355 890 ex
1379 860 1502 899 agresti
1523 861 1643 890 imma-

914 903 1014 942 nique
1031 905 1100 936 vita
1115 904 1238 938 exculti
1254 905 1295 938 ad
1317 904 1564 934 humanitatem
1582 904 1643 934 mi·-

914 947 1078 986 tigatique
1104 958 1239 978 sumus:
1279 949 1434 988 miliaque
1463 951 1503 977 ut
1533 946 1645 987 appel-

911 988 1039 1029 lantur,
1057 993 1105 1021 ita
1120 1002 1233 1022 revera
1251 992 1415 1032 principia
1429 991 1505 1021 vitae
1522 1000 1643 1030 cogno-

914 1034 1033 1064 vimuse.
1064 1046 1093 1064 v.
1112 1036 1318 1075 mysterium.

956 1078 1123 1109 Iuiti'atzcs.
1160 1079 1261 1110 Tusc.
1289 1081 1311 1110 i.
1341 1081 1390 1109 13.
1416 1077 1458 1108 ad
1484 1077 1643 1119 mysteria

911 1121 1086 1152 admissus.

955 1163 1110 1206 ItgjzcngO.
1137 1166 1177 1196 ad
1194 1167 1270 1197 Div.
1285 1166 1328 1196 xi.
1348 1169 1397 1197 13.
1421 1175 1462 1198 ne
1478 1165 1566 1205 quod
1585 1165 1642 1196 de-

908 1209 1108 1239 trimentum
1126 1209 1266 1250 reipubl.
1284 1207 1473 1250 injungant.

953 1251 1098 1294 Injzzria.
1125 1254 1241 1294 Quint.
1258 1256 1310 1285 21.
1338 1257 1459 1294 praetor
1480 1250 1643 1294 injuriam

910 1296 1121 1327 decernebat.

958 1338 1114 1381 Itgjustns,
1140 1340 1238 1370 nimis
1263 1350 1417 1380 magnus,
1433 1340 1552 1379 gravis.
1582 1340 1640 1372 or.

912 1386 960 1413 10.
996 1381 1156 1423 injustum
1183 1394 1266 1414 onus
1298 1385 1479 1424 imponere.
1525 1383 1578 1413 Sic
1605 1388 1642 1414 et

908 1427 1066 1466 Virgilius
1085 1428 1167 1458 dixit
1186 1427 1225 1457 G.
1243 1428 1289 1457 iii.
1305 1431 1380 1462 347.

953 1472 1122 1502 Immzvare.
1164 1471 1227 1501 Pis.
1259 1474 1311 1505 37.
1348 1472 1503 1502 innovare
1532 1480 1566 1501 se
1598 1470 1642 1501 ad

907 1523 1000 1544 suam
1019 1515 1324 1555 intemperantiam.

951 1558 1173 1588 Inobscm'm‘e.
1205 1558 1290 1588 Phil.
1315 1558 1358 1588 ix.
1383 1561 1413 1589 5.
1437 1557 1531 1588 nulla
1554 1559 1642 1589 inob-

906 1603 1051 1632 scurabit
1068 1602 1198 1632 oblivio.

954 1645 1154 1686 Inqffi'eiosus.
1184 1646 1277 1676 Verr.
1302 1646 1322 1675 i.
1349 1647 1402 1676 4⁶2.
1427 1644 1638 1686 inofficiosum

905 1692 1147 1723 testamentum
1164 1701 1172 1727 ;
1192 1700 1255 1728 quo
1271 1689 1583 1729 praetermittuntur
1598 1689 1638 1719 li-

906 1732 988 1769 beri,
1015 1733 1184 1771 conjuges,
1212 1733 1365 1772 proximi,
1393 1732 1512 1772 quibus
1538 1734 1637 1764 officii

907 1777 1009 1805 nostri
1027 1780 1078 1806 est
1094 1776 1276 1812 consulere.

950 1819 1075 1858 Inopia.
1106 1820 1222 1860 Quint.
1240 1822 1292 1854 27.
1317 1829 1393 1860 opp.
1418 1819 1547 1858 gratiae,
1566 1820 1639 1860 opi-

906 1862 977 1893 bus.
1007 1863 1095 1893 unde
1125 1863 1257 1894 Cluent.
1286 1865 1338 1893 ⁶20.
1366 1863 1491 1893 dicitur
1517 1863 1556 1893 de
1584 1874 1637 1901 eo,

906 1907 962 1944 qui
990 1907 1139 1937 desertus
1166 1911 1216 1937 est
1239 1907 1279 1936 ab
1303 1907 1470 1943 omnibus,
1486 1906 1637 1937 defenso-

905 1960 975 1985 rem
993 1960 1059 1980 non
1075 1950 1186 1980 habet.
1217 1951 1236 1969 ⁵*
1248 1951 1344 1980 Brut.
1360 1952 1412 1981 55.
1436 1951 1543 1989 inopia
1565 1961 1638 1982 ora-

902 1994 1017 2031 tionis,
1033 1999 1084 2024 est
1099 1995 1216 2024 vitium
1235 1995 1270 2024 in
1286 1994 1381 2024 tenui
1397 2003 1530 2033 genere.

950 2037 1053 2077 Inops.
1070 2038 1111 2068 ad
1127 2038 1202 2068 Div.
1218 2038 1261 2068 ix.
1278 2039 1325 2068 12.
1343 2047 1442 2068 causa
1453 2038 1550 2079 inops,
1564 2048 1638 2078 quas

905 2090 972 2110 non
989 2082 1107 2121 recipit
1122 2081 1230 2111 multa
1245 2085 1444 2112 ornamenta
1458 2084 1614 2112 oratoria.

949 2124 1113 2155 lum-atus.
1142 2126 1239 2155 Rosc.
1264 2125 1301 2156 A.
1319 2129 1350 2160 9.,
1373 2135 1408 2162 re
1434 2126 1564 2158 inorata
1590 2126 1638 2156 le-

905 2169 974 2207 gati
991 2173 1212 2201 reverterunt.

949 2212 1116 2251 Inprimis,
1144 2222 1220 2242 cum
1243 2212 1366 2252 superi.
1394 2211 1490 2247 verr,
1511 2212 1557 2242 iii.
1581 2214 1635 2247 27.

903 2256 1053 2295 inprimis
1087 2256 1361 2296 improbissimus.
1407 2265 1483 2291 cum
1523 2255 1637 2288 Genit.

904 2298 999 2329 Font.
1020 2302 1068 2330 14.
1091 2300 1244 2339 inprimis
1257 2309 1371 2329 eorum
1389 2298 1580 2330 hominum.

947 2343 1093 2382 Inquiro.
1124 2343 1217 2373 Verr.
1234 2343 1275 2372 ἰν.
1293 2343 1345 2373 65.
1369 2342 1458 2382 quod
1473 2343 1515 2373 ad
1529 2343 1638 2382 inqui-

903 2387 1042 2416 rendum
1073 2387 1108 2416 in
1138 2392 1172 2416 te
1204 2387 1344 2416 venerit.
1389 2395 1418 2417 v.
1447 2387 1635 2426 inquisitor.

903 2428 1033 2459 *Tuscu
1063 2430 1109 2460 iii.
1143 2432 1174 2462 2.
1208 2439 1309 2469 quam
1337 2434 1459 2466 natura
1487 2430 1633 2461 maxime

902 2474 1052 2513 inquirit,
1069 2473 1090 2503 i.
1107 2483 1135 2504 c.
1155 2472 1332 2506 desiderat.

947 2517 1125 2556 Inquisitio,
1156 2516 1245 2547 Mur.
1261 2519 1313 2548 21.
1337 2517 1497 2556 inquisitio
1521 2517 1636 2552 candi-

902 2559 985 2596 dati,
1002 2560 1196 2599 praenuncia
1211 2559 1351 2600 repulsae
1365 2572 1371 2589 :
1393 2565 1445 2591 est
1461 2559 1634 2595 meditatio

902 2608 937 2633 et
953 2604 1159 2643 comparatio
1175 2603 1411 2640 accusationis.

946 2646 1132 2686 Inquisitor.
1163 2647 1237 2677 Act.
1255 2647 1276 2676 i.
1299 2646 1392 2677 Verr.
1410 2648 1441 2677 ⁶2.
1463 2647 1636 2687 inquisitor

902 2689 1077 2721 Achaicus.
1124 2690 1178 2721 Ita
1203 2690 1328 2720 dicitur
1347 2694 1532 2728 accusator,
1553 2701 1633 2722 cum

900 2733 1046 2772 tabulas,
1063 2733 1189 2771 literas,
1209 2737 1311 2763 testes
1334 2734 1515 2772 conquirit,
1531 2734 1635 2774 inpri-

901 2777 964 2807 mis
981 2778 1015 2807 in
1035 2787 1137 2807 causa
1158 2776 1421 2816 repetundarum
1444 2777 1479 2807 in
1493 2778 1634 2817 provin-

900 2821 963 2857 cia,
981 2821 1099 2860 quibus
1115 2821 1149 2850 in
1167 2821 1378 2850 accusatione
1394 2825 1521 2850 utatur.

944 2864 1068 2904 Inquit.
1099 2873 1159 2904 pro
1174 2862 1323 2894 secunda
1344 2873 1496 2903 persona.
1523 2863 1594 2894 Fin.
1610 2863 1632 2894 i.

898 2908 928 2940 2.
954 2907 1179 2951 SynephebOS,
1195 2908 1313 2949 inquit,
1329 2917 1391 2948 ego
1415 2906 1635 2949 potius—le-
