1804 3178
629 129 775 158 mnnx
799 131 931 160 LATIN
938 132 1093 163 rmus.

105 218 253 251 ditionem
278 217 318 250 de
341 228 381 250 ea
405 228 440 250 re
459 217 584 258 accepi.
608 218 731 248 ⁸Verr-
749 219 770 249 i.
787 220 840 250 ⁴6.

104 264 269 294 auditione
284 268 438 304 expetere
459 262 559 302 coepit
575 261 748 298 feminam,
767 263 788 292 i.
809 273 838 292 e.

107 317 184 337 cum
210 312 345 337 tantum
375 305 534 343 audisset,
560 315 635 335 eam
662 305 840 335 formosam

111 360 193 381 esse.
218 360 247 380 v.
264 350 356 381 Verr.
372 350 413 379 iv.
430 349 483 379 46.

151 394 303 425 Auditor.
335 393 434 424 Dom.
466 394 519 423 24.
554 390 610 421 ille
642 401 682 421 nc
712 391 843 421 auditor

108 438 244 476 quidem
274 446 342 467 suae
374 436 502 476 gloriu‘,
533 445 594 474 ego
628 435 729 465 etiam
769 445 842 475 spe-

109 487 218 511 ctator
234 490 316 510 meae.
333 479 438 510 laudis
455 488 524 508 esse
541 479 733 519 potuissem.

152 525 275 555 Accua.
295 522 396 553 Tusc.
414 524 455 553 iv.
476 525 525 552 11.
550 523 723 561 {egrotatio
746 523 843 553 avelli

111 576 180 597 uon
198 571 320 608 potest.

151 611 313 642 Auen-rere
325 609 502 649 pecuniam
520 619 538 638 a
554 609 660 639 sociis.
685 609 778 639 Verr.
797 609 842 639 iii.

110 656 163 688 75.
180 654 234 688 96.
257 654 394 694 eripere.
418 652 480 682 Sed
499 652 598 683 lectio
614 653 715 682 dubia
731 657 792 683 est.

151 697 300 728 Aversor.
321 696 412 726 Verr.
430 706 459 726 v.
477 699 528 727 53.
549 706 680 726 aversm·
695 697 844 736 pecuniae

110 740 267 782 publicae.

151 784 303 815 Auerna.
326 782 384 814 Or.
402 783 434 813 ii.
452 784 504 814 63.
528 782 682 812 adversus
699 787 734 812 et
752 792 846 812 arer-

107 837 164 858 em·
179 827 369 868 impudicus
387 837 432 857 es.
455 827 556 857 Tusc.
574 826 616 855 iv.
645 828 692 855 15.
716 836 847 857 aversus

110 881 131 902 a
145 872 285 902 ratione.
303 880 493 911 repugnans
512 869 643 899 rationi.

156 916 319 946 Avertere.
344 914 460 951 furari,
484 913 518 942 in
547 922 616 943 rem
647 922 741 942 suam
769 922 846 942 con·

110 966 250 989 vertere.
288 957 381 988 Verr.
409 957 455 986 iii.
486 960 535 990 19.
573 961 720 986 avertere
746 966 846 996 pecu-

112 1003 202 1032 niam
219 1001 368 1032 domum.
395 1000 481 1030 conf.
502 1001 523 1030 i.
539 1002 570 1030 4.
595 1000 628 1029 ii.
654 1003 705 1030 58.
731 1000 777 1030 iii.
794 1000 846 1034 69.

110 1046 210 1076 ‘Am
239 1045 303 1075 xvi.
327 1047 359 1078 7.
391 1045 447 1083 qui
471 1054 523 1073 nie
546 1053 566 1073 a
590 1047 684 1073 tanta
711 1043 848 1073 infamia

109 1090 243 1120 avertit.
266 1089 288 1118 i.
310 1097 340 1118 e.
357 1087 537 1128 prohibuit.
561 1086 631 1116 *ad
648 1087 725 1116 Div.
744 1087 799 1116 xii.
816 1087 846 1117 6.

110 1130 211 1163 oi'neu
238 1135 393 1163 aum-tant
419 1131 487 1161 Dii.
510 1129 667 1168 formula,
685 1140 750 1169 qua
774 1137 847 1160 ute-

109 1176 245 1214 bantur,
262 1185 340 1205 cum
365 1174 489 1214 aliquid
513 1173 697 1210 accidisset,
717 1177 776 1203 aut
799 1173 847 1203 di-

110 1225 205 1250 ctum
236 1223 337 1256 esset,
369 1218 457 1258 quod
488 1217 565 1247 mali
597 1218 718 1247 ominis
750 1221 847 1247 esset.

109 1263 253 1304 Quare?
293 1272 322 1292 v.
353 1272 405 1302 ap.
438 1262 578 1291 Casaub.
609 1261 650 1291 ad
679 1259 847 1300 Theophr.

110 1307 185 1350 mel
197 1304 344 1345 Συνιδιομ.
361 1315 392 1345 p.
409 1315 454 1335 m.
471 1306 545 1335 21⁶2.

154 1349 312 1390 Auferre.
340 1349 501 1389 accipere.
525 1348 622 1378 Rosc.
649 1349 679 1378 4.
704 1348 760 1386 qui
788 1357 848 1377 un-

111 1404 212 1434 quam
228 1393 270 1424 ad
285 1393 460 1429 arbitrum,
471 1395 634 1431 quantun]
651 1391 762 1430 petiit,
775 1396 849 1421 tan-

110 1441 184 1468 tum
210 1437 357 1467 abstulit.
391 1436 540 1476 ‘Quum
568 1438 597 1465 5.
631 1444 752 1474 paucos
779 1435 848 1465 dies

110 1479 226 1521 auffert
249 1490 269 1510 a
288 1479 449 1520 Scapulis.
466 1480 487 1509 i.
505 1489 532 1508 e.
551 1479 709 1518 impetrat
727 1488 849 1518 pauco-

112 1535 187 1555 rum
204 1524 334 1554 dierum
350 1523 556 1553 dilationem.
572 1532 601 1552 v.
626 1521 789 1552 Passerat.
808 1521 850 1551 ad

111 1567 145 1599 h.
160 1567 181 1598 l.
196 1571 230 1598 et
241 1567 349 1597 Graev.
365 1566 408 1596 ad
422 1566 463 1596 vi.
478 1565 519 1595 ad
528 1566 603 1596 Div.
619 1567 668 1596 12.
686 1567 705 1586 ³
717 1565 758 1595 ad
773 1565 849 1597 Div.

111 1612 147 1642 ii.
171 1614 203 1646 7.
227 1620 270 1641 ne
292 1614 326 1641 te
350 1609 511 1649 auferant
534 1609 675 1639 aliorum
700 1609 848 1640 consilia.

112 1655 156 1686 ad
178 1654 254 1686 Div.
278 1654 346 1684 viii.
373 1657 422 1688 17.
448 1654 533 1683 bona
556 1662 651 1683 mens
677 1653 851 1683 iracundia

111 1704 148 1729 et
167 1708 280 1729 amore
303 1698 424 1728 ablata.
451 1707 497 1728 sc.
523 1696 654 1736 auferri
677 1695 848 1734 dicuntur,

112 1743 170 1783 qui
202 1741 375 1773 affectibus
406 1745 466 1772 aut
494 1749 693 1780 quacunque
723 1740 850 1770 ratione

111 1786 292 1817 transversi
324 1786 513 1825 rapiuntur,
546 1793 653 1823 neque
685 1783 849 1813 rationem

112 1829 268 1867 andiunt,
285 1832 385 1869 atque
402 1829 450 1859 ita
466 1827 551 1858 male
569 1831 686 1867 agunt.
704 1836 735 1857 v.
747 1826 849 1857 Gron.

113 1873 157 1904 ad
172 1873 243 1904 Liv.
261 1882 355 1903 xxxv.
378 1874 425 1903 12.
450 1871 629 1903 Dukerum
652 1870 694 1900 ad
715 1870 799 1901 Flor.
816 1871 849 1901 ii.

113 1917 145 1948 6.
170 1917 286 1948 Burm.
303 1915 344 1946 ad
359 1915 457 1946 Ovid.
474 1914 555 1946 Her.
573 1915 604 1945 6.
623 1917 676 1945 31.

156 1961 280 2000 Augeo.
304 1960 400 1990 Offic.
418 1960 452 1990 ii.
468 1959 499 1989 6.
522 1968 646 1997 augere
669 1957 850 1989 hominem.

115 2005 136 2035 i.
168 2014 198 2034 e.
240 2004 311 2043 ejus
342 2002 525 2034 commodis
558 2001 727 2032 inservire.
766 2002 785 2020 *Ρ
800 2008 852 2032 est

113 2048 216 2078 etiam
241 2047 394 2084 oratoris,
418 2055 495 2076 cum
521 2045 715 2085 amplificat.
746 2045 804 2075 Or.
830 2046 850 2076 i.

114 2093 168 2123 21.
193 2101 223 2121 v.
241 2089 470 2131 amplificatio.
493 2089 589 2119 *offi
616 2089 650 2118 ii.
666 2090 719 2119 20.
743 2098 851 2128 neque

113 2135 222 2165 verbis
237 2138 338 2174 magei
355 2142 478 2164 munus
494 2142 605 2163 suum.

157 2179 291 2218 Augur.
316 2177 478 2217 interpres
494 2176 602 2206 omnis
618 2176 850 2214 auguriorum.

115 2221 157 2253 ad
173 2222 250 2253 Div.
268 2221 310 2252 vi.
326 2221 357 2252 6.
382 2230 483 2260 quare
497 2229 587 2257 cum,
603 2222 643 2249 ut
657 2228 803 2257 augures
819 2222 854 2249 et

116 2265 274 2305 astrologi
286 2264 395 2296 solent
407 2265 466 2294 &c.
490 2263 509 2282 ¹*
518 2261 733 2292 Sacerdotum
747 2271 852 2301 genus

116 2308 245 2347 Romae,
276 2309 331 2339 cui
366 2307 600 2347 interpretatio
634 2307 853 2344 auguriorum

115 2356 190 2383 erat
218 2352 350 2393 publice
381 2351 551 2381 mandata.
582 2349 623 2380 ad
649 2349 725 2379 Div.
755 2350 795 2379 vi.
821 2350 852 2379 6.

116 2405 179 2436 ego
195 2406 309 2435 augur
323 2395 488 2435 publicus.
504 2393 582 2424 ibid.
599 2393 645 2423 iii.
670 2394 719 2423 10.
742 2402 853 2431 aug-u-

116 2449 188 2470 rem
214 2439 295 2470 olim
318 2438 434 2470 Romae
457 2437 604 2478 cooptari
629 2445 694 2466 non
719 2435 853 2473 licebat,

118 2483 178 2514 διε.
195 2483 260 2514 vid.
278 2482 432 2523 inprimis
448 2480 530 2520 Leg.
547 2481 580 2511 ii.
598 2482 628 2510 8.

160 2527 356 2566 Auguralis.
390 2525 484 2556 Brut.
511 2528 564 2558 77.
596 2523 650 2563 jus
675 2524 852 2561 augurale.

118 2569 161 2600 ad
176 2570 253 2602 Div.
269 2570 317 2600 iii.
337 2572 385 2600 ll.
409 2568 484 2599 libri
507 2568 700 2607 augurales,
718 2566 739 2596 i.
759 2576 788 2596 e.
813 2566 854 2596 de

111 2612 190 2652 jure
217 2614 391 2653 augurali,
408 2621 490 2652 quos
516 2611 642 2651 Appius
667 2610 853 2649 scripserat.

119 2657 232 2688 Divin.
244 2657 266 2688 i.
279 2659 332 2688 33.
347 2657 530 2695 augurales
541 2655 614 2685 libri
627 2653 854 2684 Etruscorum.

121 2700 164 2731 ad
180 2700 256 2731 Div.
270 2700 326 2731 vii.
343 2700 395 2732 26.
418 2699 597 2738 auguralis
615 2706 728 2727 coena:
754 2706 854 2735 quam

119 2743 245 2774 dabant
260 2744 334 2774 novi
351 2752 508 2782 augures.
526 2741 620 2772 Varr.
637 2740 676 2771 R.
697 2740 736 2771 R.
756 2740 803 2770 iii.
824 2741 855 2770 6.

161 2787 354 2826 Aug-arare,
363 2786 504 2826 augurio
521 2784 691 2825 explorare
703 2783 856 2814 volunta-

119 2834 190 2860 tem
203 2830 364 2861 Deorum.
379 2829 484 2869 Legg.
494 2829 528 2859 ii.
541 2831 572 2860 8.
592 2828 736 2859 salutem
747 2836 857 2866 augu-

120 2878 211 2904 rant.

160 2917 364 2958 Auem-acio,
376 2916 578 2958 auspicium,
589 2914 762 2946 divinatio.
778 2912 856 2945 Div.

1528 129 1608 167 203

885 219 918 249 ii.
942 222 994 250 30.
1017 230 1090 260 quu-
1113 222 1249 253 taudcm
1276 223 1339 254 ista
1360 228 1536 262 auguratio
1557 232 1609 259 est

883 273 921 293 ex
940 265 1134 303 passeribus.

927 307 1134 345 Augurum-5,
1159 318 1190 344 a,
1212 318 1285 345 um,
1310 315 1541 348 consecratus:;
1566 312 1606 341 de

884 349 978 387 locis,
993 360 1065 389 quae
1084 352 1202 380 ceteris
1220 353 1406 382 cvriusoniis
1419 363 1612 384 consecran-

884 399 953 430 tur,
976 394 1159 433 cujusmodi
1187 394 1257 424 loca
1279 396 1391 425 omnia
1414 395 1538 436 templa
1561 407 1614 426 vo-

885 443 1016 468 cantur.
1042 448 1071 468 v.
1094 437 1269 477 templum.
1293 438 1404 468 Vatin.
1432 442 1479 469 10.
1504 440 1536 469 in
1559 440 1615 471 illo

885 485 1051 519 augurato
1073 481 1201 521 templo
1224 491 1262 511 ac
1287 481 1369 511 loco.
1395 482 1415 511 i.
1439 492 1467 511 e.
1493 492 1550 522 pro
1567 493 1616 513 ro·

886 526 975 554 stris.

929 568 1139 606 Aug-aratus,
1174 567 1394 597 sacerdotium
1432 578 1614 606 augurum.

886 611 998 641 Vatin.
1013 615 1044 645 9.
1069 622 1108 641 ne
1127 612 1253 641 diutius
1275 611 1391 650 loquar
1413 611 1452 640 de
1472 622 1619 650 augura-

887 659 922 684 tu
940 659 1008 684 tuo.
1033 656 1108 685 Div.
1129 656 1149 685 i.
1172 658 1220 689 17.
1247 654 1348 684 lituus
1366 655 1494 693 insigne
1511 665 1619 694 augu-

887 703 989 728 ratus.
1007 699 1025 715 ⁸*
1036 699 1175 728 scientia
1190 708 1372 738 augurum.
1389 697 1467 728 ibid.
1481 699 1620 729 scientia

889 747 1086 779 auguratus.

932 786 1133 824 Augurium.
1180 785 1250 825 ipsa
1290 785 1377 815 actio
1415 785 1620 825 auspicandi.

889 828 990 858 hinc:
1029 830 1210 868 augurium
1250 838 1359 868 agere,
1397 838 1527 868 capere.
1561 829 1621 859 δίο.

888 873 964 903 Div.
993 873 1014 902 i.
1045 876 1091 906 17.
1121 873 1215 902 onie.
1243 873 1288 902 iii.
1320 872 1368 901 16.
1399 872 1457 902 διε.
1499 872 1574 902 Div.
1599 873 1620 903 i.

887 919 941 949 47.
971 916 1086 946 salutis
1112 917 1293 954 augurium
1324 914 1469 955 (οἶάηιμι
1496 914 1618 954 n'eyau'oee)

889 960 954 990 Dio
986 959 1118 989 Cassius
1158 959 1179 989 l.
1213 959 1331 989 xxxvii.
1364 968 1395 998 p.
1427 962 1479 989 40.
1518 959 1625 999 expli-

890 1009 943 1032 cat
968 1003 1047 1041 quid
1071 1004 1132 1033 sit:
1167 1003 1251 1032 τοῦτο
1273 1000 1299 1032 δὶ
1322 1000 1463 1041 μαντείας
1489 1015 1532 1036 τις
1559 1003 1622 1044 τρί-

891 1058 943 1079 τος
967 1046 1008 1077 ic>
1030 1045 1113 1079 vlf:-
1137 1046 1200 1076 τινὰ
1229 1045 1317 1084 ἵχων,
1342 1045 1366 1074 u'
1390 1045 1532 1087 imi-eima
1556 1045 1623 1085 σφί-

891 1102 931 1119 σιν
945 1089 957 1118 0⁸
974 1089 1044 1122 Θεὸς
1060 1089 1179 1128 ὑγιείαν,
1195 1091 1236 1126 τῷ
1259 1086 1337 1128 δήμῳ
1359 1089 1489 1124 αἶα-ἧσαι,
1506 1089 1541 1121 ὦς
1565 1089 1623 1129 οὐχ

891 1131 972 1167 gmon,
989 1131 1053 1161 οῧτι
1076 1132 1188 1164 αἴτησιν
1209 1132 1318 1166 αὐτοῖς,
1333 1132 1403 1174 πρὶν
1424 1132 1623 1174 συγχωρηθῆ-

892 1187 943 1210 vae,
959 1174 1107 1214 γενέσθαι,
1126 1180 1184 1205 (xc.
1210 1177 1251 1205 cf.
1269 1174 1410 1214 Interpr.
1428 1177 1468 1204 ad
1482 1179 1620 1206 Sueten.

889 1218 1031 1257 August.
1059 1223 1110 1249 31.
1138 1218 1227 1257 Lips.
1254 1218 1295 1247 ad
1320 1217 1401 1248 Tac.
1426 1218 1463 1247 Α.
1488 1219 1542 1248 xii.
1567 1220 1619 1249 29.

890 1261 1080 1300 Augurium
1104 1272 1221 1302 capere
1246 1262 1348 1291 etiam
1366 1261 1405 1290 de
1421 1262 1555 1300 privatis
1572 1262 1623 1291 di-

891 1306 933 1342 ci,
951 1311 985 1335 et
1000 1307 1182 1344 augurium
1199 1306 1299 1335 etiam
1325 1314 1384 1344 pro
1407 1306 1518 1335 omine
1541 1315 1623 1344 quo-

891 1358 1035 1387 cunque,
1052 1354 1152 1388 atque
1172 1348 1253 1379 adeo
1271 1347 1406 1378 oraculo
1429 1347 1507 1385 dici,
1525 1348 1641 1382 docet,

892 1392 962 1422 Cel.
979 1392 1138 1422 Burman.
1156 1393 1196 1422 ad
1212 1393 1349 1422 Sueton.
1367 1392 1451 1430 Aug.
1465 1395 1517 1426 95.
1541 1392 1559 1410 *
1572 1393 1623 1422 in-

890 1437 1088 1475 terpretatio
1110 1436 1344 1475 auspiciorum,
1362 1440 1396 1465 et
1417 1435 1521 1465 futuri
1546 1435 1622 1465 inde

892 1479 1075 1519 praedictio.
1101 1480 1138 1510 ad
1153 1480 1227 1510 Div.
1242 1480 1283 1510 vi.
1296 1479 1326 1509 6.
1352 1478 1519 1509 Constitui
1534 1478 1623 1519 apud

890 1527 925 1552 te
950 1524 1187 1553 auctoritatem
1211 1523 1346 1562 augurii
1360 1527 1394 1552 et
1411 1522 1624 1552 divinationis

892 1576 986 1597 meae.
1004 1568 1062 1596 διο.
1087 1566 1199 1596 *Cato
1215 1570 1245 1598 4.
1269 1566 1410 1596 scientia
1419 1566 1505 1603 juris
1516 1575 1624 1605 augu-

891 1611 944 1641 rii.
962 1610 1004 1640 cf.
1023 1610 1064 1640 ad
1080 1610 1156 1641 Div.
1169 1610 1213 1640 iii.
1226 1615 1256 1644 9.
1281 1609 1320 1639 de
1333 1609 1451 1648 quibus
1464 1608 1543 1639 locis
1556 1609 1624 1639 vid.

891 1654 1036 1684 Gronov.
1053 1653 1094 1684 ad
1111 1653 1195 1684 Gell.
1212 1655 1233 1684 i.
1252 1653 1344 1693 praef.

935 1698 1120 1728 Ariarium.
1142 1698 1208 1738 Qu.
1226 1697 1275 1727 Fr.
1294 1697 1339 1726 iii.
1359 1699 1385 1726 1.
1402 1699 1430 1726 1.
1447 1695 1550 1733 locus,
1566 1695 1624 1726 ubi

893 1751 966 1771 aves
983 1741 1133 1779 aluntur,
1149 1741 1201 1771 vel
1218 1740 1422 1770 necessitatis
1443 1742 1476 1769 et
1497 1739 1626 1769 utilita-

891 1785 948 1821 tis,
972 1784 1023 1814 vel
1049 1784 1228 1824 voluptatis
1254 1787 1288 1814 et
1314 1783 1487 1814 suavitatis
1514 1792 1624 1813 causa.

893 1828 941 1858 Ex
966 1829 1137 1868 posteriori
1162 1837 1281 1867 genere
1305 1827 1369 1858 fuit
1389 1827 1567 1863 aviarium,
1584 1825 1625 1856 de

892 1881 958 1910 quo
984 1882 1092 1902 sermo
1118 1881 1171 1911 ap.
1197 1871 1402 1901 Ciceronem.
1425 1869 1464 1899 de
1489 1870 1628 1900 aviariis

893 1914 957 1945 vid.
973 1914 1068 1946 Varr.
1084 1915 1123 1946 R.
1137 1915 1177 1945 R.
1195 1915 1242 1944 iii.
1260 1917 1289 1945 3.
1308 1919 1342 1944 et
1355 1916 1386 1944 4.

935 1959 1023 1988 Avis.
1049 1958 1089 1988 ad
1113 1959 1190 1988 Div.
1216 1958 1270 1987 vii.
1287 1960 1338 1989 28.
1362 1956 1454 1996 quasi
1468 1965 1561 1986 avem
1578 1955 1625 1986 al-

892 2002 968 2032 bam
1000 2002 1155 2032 videntur
1181 2001 1264 2032 bene
1290 2001 1490 2031 sentientem
1519 2000 1625 2030 civem

893 2045 1021 2075 videre:
1047 2045 1295 2086 proverbialiter
1320 2043 1359 2074 de
1383 2053 1417 2073 re
1442 2052 1525 2073 rara.
1549 2042 1625 2074 Div.

893 2090 915 2119 i.
937 2090 984 2119 16.
1010 2098 1123 2119 aversa
1137 2090 1202 2118 αυί.
1220 2089 1240 2118 i.
1257 2098 1287 2118 e.
1303 2090 1417 2117 contra
1436 2086 1596 2126 auspicia.

936 2132 1098 2163 Auloeum.
1127 2131 1237 2162 velum
1264 2131 1407 2171 pictum,
1435 2129 1529 2167 cujus
1558 2138 1623 2160 nou

893 2175 1001 2206 solum
1034 2177 1068 2206 in
1100 2175 1224 2205 aedibus
1258 2174 1402 2215 (Cottius
1434 2172 1475 2202 ad
1504 2172 1625 2212 fragm.

893 2219 970 2249 hist.
999 2229 1031 2259 p.
1061 2217 1149 2256 960.)
1182 2217 1374 2258 porticibus,
1402 2216 1564 2258 (Propert.
1591 2215 1628 2247 ii.

895 2264 947 2294 23.
977 2261 1044 2300 46.)
1083 2272 1160 2292 usus
1190 2261 1248 2291 sed
1278 2261 1379 2290 etiam
1410 2261 1444 2290 in
1473 2258 1626 2290 theatris.

895 2306 974 2336 Coel.
1005 2307 1056 2340 27.
1094 2305 1212 2335 deinde
1245 2303 1381 2334 scabilla
1410 2305 1626 2342 concrepant,

894 2351 1037 2379 aulaeum
1075 2348 1214 2378 tollitur.
1251 2347 1291 2377 de
1321 2347 1360 2377 iis
1391 2350 1451 2382 est¹
1476 2347 1627 2386 inprimis

896 2393 1034 2432 insignis
1050 2392 1141 2422 locus
1155 2390 1250 2421 Ovid.
1268 2390 1350 2421 Met.
1368 2390 1415 2421 iii.
1434 2392 1504 2420 111.
1521 2399 1571 2429 sq.
1582 2389 1626 2421 cf.

901 2435 1001 2466 Lucr.
1016 2436 1056 2466 iv,
1071 2438 1123 2469 73.
1147 2445 1194 2474 sq.

939 2480 1103 2510 Auloedus.
1129 2478 1259 2508 Muren.
1280 2480 1328 2508 13.
1354 2474 1402 2506 Ut
1418 2475 1514 2506 aiunt
1529 2476 1563 2506 in
1579 2485 1630 2506 ar-

895 2523 1041 2553 tificibus
1064 2521 1200 2558 Graecis,
1227 2530 1281 2550 eos
1305 2519 1444 2550 autoedos
1466 2529 1550 2557 esse,
1572 2520 1629 2559 qui

896 2566 1066 2596 citharoedi
1084 2565 1154 2595 fieri
1173 2573 1238 2594 non
1254 2563 1435 2603 potuerint.

939 2611 1045 2640 Aura.
1069 2609 1110 2639 ab
1126 2613 1227 2638 vento
1243 2606 1361 2637 leniori
1375 2605 1566 2636 traducitur
1587 2605 1629 2636 ad

897 2662 1130 2692 quameunque
1155 2661 1237 2688 rem,
1255 2660 1328 2690 quae
1354 2659 1412 2679 nos
1428 2648 1538 2688 aliquo
1554 2658 1628 2688 pro-

897 2695 1005 2737 pellit,
1018 2705 1063 2726 sc.
1082 2700 1119 2725 ut
1135 2704 1273 2735 agamus
1289 2692 1427 2732 aliquid,
1441 2696 1500 2722 aut
1515 2701 1628 2722 conse-

898 2749 1060 2778 quamur3
1086 2747 1167 2775 non,
1191 2736 1280 2777 quod
1302 2737 1402 2776 vulgo
1424 2735 1632 2772 existimant,

898 2782 939 2812 ad
956 2782 1102 2812 favorem
1118 2786 1252 2812 tantum
1270 2780 1375 2811 levem
1392 2778 1518 2819 populi.
1543 2778 1629 2808 Nam

899 2826 969 2866 ipse
992 2825 1084 2856 savor
1110 2824 1165 2855 ille
1188 2835 1276 2855 aura
1300 2827 1475 2864 propterea
1496 2820 1632 2858 dicitur,

900 2870 980 2908 quia
996 2869 1148 2899 homines
1164 2868 1205 2899 ad
1222 2878 1276 2898 eas
1294 2876 1342 2897 res
1360 2865 1504 2905 agendas
1516 2863 1632 2904 impel-

902 2912 955 2952 lit,
972 2922 1054 2954 quas
1070 2921 1167 2953 agere
1183 2921 1250 2944 non
1266 2908 1497 2947 conveniebat,
1512 2912 1572 2938 aut
1591 2915 1633 2938 no
