1804 3178
655 119 802 149 mnu-x
832 119 1127 151 LA‘rmirAns.

175 205 211 247 7)
245 205 310 239 fide
340 207 471 248 dignus.
502 206 583 247 Leg.
615 207 649 237 ii.
677 208 707 238 6.
743 212 859 238 auctor

128 250 222 283 haud
236 252 381 284 deterior
394 249 643 291 Theophrastus
656 249 795 281 Timaeo.

173 295 207 333 8)
241 297 348 326 testis.
380 294 485 325 Flaee.
523 297 571 328 17.
605 295 712 337 gravis
743 299 858 325 auctor

130 339 261 378 injuria!
278 339 429 380 publicae.

173 383 207 421 9)
240 383 296 423 qui
326 382 466 420 alicujus
489 381 626 420 injurias
648 381 798 412 defendit
821 387 855 412 et

129 426 317 457 accusando
327 425 495 463 vindieat3
520 425 598 464 quia
613 435 659 455 sc.
676 430 725 455 est
741 430 856 456 auctor

122 469 294 508 judicibus
317 470 363 500 rei
386 468 558 509 puniendi.
587 467 692 499 Flaee.
715 471 768 500 22.
793 479 855 499 au-

128 517 248 543 ctorem
275 511 487 552 querelarum
516 518 552 542 et
575 511 695 542 doloris
718 513 769 543 sui
797 513 854 543 ha-

130 555 222 587 bent.
239 557 339 587 item:

176 599 227 637 10)
253 599 407 630 defensor
422 599 625 638 quicunque,
642 600 697 639 qui
714 599 852 640 alicujus

127 651 198 673 rem
209 652 410 682 causamque
425 643 521 682 gerit.
546 643 650 673 Flaee.
670 647 718 674 15.
740 649 854 674 auctor

126 695 196 716 suae
218 686 374 716 civitatis.
397 686 540 717 Gronov.
563 686 604 717 de
623 687 697 717 Pec.
715 688 789 718 Vct.
811 688 852 718 iv.

127 732 158 761 3.
187 739 219 770 p.
244 732 318 765 374.
350 730 404 760 Sic
428 730 517 760 Sext.
548 731 602 761 66.
634 731 851 770 optimatium

126 772 315 804 defensores
341 779 376 804 et
402 774 567 814 principes
595 774 766 812 «licuntur,
792 785 851 805 au-

124 821 224 848 ctores
234 825 269 848 et
280 824 527 848 conservatores
539 817 695 848 civitatis.
713 818 734 848 i.
750 828 777 848 e.
796 818 851 848 de-

125 860 284 891 fensores.
307 859 419 891 Plane.
445 863 494 891 13.
517 866 630 891 auctor
652 861 851 892 societatum

126 904 312 935 multarum
341 904 443 934 fuisse
467 903 602 941 dicitur,
625 905 682 944 qui
706 905 852 945 publica-

127 956 248 978 norum
271 947 425 978 defensor
445 947 524 984 fuit,
542 947 714 987 multaque
738 959 796 988 pro
813 950 851 980 iis

125 992 228 1030 gessit
243 1001 321 1022 eum
339 990 414 1021 fide.
431 990 472 1021 es.
487 990 621 1022 Cluent.
639 994 690 1022 24.
714 992 805 1023 Verr.
822 1003 850 1023 v.

126 1034 179 1068 67.
201 1034 332 1074 judiees
363 1034 524 1065 dicuntur
555 1040 699 1066 auctores
724 1035 850 1076 legum,

117 1078 323 1116 judiciorum
339 1082 374 1108 et
383 1078 480 1117 juris.

172 1120 223 1161 11)
240 1126 293 1152 est
307 1122 473 1159 venditor,
487 1122 541 1161 qui
554 1131 652 1152 suum
666 1132 735 1153 esse
751 1133 851 1163 spon-

123 1164 196 1203 det,
219 1165 309 1205 quod
331 1165 460 1203 vendit,
477 1171 511 1196 et
534 1165 605 1203 ejus
630 1166 792 1196 vendendi
817 1177 850 1197 se

123 1214 326 1249 potestatem
357 1209 498 1240 habere:
531 1209 691 1249 adeoque,
720 1211 850 1240 actione

122 1257 262 1283 tenetur
283 1252 324 1283 de
347 1253 525 1290 evictione,
550 1252 636 1283 unde
659 1255 850 1292 auctoritas,

124 1295 190 1326 vid.
213 1297 418 1330 Auctoritas,-
444 1302 502 1327 aut
526 1296 712 1336 periculum
730 1297 851 1335 judieii

125 1345 277 1380 praestat‚
305 1345 344 1370 ut
372 1341 407 1370 in
437 1341 613 1380 mancipio.
645 1340 768 1370 Caecin.
803 1344 850 1371 10.

121 1388 239 1414 auctor
247 1383 354 1419 fundi.
363 1383 406 1414 ef.
415 1383 558 1414 Gronov.
571 1383 613 1414 ad
625 1383 738 1414 Senec.
750 1384 849 1416 Cons.

124 1426 167 1457 ad
179 1426 284 1458 Mare.
302 1430 351 1458 10.
374 1427 464 1458 Hine
477 1427 616 1458 ductum
630 1437 699 1457 esse
711 1428 793 1458 illud
806 1429 851 1459 vi-

123 1470 224 1501 detur
238 1470 371 1502 Muren.
383 1471 414 1501 2.
437 1470 535 1511 Quod
547 1471 574 1500 si
590 1471 624 1500 in
642 1472 680 1501 iis
693 1472 789 1502 rebus
802 1482 852 1502 re-

123 1514 850 1555 petendisquaemancipiisunt,isperieulu1n

116 1557 239 1597 judicii
255 1562 413 1598 praestare
430 1557 541 1596 debet,
553 1558 609 1597 qui
623 1568 656 1588 se
671 1568 757 1589 nexu
770 1559 852 1590 obli-

124 1601 228 1641 gavit,
246 1601 396 1642 profecto
411 1602 514 1632 etiam
532 1602 655 1632 rectius
671 1602 706 1632 in
724 1602 851 1642 judicio

124 1644 271 1676 consulis
282 1644 448 1686 designati
462 1645 488 1675 is
499 1645 710 1685 potissimum
722 1646 850 1684 consul,

123 1689 181 1728 qui
204 1688 377 1719 consulem
400 1688 594 1727 declaravit,
617 1694 731 1720 auctor
754 1690 852 1720 bene·

123 1732 191 1762 ficii
217 1731 331 1773 populi
354 1732 450 1764 Rom.
471 1742 541 1763 esse
556 1732 666 1763 debet.
692 1733 851 1764 Ceterum

125 1775 279 1806 venditor
294 1781 346 1806 est
361 1781 475 1807 auctor
491 1777 640 1816 primus;
665 1777 721 1816 qui
736 1783 850 1808 autem

123 1819 268 1860 spondet
305 1829 364 1860 pro
395 1829 447 1857 eo,
472 1830 543 1850 rem
570 1829 640 1850 esse
664 1821 749 1858 ejus,
773 1831 851 1851 ven-

124 1862 291 1902 dendique
315 1869 516 1904 potestatem
541 1873 618 1894 eum
642 1863 776 1900 habere,
792 1875 851 1895 au-

123 1910 193 1937 ctor
208 1906 384 1938 secundus.
401 1917 430 1936 v.
447 1907 586 1938 Salmas.
604 1907 692 1937 mod.
705 1908 803 1939 Usur.
818 1918 850 1948 p.

124 1951 201 1984 728.
234 1953 309 1984 733.
343 1951 418 1984 694.
455 1951 550 1981 Verr.
576 1961 605 1980 v.
633 1952 686 1982 22.
719 1952 806 1991 quod
833 1962 853 1982 a

126 1992 215 2023 malo
237 1998 369 2024 auctore
383 1995 557 2032 emissent,
574 1994 699 2025 diutius
716 2005 750 2025 se
766 1996 851 2025 obti-

126 2046 206 2066 nere
233 2045 300 2067 non
323 2047 437 2078 posse:
463 2038 518 2077 qui
543 2038 743 2068 evictionem
770 2049 852 2079 prae-

124 2086 214 2111 stare
230 2089 298 2110 non
315 2086 436 2122 posset.
480 2081 531 2111 Ab
553 2080 616 2111 hoc
633 2082 731 2119 verbo
747 2084 853 2113 auctio

123 2123 257 2154 videtur
281 2124 480 2155 venditionis
505 2125 570 2154 vim
596 2125 758 2165 accipere,
785 2136 852 2156 non

125 2167 166 2197 ab
182 2167 335 2207 augendo
350 2170 457 2209 pretio
469 2169 504 2198 in
516 2167 687 2206 licitando,
700 2175 739 2200 ut
754 2169 852 2209 vulgo

119 2214 294 2243 statuunt.

173 2254 225 2293 12)
244 2258 350 2285 tutor.
374 2254 498 2285 Caeein.
514 2257 567 2286 25.
591 2254 648 2285 dos
662 2264 762 2294 quam
780 2265 854 2286 mu-

125 2297 200 2336 lier,
218 2297 310 2328 nullu
326 2303 469 2336 auclore,
486 2298 643 2336 dixisset;
670 2308 737 2328 non
761 2299 853 2329 adhi-

125 2341 197 2372 bito
212 2345 339 2380 tutore,
355 2342 411 2382 qui
428 2342 461 2372 in
480 2343 576 2372 rebus
593 2341 771 2372 mulierum
793 2352 854 2373 au-

128 2389 197 2416 ceor
210 2390 272 2416 est.

170 2428 224 2468 13)
251 2429 386 2460 Cluent.
410 2432 440 2460 5.
469 2433 615 2459 auctores
635 2428 854 2468 nuptiarum3

124 2477 206 2503 sunt
242 2477 410 2513 parentes,
447 2473 594 2512 cognati,
624 2476 767 2509 tutores,
799 2472 854 2512 qui

127 2516 262 2556 nuptias
292 2521 352 2547 aut
390 2516 620 2553 confecerunt,
652 2521 710 2546 aut
741 2516 857 2555 proba-

127 2564 220 2598 runt,
250 2564 311 2590 aut
343 2560 475 2590 tabulas
506 2558 673 2600 nuptiales
705 2559 858 2599 obsigna-

129 2608 222 2634 runt.

176 2645 230 2685 14)
257 2646 357 2677 Dom.
400 2650 449 2678 14.
494 2651 608 2678 auctor
645 2646 858 2676 comitiorum

129 2688 407 2721 Centuriatorum
430 2694 465 2720 et
491 2690 705 2720 Curiatorum
723 2695 787 2727 est,
803 2689 860 2729 qui

131 2731 234 2764 habet
249 2734 400 2772 comitia,
417 2734 522 2773 iisque
539 2739 670 2774 praeest.

179 2779 231 2815 15)
256 2776 351 2808 Verr.
369 2788 398 2807 v.
420 2779 472 2811 67.
504 2780 679 2808 Senatores
704 2775 863 2806 dicuntur

127 2823 275 2850 auctores
284 2821 503 2860 judiciorum,
520 2826 554 2851 et
563 2822 662 2860 juris,
679 2820 757 2859 quia
771 2818 863 2859 judi-

131 2863 185 2893 cia
209 2862 323 2894 haberi
345 2864 477 2902 volunt,
496 2875 536 2895 ea
557 2864 808 2903 administrant,
830 2868 865 2894 et

130 2915 234 2940 ouum
251 2907 372 2948 cuique
382 2908 440 2950 jus
457 2907 548 2940 reddi
562 2907 691 2940 volunt.

1551 114 1630 152 199

952 206 1002 246 16)
1031 208 1172 238 Senatus
1202 218 1267 247 quo
1296 217 1394 238 sensu
1422 215 1533 241 auctor
1562 213 1619 249 sit,

902 251 1016 281 Patres
1041 256 1185 282 auctores
1210 252 1303 282 tiant.
1330 261 1358 281 v.
1383 251 1416 281 in
1439 255 1618 285 auctoritas

900 299 1048 324 senatus.

948 336 998 376 17)
1024 338 1080 368 Or.
1106 336 1126 366 i.
1150 339 1203 368 45.
1219 338 1347 368 'auctor
1370 337 1491 368 dieitur
1512 338 1551 369 de
1567 341 1617 371 iu-

899 381 1008 420 genio.
1027 380 1091 411 vid.
1108 379 1200 410 sens.
1216 380 1308 410 Lect.
1326 381 1460 411 Lucian.
1477 381 1497 412 i.
1513 387 1542 413 8.

940 425 1128 455 Auctoritas
1149 424 1310 453 tribuitur
1325 425 1368 460 ei,
1387 424 1455 462 qui,
1471 435 1618 463 quocun-

897 477 960 506 que
987 477 1099 505 sensu,
1121 472 1233 498 auctor
1267 466 1295 504 1)
1328 472 1390 503 est,
1417 468 1617 507 nunciando,

889 511 1052 550 jubendo,
1070 510 1252 548 suadendo,
1272 510 1482 548 inveniendo,
1499 510 1617 542 doeen-

895 554 950 592 do,
982 554 1167 591 vendendo,
1199 553 1368 590 testando,
1399 552 1616 592 defendendo,

895 598 1053 638 rogando,
1068 597 1258 638 exemplum
1276 596 1453 637 praeeundo
1469 597 1543 636 &c.·,
1560 605 1618 629 aut

894 642 927 680 2)
954 652 1024 672 esse
1041 648 1170 682 potest3
1195 646 1252 672 aut
1270 640 1302 679 3)
1326 650 1396 670 esse
1413 649 1505 680 posse
1521 648 1617 681 puta-

893 689 960 716 tur.
992 686 1051 716 Est
1067 696 1146 725 ergo

941 728 969 768 1)
995 731 1171 759 auctoritas
1199 729 1282 767 ejus,
1306 728 1362 766 qui
1389 727 1514 767 primus
1538 726 1618 767 quid

894 772 1024 803 invenit
1038 778 1072 803 et
1087 773 1178 803 feeit.
1194 771 1323 801 Invent.
1341 771 1362 801 i.
1378 773 1432 802 28.

937 816 970 855 2)
1003 817 1173 846 sententia
1196 814 1372 854 judieuin;
1412 823 1478 844 non
1509 812 1617 844 solum

893 860 970 898 quia
992 865 1137 890 auctores
1158 865 1237 889 sunt
1259 857 1545 887 condemnationis
1568 855 1620 888 vel

893 903 1122 941 absolutionis,
1150 902 1207 933 sed
1232 902 1348 938 etiam,
1374 901 1451 940 quia
1480 911 1518 931 eo
1545 901 1616 940 ipso

892 952 1038 978 auctores
1067 951 1146 977 sunt
1173 945 1311 984 alicujus
1339 945 1384 974 rei
1407 943 1616 981 omittendae,

893 990 944 1020 vel
982 990 1140 1028 licentiae,
1172 990 1242 1030 ejus
1272 987 1431 1019 saciendae
1467 987 1616 1027 impune.

894 1033 987 1064 Verr.
1012 1035 1059 1064 iii.
1080 1037 1132 1068 9⁴.
1163 1032 1345 1074 providete,
1363 1042 1404 1062 ne
1426 1032 1619 1061 auctoritate

895 1083 1016 1115 vestra,
1032 1078 1222 1116 (sententiis
1238 1076 1354 1106 vestris
1369 1074 1520 1105 absoluto
1535 1074 1562 1105 V
1565 1084 1616 1104 er-

893 1120 940 1159 re)
960 1122 1106 1151 avaritiae
1124 1121 1211 1151 viam
1229 1119 1434 1160 patefaciatis
1450 1117 1615 1148 illustrem

893 1170 994 1204 atque
1012 1164 1125 1195 latam.

937 1208 969 1247 3)
997 1212 1049 1238 est
1065 1206 1245 1238 defensoris
1261 1210 1295 1236 et
1306 1205 1517 1236 accusatoris.
1533 1202 1615 1235 Sull.

897 1254 923 1282 1.
955 1256 1120 1291 quantum
1152 1250 1220 1288 ille,
1250 1249 1448 1290 (accusator)
1478 1247 1517 1278 de
1545 1256 1620 1279 mea

892 1296 1088 1326 auctoritate
1103 1293 1311 1334 deripuisset.
1335 1292 1426 1322 Verr.
1439 1292 1485 1322 iii.
1497 1294 1549 1322 55.
1566 1301 1622 1321 ex·

894 1344 1024 1379 pectate
1040 1339 1267 1369 auctoritatem
1287 1336 1507 1366 accusationis
1525 1344 1618 1364 meae.

893 1383 914 1412 i.
945 1392 974 1412 e.
1006 1382 1086 1412 dum
1117 1391 1179 1421 ego
1209 1380 1299 1410 vobis
1327 1378 1512 1410 accusando
1541 1378 1620 1408 fiam

892 1431 1005 1457 auctor
1020 1425 1130 1456 Verris
1145 1422 1400 1455 condemnandi.

935 1468 968 1507 4)
995 1476 1045 1499 est
1069 1468 1298 1498 confirmantis
1321 1464 1457 1505 aliquid,
1481 1463 1539 1495 sed
1561 1464 1621 1502 ita,

892 1517 931 1543 ut
955 1513 1083 1543 differat
1107 1512 1147 1542 ab
1167 1522 1219 1548 ea,
1235 1520 1307 1550 quae
1324 1516 1375 1540 est
1389 1508 1622 1539 testimonium

893 1556 1043 1586 dicentis.
1074 1555 1116 1586 ad
1129 1555 1223 1595 Quir.
1240 1565 1271 1594 p.
1288 1554 1327 1584 R.
1344 1556 1375 1587 7.
1399 1551 1537 1582 audistis
1554 1560 1622 1582 non

892 1599 1000 1630 solum
1023 1600 1250 1630 auctoritatem
1274 1598 1331 1638 (se.
1359 1595 1502 1626 dicentis
1526 1605 1545 1625 a
1567 1603 1621 1624 me

893 1654 998 1684 remp.
1030 1640 1209 1682 servatam)
1247 1640 1305 1671 sed
1335 1639 1438 1670 etiam
1468 1638 1620 1668 testimo—

894 1687 1000 1718 11i11111.

937 1731 969 1769 5)
996 1729 1199 1770 exemplum.
1227 1728 1317 1758 Sext.
1341 1726 1372 1757 6.
1404 1723 1545 1765 reipubl.
1569 1734 1622 1754 ca-

894 1774 1063 1815 pessendae
1087 1773 1314 1804 auctoritatem
1338 1768 1559 1810 praescribere.
1575 1777 1623 1798 sc.

894 1816 1186 1848 commemorando
1210 1815 1280 1854 ejus
1303 1814 1489 1844 tribunatu.
1519 1811 1550 1841 T
1552 1820 1619 1842 use.

894 1862 927 1892 ii.
945 1863 997 1893 22.
1029 1859 1134 1891 valuit
1149 1860 1328 1890 auctoritas
1344 1857 1403 1887 διο.
1433 1854 1513 1894 Εες.
1530 1855 1552 1885 i.
1572 1857 1623 1885 13.

893 1906 927 1935 in
944 1903 1134 1935 disserendo
1146 1903 1286 1933 aliorum
1301 1900 1487 1931 auctoritati
1497 1906 1626 1938 parere.

893 1948 927 1979 h.
943 1958 972 1978 e.
996 1958 1036 1977 ea
1058 1946 1216 1977 methodo
1231 1945 1295 1981 uti,
1312 1954 1377 1984 qua
1392 1942 1447 1973 alii
1464 1942 1513 1972 usi
1528 1945 1621 1972 sunt.

892 1992 984 2022 Verr.
1008 1992 1054 2023 iii.
1077 1993 1129 2025 93.
1161 1989 1298 2020 Antonii
1328 1987 1417 2018 facto
1440 1990 1539 2025 atque
1561 1994 1624 2014 au·

893 2036 1039 2066 cem-itate
1069 2033 1250 2064 defendito.
1289 2042 1318 2060 v.
1356 2031 1409 2061 32.
1447 2029 1623 2059 auctoritas

894 2080 1068 2118 majorum.
1087 2078 1108 2107 i.
1133 2087 1162 2107 e.
1186 2085 1259 2115 quae
1282 2074 1422 2112 majores
1444 2071 1566 2117 fecere,
1583 2076 1622 2103 ut

894 2123 987 2153 nobis
1017 2119 1207 2160 exemplum
1239 2118 1407 2159 praeirent.
1437 2115 1480 2146 N.
1507 2113 1550 2145 D.
1575 2115 1623 2146 iii.

894 2169 946 2198 38.
977 2166 1202 2196 auctoritatem
1217 2162 1305 2192 dare.
1326 2161 1347 2191 i.
1364 2169 1392 2190 e.
1419 2157 1621 2198 exemplum.

894 2208 975 2240 Lael.
998 2211 1050 2240 21.
1081 2212 1261 2245 utrumque
1287 2205 1357 2244 egit
1380 2202 1536 2242 graviter,
1560 2211 1621 2231 au-

893 2254 1042 2284 ctoritate
1056 2255 1091 2282 et
1112 2250 1291 2281 offensione
1314 2247 1417 2278 animi
1442 2255 1509 2275 non
1532 2254 1623 2275 acer-

894 2297 956 2334 ba;
982 2296 1013 2326 h.
1031 2306 1059 2325 e.
1082 2301 1121 2324 ut
1138 2303 1203 2324 non
1219 2291 1313 2322 daret
1333 2287 1522 2329 exemplum
1539 2288 1624 2318 ami·

897 2341 985 2370 citiae
1004 2339 1119 2370 acerbe
1137 2342 1255 2377 ruptae.
1285 2334 1381 2365 Rose.
1405 2332 1480 2362 Am.
1498 2331 1528 2362 6.
1562 2341 1623 2362 au·

896 2385 1042 2414 ctoritate
1073 2390 1205 2411 causam
1236 2377 1419 2408 nobilitatis
1449 2374 1621 2412 defendit3

896 2426 967 2457 scil.
985 2425 1072 2466 apud
1090 2423 1273 2462 municipes
1296 2429 1386 2457 suos,
1403 2417 1488 2458 quod
1512 2427 1624 2448 exem-

898 2470 953 2511 plo
969 2464 1217 2503 suo'suaderet,
1235 2464 1421 2495 nobilitatis
1444 2466 1554 2509 partes
1573 2471 1624 2491 se-

898 2514 967 2553 qui.
996 2513 1089 2543 Verr.
1113 2511 1159 2541 iii.
1188 2513 1235 2544 19.
1269 2507 1496 2538 auctoritatem
1527 2514 1624 2544 supe-

898 2558 1023 2587 riorum
1048 2560 1228 2595 praetorum
1261 2550 1445 2591 repudiare.
1486 2547 1564 2579 ibid.
1594 2548 1625 2577 6.

899 2601 1000 2630 etiam
1019 2597 1209 2639 exemplum
1233 2600 1267 2626 et
1283 2594 1459 2626 auctoritas
1476 2592 1627 2632 jungun-

900 2649 968 2674 tur.

945 2686 979 2723 6)
1006 2684 1194 2715 eonsilium.
1229 2682 1300 2713 Att.
1324 2691 1355 2712 x.
1389 2683 1416 2711 1.
1451 2678 1628 2709 auctorita-9

902 2730 973 2768 ejus
991 2728 1070 2759 mihi
1088 2728 1180 2764 vivit,
1194 2726 1226 2756 h.
1243 2736 1272 2755 e.
1290 2725 1392 2755 etiam
1411 2722 1534 2753 mortui
1551 2729 1629 2750 con·

902 2774 1014 2804 silium
1039 2781 1168 2811 sequor.
1199 2770 1263 2799 Off.
1287 2769 1333 2799 iii.
1357 2771 1408 2798 30.
1439 2774 1552 2796 corum
1570 2773 1631 2794 au·

903 2821 1051 2848 ctorztatc
1082 2825 1144 2855 pax
1174 2813 1272 2843 faeta.
1309 2811 1349 2842 ef.
1381 2811 1475 2840 Cato.
1505 2809 1535 2838 6.
1567 2806 1633 2837 Off.

905 2862 951 2893 iii.
969 2863 1021 2894 27.
1046 2859 1066 2889 i.
1085 2860 1137 2889 23.
1162 2857 1204 2887 ad
1219 2857 1296 2887 mv.
1313 2855 1355 2885 vi.
1373 2854 1403 2884 6.
1427 2853 1519 2883 Verr.
1538 2851 1558 2880 i.
1573 2851 1627 2880 42.

949 2902 983 2943 7)
1011 2907 1062 2933 est
1084 2900 1370 2943 philosophorum,
1393 2904 1534 2938 quorum
1560 2901 1634 2923 seu·

948 2955 969 2978 o
993 2949 1014 2979 4
