1804 3178
672 95 816 125 lum-:x
845 95 874 124 E
881 96 1121 126 ismmcus.

187 181 418 220 Avmaeimenes,
437 182 540 214 Λευὶ.
565 183 597 213 ii.
624 186 676 218 57.
721 184 770 215 Ex
796 189 870 215 :is-re

146 225 260 255 omnia
275 225 358 256 fieri.
380 226 420 258 de
435 227 477 259 N.
492 227 535 257 l).
553 227 572 256 i.
594 230 641 258 10.
662 227 748 258 Aera
760 228 870 258 Deum

146 267 240 305 facit,
255 278 333 299 eum
350 271 454 309 gigni,
468 270 670 301 immensum
694 278 728 301 et
741 281 872 312 semper

148 310 184 340 in
200 316 294 342 motu
311 322 392 343 esse.

189 354 367 387 Ancarius.
383 355 516 386 Cluent.
532 359 584 390 59.
598 362 721 397 pastor.

190 397 259 439 ,Qu-
272 400 474 434 Ancharium.
488 399 528 439 Ω.
546 400 579 430 F.
594 402 683 431 Sext.
700 404 752 432 53.
779 400 870 431 Trib.

148 440 194 482 pl.
214 440 344 472 Caesare
369 448 403 472 ct
433 442 550 473 Bibulo
572 444 784 481 Consulibus,
806 455 871 484 quo

149 493 228 515 usus
240 484 379 516 Bibulus
403 486 438 516 in
453 486 664 526 impedienda
680 489 717 518 C.
735 489 870 518 Caesaris

146 527 288 567 Agraria
307 528 380 566 lege
403 529 437 559 in
462 529 570 560 Pison.
593 534 644 562 38.
679 531 721 562 ad
744 532 871 562 nivem.

147 570 283 602 xiii.4o.
308 572 511 604 Macedoniae
528 574 704 614 proconsul
723 580 797 615 post
820 576 871 605 Pi-

145 622 264 645 ·onem
275 625 316 645 ex
332 620 485 656 proetura.

190 657 384 697 mochimus,
407 659 449 689 ad
477 660 550 691 Div.
577 661 644 691 xiii.
667 663 719 693 45.
759 671 870 692 servus

147 699 189 732 L.
204 700 340 741 Egnatii
356 703 476 742 equitis
490 703 585 734 Rom.

192 745 370 783 Andricus,
398 746 440 777 ad
458 746 540 777 Div.
575 748 637 777 xvi.
668 750 717 778 14.
758 757 870 778 sei-ms

151 785 332 827 Ciceronis,
363 790 419 829 qui
452 795 488 820 et
522 790 705 821 Menander
741 791 870 822 diceba-

151 834 220 862 tur.

191 874 436 914 Andromacha,
451 877 523 908 Att.
538 877 580 907 iv.
603 880 651 908 15.
687 877 727 908 de
749 878 826 910 Div.
849 879 870 909 i.

156 919 205 950 1³.
235 917 336 949 Ennii
351 919 476 951 fabula.

192 961 412 1000 Andromeda,
427 963 507 994 Nat.
526 963 569 995 D.
590 964 623 995 ii.
638 967 692 996 43.
724 963 825 995 sidus.

193 1004 426 1044 Andr-omenes,
442 1007 514 1037 Att.
529 1008 597 1038 xiii.
614 1010 666 1040 24.

193 1048 343 1087 Andron,
355 1048 450 1081 Verr.
472 1050 517 1081 iii.
540 1053 593 1083 45.
619 1052 789 1082 AEtnensis
812 1052 869 1083 Se-

151 1095 261 1123 nator.

192 1135 340 1173 Andron,
357 1135 398 1166 ad
416 1136 492 1168 Div.
511 1138 577 1168 xiii.
594 1138 646 1172 67.
677 1138 867 1170 Artemonis

150 1177 253 1216 filius,
268 1178 491 1211 Laodicensis.
696 1212 699 1213 γ

199 1222 232 1254 C.
240 1222 457 1261 Andronicus,
470 1223 682 1255 Puteolanus.
693 1223 764 1255 Att.
777 1235 806 1255 v.
816 1228 829 1255 1
837 1228 867 1256 5.

151 1265 324 1297 familiaris
341 1267 519 1297 Ciceronis.

195 1309 329 1347 Anemo,
359 1310 439 1342 Nat.
468 1310 512 1342 D.
541 1310 588 1341 iii.
616 1312 669 1341 20.
703 1310 780 1351 (pro
806 1320 868 1351 quo

149 1351 332 1385 Davisius:
362 1351 469 1392 Almo)
497 1353 590 1385 Deus
615 1354 865 1385 Romanorum:

152 1396 283 1437 proprie
298 1397 417 1428 fluvius
433 1407 534 1438 prope
549 1397 702 1428 Romam.

193 1440 365 1478 Auia-atus,
379 1442 452 1473 Att.
474 1441 507 1471 ii.
530 1442 582 1472 20.
609 1441 735 1481 amicus
749 1442 865 1472 Attici.

194 1483 237 1514 L.
250 1483 398 1522 Anicius,
413 1483 508 1514 Brut.
532 1487 584 1515 83.
614 1494 634 1514 a
655 1494 720 1524 quo
735 1485 867 1516 Anicia-

149 1536 244 1561 num.
261 1528 390 1565 vinum,
419 1527 583 1559 Aniciana
616 1532 703 1559 nota.
743 1528 868 1559 Consul
907 1556 910 1558 .

150 1570 215 1601 fuit
229 1569 269 1601 A.
284 1569 326 1602 U.
338 1578 461 1602 nxcni.
653 1596 660 1605 .

198 1613 232 1645 C.
255 1614 403 1651 Anicius,
418 1614 461 1644 ad
480 1613 555 1645 Div.
578 1615 631 1645 vii.
654 1615 707 1646 26.
734 1615 789 1645 xii.
814 1616 867 1646 21.

150 1656 292 1688 Senator
305 1657 472 1698 legatione
487 1656 591 1688 libera
606 1659 641 1688 in
657 1658 802 1689 Asi-icam
820 1658 867 1688 le-

143 1705 260 1741 gatur.

192 1743 345 1782 Annalis,
360 1744 403 1776 ad
426 1745 503 1776 Div.
528 1745 596 1777 xiii.
623 1747 653 1776 8.
681 1754 868 1784 cognomen

149 1786 338 1825 Villiorum,
353 1788 466 1820 unde?
484 1799 514 1820 v.
530 1789 564 1819 in
581 1787 654 1819 Lex
667 1788 817 1819 Annalis.

193 1831 340 1863 Anneius
355 1832 538 1871 Brocchus,
553 1832 646 1863 Verr.
661 1832 707 1862 iii.
722 1834 775 1863 40.
812 1832 868 1863 Se-

152 1879 252 1906 nator
266 1875 534 1908 Panormitanus.
650 1910 653 1912 .

202 1918 235 1950 C.
249 1919 408 1958 Anneius,
424 1918 466 1950 ad
480 1920 556 1951 Div.
573 1919 629 1950 xii.
646 1921 699 1951 25.

142 1993 144 1995 ,
194 1961 245 1993 M
258 1961 416 2002 Anneius,
433 1962 476 1994 ad
497 1963 573 1994 Div.
596 1963 666 1994 xiii.
689 1965 742 1994 55.
768 1972 820 1993 xv.
836 1965 868 1993 4.

150 2003 282 2045 legatus
299 2005 468 2037 Ciceronis
482 2007 517 2038 in
534 2006 661 2038 Cilicia.

194 2048 318 2087 Annia,
336 2050 370 2080 in
384 2049 478 2081 Verr.
494 2051 516 2081 i.
532 2053 586 2082 43.

193 2092 374 2130 Annicerii,
399 2093 597 2134 philosophi.
622 2092 717 2124 offic.
742 2093 789 2125 iii.
816 2096 868 2125 33.

157 2136 326 2176 Cyrenaici
343 2136 530 2177 Philosophi
551 2138 592 2168 ab
617 2136 777 2178 Aristippo
792 2148 870 2178 pro-

140 2179 237 2219 fecti.
283 2180 413 2212 Nomen
448 2182 564 2212 habent
596 2181 638 2212 ab
664 2180 869 2219 Annia-eride,

151 2222 306 2264 discipulo
320 2223 483 2264 Hegesioe,
497 2226 554 2265 qui
570 2229 617 2256 est
630 2224 788 2266 Aristippi
806 2225 870 2256 dis-

150 2267 289 2308 cipulus.

195 2311 325 2347 Annius
339 2311 552 2349 Saturninus,
566 2311 638 2342 Att.
649 2321 679 2342 v.
699 2313 726 2342 l.

201 2353 236 2386 C.
249 2355 378 2386 Annius
391 2354 573 2386 Bellienus.
584 2354 681 2385 Font.
691 2357 723 2386 4.
738 2353 869 2396 legatus

154 2396 260 2429 Marci
275 2397 418 2437 Fonteii,
434 2398 587 2430 Praetoris
603 2397 730 2429 Galliae.

197 2441 240 2472 L.
261 2441 403 2480 Annius,
424 2441 519 2473 Verr.
541 2442 563 2472 i.
586 2444 639 2473 41.
666 2442 870 2482 propinquus

154 2483 191 2516 P.
206 2485 307 2516 Annii
322 2485 437 2523 Aselli,
448 2490 484 2516 et
497 2485 593 2516 heres
607 2485 785 2516 secundus.

198 2528 248 2559 M.
262 2528 391 2560 Annius
401 2528 540 2569 Appius,
555 2528 649 2559 Balb.
666 2531 718 2561 20.
736 2529 871 2559 Camer-

153 2571 259 2610 tinus,
274 2581 295 2602 a
310 2571 347 2603 C.
364 2572 471 2603 Mario
487 2573 622 2603 civitate
638 2572 791 2603 donatus.

197 2614 248 2646 M.
261 2615 403 2654 Annius,
414 2615 507 2647 Vei-r.
519 2616 540 2646 i.
554 2619 583 2646 5.
600 2615 678 2646 civis
690 2616 871 2647 Romanus.

197 2657 248 2689 M.
262 2659 403 2698 Annius,
418 2658 511 2690 Verr.
526 2669 556 2690 ν.
571 2661 622 2694 29.
646 2658 746 2690 homo
761 2659 871 2700 splen-

155 2701 358 2741 didissimus,
387 2712 486 2742 eques
512 2703 608 2734 Rom.
639 2704 695 2742 qui
721 2703 874 2733 testimo-

154 2745 249 2776 nium
265 2750 384 2777 contra
397 2746 534 2776 Verrem
551 2745 646 2777 dixit.

197 2787 247 2819 M.
261 2789 402 2826 Annius,
418 2789 490 2820 Att.
509 2799 540 2820 v.
564 2791 596 2820 4.
623 2789 755 2829 legatus
780 2787 873 2818 Cice-

155 2840 257 2862 roms.

198 2872 387 2906 P.Annius
407 2874 551 2914 Asellus,
572 2874 666 2908 Verr.
681 2875 702 2906 i.
718 2877 771 2905 41.
794 2874 872 2905 civis

1568 97 1621 135 6³

913 185 1010 215 Rom.
1033 186 1207 217 Sacerdote
1232 194 1370 228 praetore
1395 193 1517 224 urbano
1536 204 1622 226 mor·

914 233 1004 258 tuus.

959 269 995 301 T.
1009 270 1133 302 Annius
1146 272 1284 311 Luscus,
1296 275 1389 307 Brut.
1402 279 1453 307 20.
1469 279 1509 318 Ω.
1521 280 1621 312 Fulvii

913 313 1089 344 Nobilioris
1109 315 1237 354 collega
1255 319 1289 347 in
1316 318 1488 350 (bnseuatu
1511 333 1542 351 a.
1570 332 1622 354 nc.

913 357 1122 388 adversarius
1146 357 1194 389 Ta.
1221 360 1357 390 Gracchi
1381 365 1551 399 agrarium
1575 367 1623 401 se-

912 401 1008 430 renti.
1045 401 1138 440 Eln'l.
1154 401 1228 432 Liv.
1244 405 1294 433 53.
1311 405 1374 434 ulu'.
1390 415 1419 436 υ.
1436 407 1602 438 Drakenb.

958 442 995 473 Τ.
1010 443 1150 482 Annius,
1171 445 1212 475 ad
1234 446 1354 485 Ωιιὶτίῐ.
1378 455 1449 487 post
1474 451 1569 481 redit.
1593 454 1625 482 6.

913 485 1008 524 Milo,
1023 486 1113 517 Trib.
1132 487 1176 528 pl.
1191 499 1230 518 eo
1246 499 1346 526 anno,
1362 502 1427 530 quo
1444 493 1559 523 Cicero
1576 505 1624 524 rc-

912 536 1047 560 vocatus
1063 536 1124 561 est.
1140 532 1203 562 vid.
1214 533 1315 572 plura
1331 535 1362 564 in
1380 535 1472 565 Milo.

957 573 993 603 T.
1009 574 1137 604 Annius
1155 576 1300 612 Cimber,
1319 576 1400 608 Phil.
1417 580 1460 608 xi.
1477 579 1508 609 6.
1534 579 1625 619 Lysi-

912 615 976 646 dici
993 616 1099 648 Graeci
1123 617 1266 649 hominis
1289 619 1389 658 filius,
1405 623 1625 653 Antonianus.

913 659 996 689 Phil.
1021 660 1089 692 xiii.
1116 663 1164 693 12.
1195 663 1381 703 praetorius,
1403 665 1442 696 de
1465 665 1625 696 beneficio

914 702 1061 734 caesaris.

957 745 994 776 T.
1010 747 1138 777 Annius
1151 747 1279 779 Velina.
1303 749 1398 780 Brut.
1414 753 1467 783 48.
1490 752 1524 782 in
1547 761 1625 781 con-

912 789 1061 820 cionibus
1076 790 1254 822 tolerabilis
1269 799 1390 824 orator.

953 833 1101 871 Antaeus,
1117 833 1189 865 Att.
1206 836 1272 866 xiii.
1287 839 1340 867 44.

953 876 1102 915 Anteros,
1127 877 1167 907 de
1197 878 1276 909 Nat.
1303 879 1346 910 D.
1378 881 1421 911 iii.
1447 882 1499 912 23.
1537 880 1624 913 filius

909 917 1048 950 Veneris
1064 930 1103 951 ex
1119 920 1240 952 Marte.
1353 935 1357 941 ·

952 963 1101 1001 Antei-0⁸,
1118 964 1188 995 Att.
1203 966 1247 996 ix.
1262 968 1311 997 14.
1336 966 1379 997 xi.
1397 969 1424 997 l.
1446 977 1557 999 servus
1572 967 1625 999 vel

910 1004 1048 1037 libertus
1066 1007 1180 1038 Attici.

951 1050 1130 1087 Antlzerus,
1147 1051 1188 1081 ad
1204 1052 1279 1083 Div.
1297 1053 1359 1083 xvi.
1376 1054 1427 1083 21.
1450 1063 1573 1085 servus.

952 1093 1188 1134 Anthropinus,
1205 1096 1238 1125 in
1254 1096 1347 1127 Verr.
1363 1105 1393 1126 v.
1409 1099 1462 1128 34.
1491 1097 1625 1138 Apollo-

910 1145 1045 1167 niensis.

952 1180 1113 1217 Anticlea,
1138 1179 1238 1211 Tusc.
1267 1191 1298 1212 v.
1332 1182 1381 1213 16.
1422 1182 1488 1214 fuit
1517 1189 1625 1216 mater

909 1221 1046 1262 Ulyssis.
1075 1223 1130 1253 sed
1157 1225 1212 1254 Ιιοσ
1239 1225 1302 1254 loco
1334 1224 1440 1256 Cicero
1470 1229 1625 1259 ancillam

907 1267 1076 1297 nominare
1097 1268 1211 1305 voluit,
1235 1277 1306 1308 quoe
1330 1268 1483 1300 Euriclea
1502 1271 1625 1302 diceba-

909 1314 978 1347 tur,
992 1315 1122 1340 auctore
1136 1310 1288 1342 Homero.
1303 1312 1382 1342 Nisi
1394 1323 1467 1343 vcro
1479 1315 1626 1345 librario-

907 1362 984 1384 rum
999 1364 1092 1384 error
1105 1357 1163 1392 est,
1180 1359 1217 1385 ut
1226 1357 1334 1395 placet
1349 1356 1504 1388 Bulwrio.

952 1397 1178 1436 Antigenidas,
1194 1397 1249 1428 ΒΓ.
1267 1401 1317 1429 50.
1340 1399 1477 1438 tibicen,
1489 1401 1544 1440 qui
1561 1400 1625 1431 dis-

909 1439 1019 1480 cipulo
1035 1441 1172 1480 frigenti
1188 1441 1228 1472 ad
1245 1441 1405 1482 populum
1421 1443 1504 1475 dixit
1518 1456 1525 1474 x
1544 1444 1625 1474 mihi

910 1493 992 1514 cane
1009 1489 1043 1514 et
1059 1484 1175 1515 Musis.

950 1527 1148 1567 Antigonus,
1170 1528 1283 1559 Deiot.
1310 1532 1358 1561 15.
1381 1528 1510 1569 legatus
1524 1529 1626 1562 Deio·

875 1578 877 1580 ’
907 1571 973 1601 tari
987 1571 1027 1601 ad
1044 1571 1219 1602 Caesarem.

951 1614 1146 1654 Antigonus,
1163 1615 1204 1645 ad
1220 1615 1294 1646 Div.
1316 1617 1383 1647 xiii.
1402 1618 1454 1648 32.
1485 1617 1623 1649 libertus

911 1656 971 1688 Cn.
983 1657 1116 1688 Otacilii
1131 1658 1285 1689 Nasonis.

951 1701 1147 1741 Antigonus,
1177 1702 1241 1732 Off.
1274 1703 1305 1732 ii.
1341 1705 1388 1734 14.
1418 1703 1622 1735 Macedoniae

908 1744 992 1782 Rex,
1009 1746 1079 1784 ejus
1095 1745 1234 1785 epistola
1249 1746 1290 1776 ad
1303 1745 1489 1788 Philippum
1506 1747 1623 1779 filium.

909 1788 971 1818 Est
992 1788 1180 1828 Antigonus
1204 1788 1246 1819 11.
1269 1789 1376 1827 Soter,
1404 1791 1459 1829 qui
1492 1796 1624 1822 mortuo

909 1831 1083 1862 Demetrio
1103 1832 1146 1862 Π.
1161 1837 1255 1863 tutor
1277 1833 1456 1873 impuberis
1474 1834 1532 1864 filii
1547 1834 1624 1872 suit,

911 1874 1012 1905 ducta
1039 1882 1144 1906 matre
1169 1880 1204 1906 et
1229 1876 1415 1907 diademate
1437 1882 1561 1915 summ,
1577 1879 1625 1909 ita

909 1923 1038 1957 tamen,
1049 1923 1088 1950 ut
1100 1920 1249 1960 privigno
1264 1927 1404 1959 regnum
1417 1930 1625 1952 conservare-

910 1967 977 1993 tur.

954 2006 1180 2044 Antimachus,
1197 2006 1293 2037 Brut.
1313 2009 1364 2038 51.
1380 2010 1490 2047 polita,
1506 2011 1624 2048 poema

911 2059 1009 2080 suum
1027 2050 1124 2091 (quod
1138 2050 1295 2081 Ciceronis
1305 2055 1397 2081 aetate
1407 2052 1526 2088 emtitit,
1536 2051 1623 2082 The·

910 2091 1020 2131 baida)
1052 2103 1128 2123 cum
1161 2094 1328 2125 recitaret.
1358 2103 1473 2124 omnes
1503 2102 1625 2135 praeter

911 2136 1085 2167 Platonem
1103 2147 1179 2167 cum
1196 2136 1412 2176 reliquerunt.
1439 2135 1627 2169 obscuritas

911 2177 1011 2221 hujus
1025 2181 1160 2211 hominis
1167 2189 1259 2221 paene
1271 2182 1305 2210 in
1314 2181 1522 2220 proverbium
1536 2182 1625 2213 abiit.

910 2233 941 2254 v.
958 2223 1085 2254 Vbssius
1098 2225 1144 2254 ced
1161 2224 1324 2264 Catule.
1340 2225 1413 2255 323.

954 2267 1130 2298 Antiochus
1163 2267 1322 2306 IlIagnus,
1351 2267 1391 2297 de
1421 2266 1478 2298 Or.
1509 2267 1542 2298 ii.
1575 2270 1625 2299 18.

911 2310 1013 2350 Syriae
1033 2320 1101 2347 rex,
1118 2310 1341 2340 Hannibalem
1361 2310 1490 2350 recipit.
1533 2309 1625 2341 Vcrr.

912 2354 932 2384 i.
950 2355 1002 2384 21.
1025 2364 1044 2383 a
1066 2353 1104 2384 L.
1120 2353 1270 2393 Scipione
1286 2354 1443 2384 vincitur.
1467 2355 1557 2384 Sext.
1573 2356 1625 2389 27.

904 2398 1003 2436 ‘intra
1024 2396 1172 2427 Taurum
1194 2406 1332 2436 regnare
1349 2397 1508 2436 jubetur:
1535 2395 1637 2433 Asia:

912 2450 978 2480 qua
1006 2439 1060 2470 ille
1093 2440 1289 2478 mulctatur,
1319 2439 1434 2470 Attalo
1472 2441 1625 2471 donatur.

911 2484 1023 2515 Deiot.
1054 2486 1101 2514 13.
1137 2482 1283 2514 ablatam
1310 2493 1331 2513 a
1356 2483 1513 2515 Romanis
1540 2485 1625 2515 Asiae

911 2533 1041 2568 partem
1058 2537 1152 2566 aequo
1167 2527 1278 2557 animo
1293 2526 1369 2557 fert.

955 2571 1131 2602 Antiochus
1147 2569 1334 2611 Epiphanes
1348 2570 1398 2602 M.
1413 2569 1451 2601 F.
1464 2570 1547 2601 Phil.
1559 2571 1626 2600 viii.

913 2618 944 2649 7.
971 2624 991 2644 a
1020 2613 1156 2654 Popillio
1180 2614 1320 2654 jubetur
1345 2613 1519 2644 abscedere
1549 2613 1626 2645 Ale-

915 2657 1064 2688 xandria.

956 2701 1145 2738 Antiochus,
1159 2699 1241 2730 Phil.
1255 2699 1298 2730 ix.
1310 2701 1340 2730 2.
1349 2699 1505 2730 Antiochi
1518 2700 1630 2739 magni

914 2753 1037 2783 nepos:
1063 2743 1104 2773 ad
1120 2753 1197 2773 eum
1215 2743 1277 2774 Cn.
1293 2743 1450 2774 Octavius
1470 2742 1629 2779 mittitur,

902 2792 954 2820 ,ut
979 2796 1056 2817 cuin
1083 2786 1201 2816 classes
1228 2786 1347 2816 habere
1375 2791 1409 2816 et
1435 2786 1628 2826 elephantos

916 2830 1002 2860 alere
1019 2829 1218 2870 prohiberet.
1247 2830 1312 2861 Est
1329 2829 1512 2869 Epiplianis
1514 2830 1572 2869 fil.
1588 2830 1629 2859 cf.

918 2873 959 2906 ad
974 2873 1007 2904 h.
1025 2873 1046 2904 l.
1064 2872 1174 2913 Polyb.
1190 2874 1307 2914 Legat.
1330 2876 1399 2908 107.
