1800 3131
209 103 288 146 146

210 205 233 237 i.
254 207 326 238 164.
353 213 384 240 et
406 209 556 241 Sabidius
580 211 612 242 in
634 211 842 246 Gruteriam's
858 216 939 256 tapi-

214 250 308 281 dibus
324 261 385 284 non
401 263 495 285 unus.

258 294 412 327 Sabinius
426 298 597 337 Reatinus,
612 300 704 331 Sext.
718 303 770 335 37.
786 312 827 333 ει
841 303 942 343 operis·

217 337 387 378 Clodianis,
403 351 424 371 a
447 343 559 382 quihus
581 343 625 374 P.
643 344 774 376 Sestius
782 355 876 386 poene
889 347 940 376 iu-

215 381 372 422 terfectus
386 389 441 416 est.

262 425 294 457 C.
323 426 490 467 Sacerdos,
513 439 531 459 e
554 428 698 461 Liciniis.
723 431 815 462 Verr.
842 433 863 463 i.
891 436 939 463 10.

214 475 337 509 praetor
359 471 480 503 Sieiliae
499 477 577 503 ante
593 473 742 505 Verrem.
759 475 871 506 Plane.
890 479 939 506 11.

213 512 344 552 legatus
354 515 395 555 Ω.
408 515 539 546 Metelli
554 517 588 546 in
601 517 711 548 Creta.
732 518 939 550 Consulatum

207 559 304 598 petiit
325 568 399 588 cum
427 558 582 590 cicerone.
597 561 662 591 vid.
678 562 790 592 Ascon.
806 572 939 601 arg-um.

211 610 258 631 or.
282 602 317 631 in
342 602 421 640 Tog.
449 603 550 633 Cand.
570 603 625 634 De
639 602 707 646 ejus
716 610 868 645 proetura
882 616 940 636 ur-

213 644 300 675 bana
322 650 353 675 el
376 646 534 677 Siciliensi
557 649 662 678 multa
683 653 759 679 sunt
778 649 813 679 in
831 649 940 680 Verri-

212 697 274 718 ms.

258 730 397 769 Sadala,
418 732 544 763 Veri-,L
557 735 609 764 24.
633 743 690 764 rex
708 734 878 767 Thraeioe:
896 737 938 767 ad

211 783 290 807 eum
304 785 324 804 a
336 775 397 805 Cn.
409 776 583 806 Dolabella
597 778 748 809 mittitur
764 780 938 812 C.Verres.

257 817 419 858 Safinius,
437 819 572 850 Cluent.
588 823 640 852 25.
671 822 859 854 Atellanus.

256 861 384 899 Salaco,
408 863 450 892 ad
472 863 548 894 Div.
569 864 624 894 vii.
648 867 700 896 24.
730 867 862 897 Nomen
887 869 939 898 lzo-

211 906 307 934 'minis
328 902 501 945 eujusdam
524 908 558 937 in
575 914 773 948 paupertate
793 913 938 950 superbi:

209 949 295 979 unde
310 947 342 978 h.
359 949 381 979 l.
398 949 627 990 Hermogenes
643 951 804 992 Tigellius
821 954 940 985 Salac-o

209 993 342 1022 dicitur.

253 1035 297 1076 ,9.
311 1035 473 1074 Salassus,
485 1036 527 1067 ad
542 1038 618 1068 Div.
636 1039 678 1069 vi.
696 1043 744 1071 18.
776 1041 810 1071 P.
829 1041 938 1073 Curtii
958 1062 964 1075 .

207 1078 325 1116 frater,
338 1089 356 1109 e
365 1085 462 1118 gente
477 1080 661 1120 Postumia,
673 1085 700 1114 si
716 1085 844 1123 quidem
861 1096 938 1125 ger-

207 1132 325 1153 manus
357 1123 460 1154 Curtii
470 1123 592 1164 frater
604 1125 693 1166 fuit.
724 1128 937 1160 Provinciam

207 1167 344 1196 obtinuit
358 1177 375 1197 e
384 1172 535 1206 proecura
551 1179 583 1199 a.
607 1170 647 1201 U.
663 1179 742 1202 Dec.

251 1209 347 1248 Salii,
361 1210 400 1240 de
413 1212 488 1242 Div.
501 1213 522 1242 i.
536 1216 573 1247 17
578 1236 584 1243 .
612 1213 795 1246 Sacerdotes
802 1214 936 1246 Martis.

207 1253 241 1283 in
254 1263 369 1284 eorum
383 1255 478 1285 curia
490 1256 574 1287 situs
590 1256 695 1288 lituus
713 1259 868 1289 inventus
885 1264 936 1290 est

207 1297 352 1337 integer,
364 1308 440 1328 cum
450 1308 491 1329 ea
499 1299 757 1340 deflagravisset.
770 1303 810 1333 ab
821 1302 934 1333 iisAtt.

205 1350 235 1371 v.
249 1346 281 1375 9.
303 1342 425 1372 dicitur
439 1342 572 1374 Saliaris
589 1345 721 1384 modus,
733 1346 772 1377 de
787 1348 936 1378 conviviis

204 1387 342 1425 opiparis
357 1390 388 1415 et
403 1386 595 1427 magnificis.
772 1384 779 1393 '

251 1428 430 1467 Salinator,
448 1431 505 1460 Or.
530 1431 563 1461 ii.
581 1431 634 1466 67.
665 1437 712 1463 est
736 1433 862 1470 Livius,
878 1435 935 1474 qui

200 1472 236 1502 in
265 1472 405 1503 Censura
426 1483 458 1504 a.
485 1473 526 1505 U.
545 1482 663 1506 Dxmx.
687 1478 743 1506 lzoc
762 1487 935 1515 cognomen

197 1516 330 1555 primus
352 1519 483 1557 accepit.
507 1517 580 1548 Liv.
597 1520 686 1549 xxix.
703 1523 756 1554 37.
787 1521 935 1552 Tarento

204 1561 327 1590 amisso
351 1561 428 1591 bello
443 1560 570 1592 Punico
586 1562 635 1593 II.
652 1573 762 1593 arcem
779 1565 931 1596 retinuit.

205 1602 282 1633 Lio.
305 1604 402 1634 xxvii.
421 1606 474 1636 25.
504 1614 535 1635 v.
561 1606 594 1636 in
617 1606 743 1637 Livius.
766 1607 861 1638 Brut.
882 1611 932 1640 18.

205 1646 345 1677 Senensi
361 1647 475 1687 praelio
492 1647 586 1679 ludos
602 1649 623 1679 J
626 1652 781 1681 uventuti
797 1656 903 1682 vovet.

248 1690 426 1723 Sallustius
447 1693 576 1733 scripsit
592 1693 817 1734 Empedoclea
833 1695 874 1725 ad
889 1696 930 1736 Ω.

204 1732 255 1764 Fr.
274 1734 307 1763 ii.
330 1737 376 1764 ll.
393 1740 478 1765 extr.

251 1777 284 1807 C.
305 1777 482 1809 Sallustius
500 1779 636 1820 Crispus.
668 1783 739 1812 Att.
758 1782 800 1812 xi.
817 1784 870 1814 ⁶20.
901 1783 932 1813 ei

204 1820 314 1850 Caesar
330 1822 468 1860 ignovit.
485 1823 522 1853 de
538 1825 712 1855 >inimicitiis
728 1827 812 1855 inter
826 1828 930 1867 ¹ipsum

201 1869 232 1894 ec
254 1864 442 1903 ciceronem,
457 1870 487 1896 et
502 1869 708 1905 orationibus,
724 1880 804 1909 quas
820 1875 931 1901 contra

199 1918 232 1940 se
255 1909 389 1939 invicem
411 1910 528 1940 divisse
543 1916 721 1951 putantur,
738 1923 768 1943 v.
796 1912 928 1945 Corrad.

203 1952 373 1992 Quccst.p.
395 1955 465 1984 113.
481 1964 545 1994 sqq.

247 1995 422 2026 Sallustius
452 1997 622 2028 Caninius.
652 1998 693 2028 ad
718 1999 793 2030 Div.
817 1999 851 2030 ii.
880 2002 928 2034 17.

202 2044 409 2078 proquaestor
433 2040 614 2080 Ciceronis,
631 2043 676 2072 ad
697 2052 792 2083 quem
805 2049 851 2074 est
866 2046 930 2084 epi-

200 2084 292 2112 stola.
327 2083 424 2114 Docti
447 2086 510 2115 viri
533 2086 704 2124 leg-endum
727 2088 927 2125 eoeistimant,

203 2125 329 2163 Cueus,
340 2137 401 2167 pro
417 2128 590 2167 Caninius,
607 2133 645 2159 ut
659 2131 699 2160 sit
717 2129 760 2161 P.
780 2130 930 2161 Sallustii

196 2171 406 2210 propinquus,
419 2172 458 2201 cle
469 2182 528 2212 quo
538 2175 651 2213 paullo
661 2179 741 2213 post.
765 2184 795 2204 v.
811 2174 930 2214 Pighi-

201 2222 240 2242 us
254 2214 299 2243 ad
313 2224 345 2244 a.
368 2215 407 2245 U.
424 2223 532 2246 Dccn.
548 2217 604 2247 secl
623 2217 715 2247 Oodd.
733 2215 921 2258 niljuvant.

252 2256 306 2287 Cn.
334 2257 521 2296 Sallustius,
540 2260 580 2290 ad
600 2261 675 2291 Div.
694 2261 757 2291 xiv.
777 2265 825 2292 ll.
857 2262 927 2292 Att.

201 2299 245 2328 xi.
276 2303 323 2330 ll.
356 2303 481 2332 anticus
501 2313 649 2335 summus
676 2304 841 2335 Ciceronis.
887 2304 927 2336 Iu

203 2343 315 2373 animo
343 2345 458 2375 Cic-ero
489 2345 590 2377 habet
620 2358 695 2378 curn
723 2358 762 2378 eo
794 2349 927 2380 mittere

201 2386 308 2416 filium
325 2387 367 2417 ad
384 2388 561 2428 Caesarem,
578 2401 655 2421 cum
672 2391 834 2422 exularet.

247 2430 290 2460 P.
307 2431 496 2469 Sallustius,
513 2435 584 2466 Att.
601 2435 644 2466 xi.
665 2437 712 2465 11.
732 2436 852 2474 frater
867 2440 928 2466 aut

193 2475 397 2514 propinquus
414 2476 507 2507 Cnei.

249 2518 308 2547 Cn.
327 2517 514 2557 Sallustius,
532 2521 571 2550 de
588 2521 700 2551 Divin.
718 2522 739 2552 i.
758 2524 810 2553 28.
842 2521 928 2553 Cice-

199 2562 286 2592 ronis
309 2562 450 2593 libertus.
476 2564 516 2593 ad
539 2565 614 2596 Div.
638 2566 702 2595 xiv.
720 2568 750 2596 4.
774 2569 822 2597 ll.
855 2565 927 2597 lau-

201 2603 310 2634 datur.
333 2607 403 2635 Att.
421 2606 442 2636 i.
461 2610 490 2637 3.
509 2614 542 2637 et
565 2611 612 2638 11.

247 2647 338 2679 Se-rt.
365 2648 501 2688 Sollius,
518 2651 633 2691 Agrar.
658 2651 692 2682 ii.
711 2654 764 2684 34.
795 2652 927 2683 Duum-

200 2690 250 2720 vir
267 2691 400 2731 Capuae.

246 2733 389 2771 Saleius,
408 2736 449 2766 ad
463 2736 541 2768 Div.
555 2737 598 2767 ix.
615 2740 662 2768 10.
691 2738 732 2768 ad
748 2739 819 2770 Att.
836 2740 879 2770 ix.
893 2744 925 2774 7.

201 2774 340 2807 libertus
365 2779 480 2809 Attici.
511 2780 553 2810 ad
573 2781 644 2812 Att.
662 2792 692 2812 x.
713 2786 762 2814 18.
787 2782 926 2814 libertus

193 2819 374 2851 Hortensii
392 2822 462 2852 tilii.

247 2862 356 2900 Salus,
381 2865 451 2896 Att.
477 2867 517 2895 iv.
547 2869 572 2896 l.
614 2867 698 2905 Dea,
723 2870 816 2908 cujus
839 2874 926 2900 tem-

197 2906 293 2952 plum
313 2918 386 2939 erat
399 2919 499 2952 prope
516 2909 654 2942 domum
670 2912 776 2944 Attici
792 2915 825 2944 in
843 2913 927 2946 colle

730 123 876 153 INDEX
907 124 1186 155 msa-omens.

985 214 1162 256 Quirinali.
1187 215 1227 245 de
1237 224 1297 256 quo
1312 214 1375 247 vid.
1395 212 1486 246 Ptin.
1502 226 1597 248 xxxv.
1614 219 1646 249 4.
1672 215 1717 254 de

987 260 1064 290 Div.
1083 260 1103 288 i.
1117 262 1171 294 47.
1189 259 1312 289 Salutis
1327 260 1518 299 augurium.

1031 302 1228 340 Samiarius,
1253 303 1338 333 Phil.
1361 305 1404 333 xi.
1428 305 1459 333 2.
1487 303 1580 342 exul,
1605 313 1625 334 a
1646 314 1713 344 quo

986 346 1183 377 interfectus
1200 352 1251 377 est
1268 347 1305 378 L.
1321 346 1520 385 Trebonius,
1530 347 1628 386 jussu
1642 349 1714 379 Do·

987 388 1126 420 labellae.

1031 433 1319 472 Sampsiceramus,
1342 434 1414 464 Att.
1439 434 1473 464 ii.
1502 437 1551 466 14.
1582 434 1632 464 16.
1660 437 1710 469 17.

986 477 1039 506 23.
1068 481 1113 506 est
1135 477 1324 516 Pompeius.
1375 478 1522 508 (blei-mn
1537 481 1583 508 est
1598 487 1710 508 nomm

985 518 1219 550 Emesenm-um
1244 520 1374 560 Reguli.
1407 522 1523 553 Strabo
1547 523 1568 552 l.
1592 521 1657 551 xvi.
1674 531 1711 562 p.

990 564 1083 596 1092.
1111 563 1159 594 ecl.
1175 564 1280 594 Amel.

1030 605 1150 642 Samlo,
1174 607 1216 636 ad
1246 607 1321 638 Div.
1346 608 1392 638 iii.
1417 611 1447 642 7.
1486 612 1582 648 pater
1606 607 1711 638 Athe-

985 648 1101 679 nodori
1117 649 1225 680 Stoici.

1028 693 1072 734 Q.
1086 692 1215 732 Sanga,
1229 693 1338 724 Pison.
1349 697 1401 725 31.
1425 695 1578 734 Senator,
1594 694 1633 726 de
1645 694 1711 726 Fa-

986 737 1039 766 bia
1051 741 1159 775 gente.

1029 779 1163 819 Sannio,
1187 779 1229 810 ad
1260 779 1409 811 Herenn.
1433 781 1476 811 iv.
1501 784 1554 812 50.
1585 791 1708 812 nomen

983 832 1080 854 servi.

1029 866 1167 907 Sapala,
1187 867 1285 907 petit.
1311 867 1410 898 Cons.
1433 869 1464 898 3.
1497 867 1624 898 amicus
1647 867 1711 899 Ca-

982 909 1102 948 tilinae,
1118 921 1238 951 praeco.

1028 954 1170 994 Sapplw,
1186 954 1279 984 Verr.
1303 954 1344 983 iv.
1363 957 1414 988 57.
1446 954 1517 995 ejus
1540 957 1653 986 statua
1673 955 1709 986 in

983 996 1147 1038 Prytaneo
1162 998 1377 1037 Syracusano.

1029 1041 1129 1078 Sara,
1146 1051 1176 1070 v.
1195 1041 1352 1080 Siregius.

1028 1084 1290 1125 sardanapalus,
1304 1085 1373 1115 Fin.
1387 1085 1421 1115 ii.
1435 1085 1487 1116 353.
1510 1085 1611 1116 Tusc.
1622 1085 1662 1126 Ω.
1678 1095 1708 1117 v.

983 1131 1036 1159 35.
1069 1128 1277 1168 epigramma
1293 1128 1327 1158 in
1344 1128 1518 1168 sepulchro
1534 1131 1604 1168 ejus
1623 1129 1708 1160 ridet

981 1171 1189 1202 Aristoteles.
1222 1171 1276 1202 De
1297 1182 1331 1202 eo
1350 1182 1425 1211 rege
1440 1173 1570 1203 erudita
1584 1177 1631 1203 est
1644 1174 1708 1204 ‹lis-

978 1216 1106 1256 putatio
1114 1215 1255 1246 Buherii
1266 1215 1381 1255 adfin-
1393 1220 1546 1246 notarum
1558 1217 1594 1246 in
1611 1216 1706 1248 Tusc.

1027 1259 1206 1299 Sarpedon,
1223 1259 1299 1290 Div.
1315 1259 1350 1289 ii.
1371 1261 1420 1290 10.
1436 1259 1524 1289 filius
1539 1259 1642 1290 Jovis.

1026 1302 1184 1339 Sassina,
1203 1302 1287 1333 Phil.
1304 1302 1373 1333 xiii.
1396 1305 1443 1333 13.
1461 1303 1588 1333 amicus
1601 1303 1707 1334 Anto·

982 1346 1041 1377 nii.
1063 1346 1134 1376 Att.
1151 1357 1202 1376 xv.
1218 1348 1248 1377 2.
1267 1356 1343 1376 cum
1362 1346 1469 1376 Matio
1485 1352 1520 1376 et
1535 1346 1707 1378 Postumio

980 1390 1076 1420 ludos
1105 1397 1274 1430 procurat,
1294 1390 1334 1419 ab
1357 1389 1497 1420 Octavio
1520 1390 1707 1430 institutos,

979 1435 1015 1464 in
1030 1435 1175 1464 honorem
1198 1433 1343 1464 Caesaris.

1025 1477 1148 1514 Sassia,
1165 1476 1300 1507 Cluent.
1318 1480 1348 1508 5.
1380 1481 1489 1506 mater
1505 1475 1666 1509 Cluentii.

1025 1521 1168 1558 Satrius,
1186 1520 1228 1551 ad
1249 1520 1345 1551 Brut.
1361 1520 1392 1550 6.
1423 1519 1553 1559 legatus
1571 1521 1610 1552 C.
1624 1521 1708 1552 Tre-

979 1564 1083 1596 bonii.

1023 1607 1155 1639 Satrius
1187 1609 1350 1639 Caninius.
1373 1607 1446 1638 Att.
1470 1608 1492 1637 i.
1519 1610 1546 1638 1.
1584 1606 1707 1638 Casam-

979 1652 1075 1682 homes
1085 1656 1186 1691 pietat
1200 1662 1265 1682 esse
1280 1653 1416 1692 equitem
1433 1651 1585 1688 Roman„
1597 1650 1705 1693 cujus,

977 1697 1011 1726 in
1043 1696 1144 1725 libello
1166 1696 1205 1725 de
1226 1697 1325 1726 claris
1353 1695 1598 1731 Grammaticis,
1622 1695 1706 1726 Sue·-

978 1741 1081 1770 tonius
1104 1740 1293 1770 mentionem
1303 1737 1406 1779 facit.
1436 1738 1542 1769 Cel-ero
1556 1748 1630 1768 eum
1646 1749 1704 1779 ap-

971 1785 1077 1823 pellat
1100 1783 1238 1813 fratrem
1263 1783 1297 1812 P.
1321 1782 1423 1812 Varii.
1451 1783 1646 1822 Corruptum
1661 1785 1703 1812 lo-

976 1837 1052 1857 cum
1071 1831 1194 1866 putant
1214 1835 1289 1856 cum
1311 1827 1383 1863 alii,
1398 1830 1470 1856 tum
1495 1825 1706 1865 Longius-ad

982 1872 1045 1901 Cic.
1065 1871 1104 1900 cle
1124 1869 1216 1910 Qffi'e.
1231 1870 1278 1900 iii.
1298 1873 1346 1900 18.

1020 1914 1069 1944 M.
1096 1913 1241 1950 Satrius,
1257 1913 1297 1943 de
1321 1912 1416 1943 Offic.
1430 1912 1477 1943 iii.
1498 1915 1547 1943 18.
1572 1911 1621 1942 Μ.
1638 1912 1703 1944 Mi-

977 1957 1068 1987 nucii
1084 1957 1185 1988 Basili
1201 1957 1319 1987 sororis
1332 1956 1434 1994 filius,
1449 1961 1485 1986 et
1499 1956 1606 1986 heres.

1021 2000 1231 2038 Saturnalia,
1257 2000 1331 2030 Cat.
1363 2000 1410 2030 iii.
1432 2001 1464 2030 4.
1499 2000 1573 2030 Att.
1592 2009 1623 2029 v.
1648 2001 1701 2031 20.

975 2044 1044 2074 xiii.
1063 2046 1114 2075 52.
1147 2045 1301 2074 solemnia
1323 2044 1357 2075 in
1379 2043 1572 2074 memoriam
1595 2052 1704 2073 aureoe

975 2089 1079 2118 (etatis
1107 2089 1268 2118 celebrata
1295 2097 1328 2117 a.
1351 2087 1385 2117 d.
1408 2094 1478 2117 inv.
1510 2086 1591 2118 Kal.
1617 2087 1701 2117 Jau.

975 2130 1174 2162 Saturnalia
1202 2131 1343 2162 secunda
1373 2134 1404 2161 et
1431 2130 1540 2167 tertia,
1564 2139 1644 2168 cape
1664 2131 1704 2160 de

974 2176 1026 2205 die
1038 2177 1175 2205 seeundo
1185 2180 1216 2206 et
1227 2176 1321 2205 ter-tio
1333 2174 1617 2204 Saturnaliorum.
1633 2174 1699 2204 vid.

981 2219 1116 2249 Gronov.
1133 2220 1179 2250 ad
1193 2219 1267 2249 Liv.
1284 2228 1358 2248 xxx.
1375 2218 1428 2248 35.

1024 2262 1082 2293 Cn.
1099 2262 1313 2299 Saturninus,
1330 2260 1443 2291 Plane.
1461 2263 1491 2291 8.
1509 2264 1545 2290 et
1563 2261 1612 2291 12.
1630 2258 1701 2290 lau-

975 2305 1084 2336 datur.
1098 2309 1168 2346 ejus
1180 2309 1276 2345 pater
1288 2305 1414 2344 primus
1429 2314 1470 2333 ex
1484 2303 1615 2334 Atinati
1626 2312 1702 2333 mu-

974 2349 1098 2389 nicipio
1120 2348 1236 2380 AEdilis
1259 2354 1294 2378 et
1317 2354 1440 2387 praetor
1459 2347 1569 2378 faetus
1580 2351 1642 2378 est.
1657 2346 1701 2378 ad

974 2394 1051 2424 Div.
1068 2393 1135 2423 viii.
1156 2395 1203 2423 14.
1233 2399 1410 2422 accusatur
1424 2401 1445 2421 a
1459 2390 1521 2421 Cn.
1537 2390 1709 2421 Domitio..

974 2437 1031 2467 xii.
1048 2439 1100 2468 526.
1131 2436 1226 2466 heres
1240 2436 1281 2475 Ω.
1296 2434 1402 2466 Turii.

1021 2481 1062 2511 L.
1098 2478 1314 2516 Saturninus,
1345 2478 1386 2507 de
1416 2477 1496 2508 Har.
1529 2486 1614 2517 resp.
1645 2478 1703 2510 20.μ

973 2523 1065 2554 Sext.
1094 2526 1142 2557 17.
1174 2523 1328 2562 Quaestor
1349 2521 1527 2557 Ostiensis,
1544 2521 1579 2550 in
1595 2530 1700 2551 anno-

974 2576 1026 2597 nae
1043 2567 1183 2597 caritate
1198 2576 1218 2596 a
1236 2565 1470 2606 procuratione
1487 2564 1534 2594 rei
1548 2563 1700 2594 frumeu-

972 2611 1068 2641 tariae
1085 2614 1259 2640 amovetur
1280 2614 1316 2639 et
1337 2613 1516 2648 propterea.
1530 2606 1698 2647 popularis

974 2654 1024 2685 fit.
1055 2653 1152 2684 Catil.
1167 2654 1209 2683 iv.
1225 2655 1256 2684 ⁶2.
1287 2652 1324 2683 C.
1347 2651 1548 2682 Memmium
1570 2651 1701 2680 interfi-

974 2698 1030 2728 cit.
1054 2697 1144 2727 Sext.
1161 2700 1214 2731 47.
1242 2706 1262 2726 a
1275 2696 1316 2736 Ω.
1334 2694 1472 2725 Metello
1489 2703 1624 2723 censore
1640 2703 1700 2723 no-

971 2745 1075 2771 tatur.
1107 2741 1207 2771 Dom.
1223 2743 1275 2771 31.
1303 2739 1344 2779 2.
1362 2737 1541 2769 Metellum
1563 2737 1636 2776 lege
1658 2746 1697 2767 ex

972 2785 1054 2815 urbe
1069 2784 1171 2824 ejicit.
1196 2783 1308 2814 Rabir.
1325 2781 1418 2812 Perd.
1438 2784 1469 2811 3.
1487 2781 1517 2811 6.
1547 2781 1619 2820 ejus
1635 2789 1700 2811 cae-

973 2828 1043 2865 des,
1068 2828 1106 2858 de
1127 2837 1193 2867 qua
1215 2831 1281 2856 tota
1303 2827 1405 2856 oratio
1428 2825 1574 2864 legenda.
1597 2833 1626 2854 c.
1647 2826 1698 2854 11.

973 2882 992 2900 a
1016 2880 1108 2901 servo
1135 2871 1347 2900 interficitur.
1379 2869 1523 2909 Harusp.
1546 2876 1633 2908 resp.
1655 2865 1700 2897 ad

974 2914 1054 2945 Her.
1072 2915 1094 2945 i.
1116 2916 1165 2946 12.
1187 2915 1226 2945 it.
1240 2913 1282 2944 ir.
1297 2915 1350 2945 29.
1365 2911 1421 2953 Esc-
1436 2912 1492 2954 ξε.
