1800 3131
139 121 224 159 304

137 216 221 248 lum.
244 216 356 248 Plane.
381 215 532 257 25.fim's
552 215 717 248 honorum
739 218 869 259 populi,

138 265 190 291 est
216 261 418 292 consulatus.
446 259 548 291 Tusc.
575 259 608 291 ii.
638 265 663 292 1.
683 262 769 302 finis
795 273 868 303 spe·

138 304 248 342 randi,
261 309 311 334 est
334 314 517 342 summum,
534 304 622 343 quod
645 306 717 344 quis
736 315 866 347 sperare

138 352 261 387 potest,
279 353 337 378 aut
361 354 482 387 sperat.
505 348 586 378 *est
608 349 711 379 etiam
736 359 869 380 summa

139 391 280 429 alicujus
307 391 365 421 rei.
388 391 446 422 Or.
472 391 505 421 ii.
532 393 584 423 34.
608 392 706 432 hujus
732 394 866 432 quidem

138 434 201 465 loci
226 435 281 465 hic
303 440 353 465 est
364 435 466 475 finis:
483 434 503 454 ³*
519 435 596 474 Leg.
617 436 638 465 i.
653 437 705 465 21.
729 435 818 466 Mur.
836 441 867 469 9.

138 487 251 517 regere
262 478 364 519 fines,
381 485 432 510 est
454 479 671 516 constituere,
692 479 867 508 decernere

138 521 178 551 de
196 522 331 559 finibuS,
348 522 387 552 de
407 522 526 561 quibus
545 522 771 552 controversia
793 528 867 552 orta.

137 568 200 603 est,
217 565 310 606 quod>
327 565 457 596 faciunt
477 565 591 595 arbitri
602 562 731 605 finium
748 575 868 604 regun-

137 609 266 640 dorum.
282 609 398 640 v.<Lex
415 608 576 639 Mamilia.
596 616 599 617 ⁷

180 651 370 689 finitimus,
387 652 516 688 similis,
533 651 744 690 conjunctus.
767 650 826 682 Or.
843 651 865 682 i.

138 696 190 728 16.
201 696 372 737 finitimus
384 695 504 726 oratori
517 697 625 733 poeta.
649 695 692 724 N.
706 695 797 725 Deli.
815 698 866 729 39.

122 740 297 781 finitimus
319 739 401 769 mari
425 742 491 768 aer.
515 736 614 768 Brut.-
634 740 687 769 42.
713 738 865 769 vicinitas

125 783 290 824 finitima.
322 791 442 821 nempe
472 781 598 811 vicinus
629 780 728 812 latius
758 786 864 822 patet,

137 836 235 866 quam
240 827 423 867 finilimns.

180 870 317 907 Finilor,
335 867 551 908 agrimensor,
568 869 624 907 qui
646 877 741 908 agros
761 868 796 898 in
812 878 866 898 co-

135 912 231 944 loniis
262 912 464 942 deducendis
495 913 635 942 metitur
664 917 699 942 et
735 912 865 943 definit.

133 957 212 995 Agr.
237 957 271 986 ii.
303 959 351 987 13.
370 956 539 996 finitorem
565 956 725 986 mittant:
753 959 863 986 ratum

133 1001 189 1037 sit,
206 999 294 1039 quod
305 1000 426 1040 finitor
448 1000 507 1030 uni
531 998 591 1037 illi,
615 1009 635 1029 a
657 1009 722 1037 quo
746 1000 866 1029 missus

133 1045 211 1081 erit,
240 1043 496 1073 renunciaverit.
527 1042 568 1072 cf.
600 1053 628 1072 c.
662 1046 711 1077 17.
741 1044 794 1073 20.
833 1052 868 1072 v.

135 1086 245 1117 Goesii
260 1088 396 1126 Antiqu.
414 1087 491 1126 Agr.
510 1096 538 1116 c.
550 1089 580 1117 4.
598 1086 751 1126 inprimis
766 1096 798 1126 p.
812 1089 865 1117 31.

179 1131 318 1167 Finitus,
335 1134 456 1160 certus.
480 1129 559 1160 Nat.
572 1130 615 1160 D.
628 1130 662 1160 ii.
677 1132 730 1161 35.
754 1136 866 1159 motus

122 1174 229 1215 finiti.
261 1174 493 1204 *moderatus
518 1174 590 1204 Fin.
616 1173 637 1203 i.
666 1176 715 1208 19.
739 1173 867 1213 cupidi-

133 1223 219 1248 tates
232 1218 354 1258 finiloe.
379 1217 579 1247 *definitus
606 1217 706 1247 Tusc.
735 1217 781 1246 iii.
811 1219 863 1248 25.

133 1272 222 1292 mors
254 1265 304 1292 est
333 1262 488 1291 omnibus
508 1261 624 1301 finita.
654 1263 864 1290 ²ffnumerose

135 1306 268 1336 cadens.
293 1306 351 1336 Or.
369 1308 420 1336 51.
433 1305 541 1345 finita
559 1305 790 1344 pronunciare.

177 1349 299 1380 Fim're.
323 1358 449 1386 regere,
466 1348 640 1378 moderari.
675 1348 744 1377 Fin.
769 1347 815 1378 iii.
833 1352 865 1382 9.

133 1396 169 1422 et
191 1395 243 1424 20.
267 1393 464 1432 cupiditates
479 1392 595 1432 finire.
621 1391 722 1422 *Ate
747 1391 813 1421 viii.
833 1394 865 1422 3.

121 1437 259 1475 finienti
290 1436 473 1476 provincias
503 1435 626 1465 Gallias
658 1434 734 1465 Kal.
763 1435 865 1465 Mart.

134 1480 279 1510 restitit:
306 1481 326 1509 i.
351 1489 379 1509 e.
403 1489 480 1509 cuul
496 1483 647 1509 censeret
664 1479 830 1508 Caesarem
847 1488 865 1508 e

132 1523 242 1553 Gallia
250 1523 408 1553 decedere
418 1522 535 1552 debere
545 1522 620 1552 Kal.
630 1522 773 1552 Martiis.
789 1521 866 1551 *de-

129 1567 243 1604 finit-e,
267 1567 444 1607 praefinire.
477 1566 517 1596 ad
541 1566 616 1596 Div.
641 1576 692 1595 xv.
716 1570 747 1600 9.
778 1571 867 1595 tem-

131 1620 208 1651 pus,
224 1610 313 1650 quod
328 1610 411 1640 mihi
426 1614 461 1639 et
476 1609 548 1649 lege
565 1614 600 1639 et
615 1609 829 1649 SCtofinisli.

176 1654 245 1685 Fio.
267 1653 368 1684 Tusc.
384 1653 428 1683 iii.
448 1656 477 1684 5.
503 1652 615 1691 itafit,
631 1663 709 1692 pro:
734 1663 774 1683 ex
799 1663 864 1692 quo

132 1698 305 1737 sequitur:
341 1708 381 1727 ex
407 1697 626 1727 arithmeticis
653 1696 755 1726 ducta
779 1696 865 1726 ratio

132 1741 275 1771 dicendi.
300 1741 405 1780 *Aga
422 1741 456 1770 ii.
471 1743 523 1774 27.
547 1740 695 1780 quidfiet
711 1739 865 1780 pecunia.

133 1785 240 1815 Graev.
266 1785 427 1824 pecuniae.
452 1789 634 1822 utrumque
657 1789 787 1813 rectum
804 1788 865 1813 est.

135 1829 202 1865 Sic,
220 1828 300 1867 quid
323 1828 424 1858 facias
449 1827 590 1864 homini,
607 1831 640 1856 et
665 1827 811 1857 homine.
836 1837 866 1857 ν.

131 1871 230 1902 facio.
254 1871 327 1901 *ad
348 1872 424 1902 Div.
447 1871 501 1900 vii.
529 1873 576 1901 18.
602 1866 684 1900 nihil
698 1870 792 1909 fieri,
810 1870 867 1900 fri-

134 1925 210 1954 gere
233 1920 289 1945 te:
315 1915 347 1944 h.
370 1925 399 1945 e.
424 1914 507 1945 nihil
530 1918 677 1953 quaestus
692 1922 726 1944 te
742 1914 865 1951 facere,

133 1958 218 1989 nihil
234 1965 267 1989 te
285 1959 434 1999 accipere
448 1970 454 1987 z
473 1968 490 1988 e
509 1958 627 1999 Plauto
641 1957 778 1988 Curcul.
791 1968 821 1988 v,
835 1960 866 1988 2.

134 2006 165 2034 5.
194 2007 368 2042 postquam
392 2001 476 2032 nihil
503 2002 551 2031 fit.
590 2000 666 2031 Huc
693 2001 867 2042 pertinent

133 2055 183 2075 res
211 2057 230 2076 a
256 2045 379 2086 populo
393 2045 502 2086 sactoe
530 2045 745 2084 quaesitaeque
770 2045 865 2075 Verr.

135 2089 182 2120 iii.
201 2093 252 2121 55.
692 2103 697 2106 -

176 2133 306 2164 Firnze.
330 2133 401 2163 Fin.
417 2131 464 2162 iii.
480 2136 511 2166 9.
541 2141 693 2162 assensus
710 2142 786 2162 suos
795 2131 865 2172 fir-

133 2186 184 2207 me
199 2177 362 2207 sustinere
378 2188 384 2204 ε
409 2176 442 2206 h.
458 2186 488 2206 e.
505 2185 634 2212 cavere,
651 2185 693 2205 ne
713 2175 867 2206 elabatur

133 2221 226 2251 nobis
250 2229 415 2257 assensus,
432 2219 595 2258 rebusque
620 2219 755 2250 incertis
777 2223 865 2249 tam·

133 2274 234 2303 qnam
251 2265 349 2294 certis
365 2264 597 2294 assentiamur.
832 2264 835 2265 ’

176 2307 326 2339 Firmus.
353 2306 424 2338 Att.
452 2307 474 2338 i.
505 2310 532 2337 l.
553 2306 684 2347 firmus
711 2305 866 2336 candida-

132 2354 208 2384 tus:
230 2352 263 2382 h.
279 2362 308 2381 e.
325 2352 394 2391 qui,
411 2354 545 2391 propter
562 2350 704 2390 gratiam
720 2360 815 2380 suam
831 2353 866 2380 et

133 2395 332 2432 amicorum,
346 2404 504 2434 magnam
519 2403 613 2434 spem
629 2393 731 2423 habet
746 2403 866 2423 consu-

133 2438 221 2469 latus
238 2438 472 2478 consequendi.
489 2438 522 2467 in
541 2436 652 2468 Caecil.
668 2441 700 2471 9.
725 2436 818 2467 Verr.
831 2438 865 2467 ii.

136 2485 164 2512 1.
190 2486 362 2512 accusator
387 2482 535 2522 firmus:
560 2481 592 2511 h.
619 2490 648 2511 c.
674 2480 782 2518 sortis,
805 2482 867 2510 mi—

132 2526 224 2556 nime
239 2526 388 2556 timidus.

179 2569 213 2600 F
217 2571 330 2607 iscina,
348 2574 400 2600 est
414 2567 560 2600 utensile
575 2568 753 2604 rusticum,
771 2568 864 2607 eujus

133 2613 235 2643 etiam
265 2612 354 2652 apud
386 2613 551 2643 Catonem
581 2616 616 2642 et
642 2611 865 2641 Columellam

133 2656 271 2686 mentio.
295 2666 325 2687 v.
348 2655 461 2686 Lexic.
486 2655 601 2686 rustic.
627 2654 764 2686 Gesneri
781 2656 817 2686 in
833 2655 866 2686 h.

131 2708 162 2730 v.
187 2699 294 2730 Flacc.
316 2703 364 2733 17.
383 2700 509 2739 fiscina
525 2700 677 2729 ficorum.

176 2742 307 2779 Fiscus,
324 2743 365 2772 de
381 2744 538 2782 pecunia,
555 2743 633 2781 quia
655 2743 690 2772 in
699 2742 795 2782 fiscis
816 2752 867 2772 re·

132 2787 330 2827 ponebatur.
351 2786 427 2816 Act.
440 2787 462 2816 i.
479 2787 512 2816 in
526 2786 619 2816 Verr.
638 2788 668 2817 8.
684 2791 714 2820 9.
726 2786 805 2826 fisci
817 2787 866 2816 Si-

132 2831 296 2861 cilienses.
329 2829 373 2859 cf.
389 2829 480 2861 Verr.
504 2830 551 2860 iii.
572 2833 625 2864 79.
656 2829 727 2860 *ad
749 2830 789 2869 Q.
813 2830 865 2860 Fr.

131 2874 178 2904 iii.
197 2876 248 2904 14.
279 2872 418 2914 defin-o.
455 2873 630 2905 Manutius
646 2872 810 2914 intelligit
825 2874 864 2905 de

132 2927 260 2948 aerarm.

663 129 809 159 INDEX
838 131 1132 161 LAT1N1TAT13.

955 219 1101 251 Fissum.
1125 220 1202 251 Div.
1219 219 1253 250 ii.
1273 222 1324 251 13.
1342 218 1463 260 fissum
1479 219 1643 252 familiare

911 267 946 293 et
972 264 1081 294 vitale.
1112 263 1189 294 ibid.
1213 264 1234 293 i.
1264 267 1313 294 10.
1335 263 1458 303 fissum
1484 265 1518 294 in
1545 265 1641 295 extis.

913 306 989 337 Nat.
1018 308 1056 338 D.
1082 308 1127 337 iii.
1152 308 1181 337 6.
1201 307 1323 347 fissum
1341 307 1475 345 jecoris.
1506 307 1582 338 Div.
1606 308 1642 339 ii.

913 352 961 379 12.
994 351 1210 390 quodfissum
1228 350 1428 391 periculum,
1444 350 1532 389 quod
1549 360 1640 382 coma

911 393 1046 423 modum
1077 394 1210 434 aliquod
1239 394 1440 424 ostendezet.
1480 394 1556 423 Fuit
1581 403 1641 424 au-

911 441 981 465 tcm
996 437 1117 476 fissum
1146 437 1234 468 linea
1259 437 1468 476 imaginaria,
1491 442 1569 467 exta
1592 437 1642 467 bi-

911 480 1036 518 partito
1059 480 1220 518 dividens,
1237 485 1275 511 ut
1297 481 1403 510 altera
1425 490 1499 521 pars
1523 480 1565 510 ad
1581 479 1642 510 ho-

910 526 991 558 stes,
1022 523 1127 553 altera
1156 525 1197 554 ad
1227 525 1471 554 sacrificantem
1500 523 1640 562 ejusque

911 566 1047 603 amieos,
1071 566 1221 605 domum,
1250 569 1451 608 pertineret:
1477 567 1565 597 unde
1593 566 1641 596 fa·

912 607 1181 649 miliarefissum,
1199 621 1272 650 pars
1290 611 1462 642 familiaris
1486 614 1640 641 extorum

911 651 1045 682 dicitur.
1061 662 1091 682 v.
1107 654 1255 684 Turneb.
1271 655 1352 684 Adv.
1369 655 1410 684 iv.
1432 658 1479 685 18.
1507 653 1641 684 Delrius

909 694 951 724 ad
973 696 1088 726 Senec.
1111 696 1224 736 OEdip.
1246 708 1279 737 p.
1303 699 1377 729 363.
1401 708 1448 737 sq.
1467 698 1535 734 ubi,
1552 696 1642 736 quod

897 738 1022 778 fissum
1047 739 1211 776 Ciceroni,
1228 741 1362 770 Senecae
1385 741 1480 771 limes
1504 741 1639 771 dicitur.

911 781 971 812 Illa
994 783 1083 813 linea
1105 787 1218 813 autem
1243 783 1379 814 ducitur
1402 784 1443 814 ab
1465 794 1516 822 ea,
1539 793 1639 823 quam

909 825 1015 856 Graeci
1045 825 1148 859 πύλην
1177 832 1309 865 vocant,
1341 827 1396 857 ubi
1426 826 1492 857 lobi
1516 827 1640 866 jecoris

908 869 1106 900 finduntur:
1148 871 1235 909 quod
1270 874 1320 900 est
1354 870 1486 910 proprie
1504 871 1642 911 fissum.

906 913 971 943 vid.
989 913 1127 943 Salmas.
1144 914 1185 944 ad
1200 914 1301 945 Solin.
1319 923 1395 954 pag.
1410 916 1463 948 91.
1481 922 1510 943 a.

952 956 1100 993 Fistula,
1114 957 1237 988 canalis
1251 957 1427 998 plumbeus
1442 956 1494 987 vel
1509 957 1640 997 ligneus

908 999 951 1029 ad
978 1009 1099 1039 aquam
1133 1000 1361 1031 deducendam
1401 1000 1524 1040 aliquo.
1559 1000 1643 1031 Rab.

891 1043 1003 1074 ,Perd.
1039 1046 1087 1073 11.
1113 1044 1253 1083 fistulas
1283 1044 1418 1085 praecidi
1449 1045 1641 1084 imperarat.

909 1089 928 1107 *Ρ
940 1086 1098 1126 explosio.
1122 1087 1190 1117 Att.
1207 1088 1228 1117 i.
1244 1088 1292 1118 16.
1316 1094 1351 1118 et
1364 1088 1449 1118 ludis
1464 1096 1498 1117 et
1515 1087 1642 1127 gladia-

907 1131 1035 1160 toribus
1054 1132 1213 1160 maximas
1231 1130 1425 1170 ἰπισημασίεες
1441 1132 1512 1161 sine
1531 1136 1641 1171 pasto·

908 1174 986 1203 ritia
996 1173 1119 1213 fistula
1143 1174 1386 1205 auferebamus.
1411 1184 1441 1205 v.
1463 1175 1601 1205 Salmae.
1618 1174 1640 1206 l.

910 1227 938 1247 c.
955 1228 987 1257 p.
1009 1218 1080 1249 156.

954 1261 1148 1292 Fiscucator.
1174 1261 1231 1292 Or.
1255 1261 1300 1292 iii.
1324 1262 1376 1293 61.
1404 1261 1641 1302 sedfislulato-

908 1315 978 1334 ‘rem
995 1304 1084 1335 domi
1102 1305 1297 1344 relinquetis
1315 1306 1374 1335 &c.
1393 1305 1567 1345 fistulator
1589 1311 1641 1335 est

908 1357 1034 1385 servus,
1052 1349 1108 1388 qui
1136 1348 1248 1379 fistula
1271 1349 1405 1388 subjicit
1430 1349 1566 1380 domino
1592 1348 1641 1379 di-

909 1392 997 1422 centi
1025 1402 1157 1430 sonum,
1187 1402 1251 1431 quo
1280 1393 1432 1433 incipiat,
1456 1397 1492 1423 et
1515 1392 1640 1422 sensim

910 1435 1169 1466 adscendentem
1194 1446 1214 1465 a
1237 1436 1341 1466 nimia
1357 1437 1573 1467 contentione
1590 1444 1641 1465 re-

910 1484 1019 1509 vocat.
1081 1477 1283 1519 Hujusmodj
1321 1481 1415 1510 sertio
1450 1479 1641 1510 Gracchum

913 1533 1011 1553 usum
1028 1522 1129 1553 refert
1147 1523 1260 1553 Cicero
1277 1523 1298 1553 l.
1317 1532 1345 1553 c.

953 1566 1073 1604 Fixus,
1100 1572 1224 1604 certus,
1250 1571 1443 1606 perpetuus.
1475 1566 1576 1597 Tusc.
1608 1575 1639 1596 ν.

914 1612 962 1640 14.
989 1610 1111 1640 bonum
1116 1610 1245 1650 ficum.
1276 1610 1411 1640 Cluent.
1426 1612 1479 1641 45.
1509 1619 1577 1640 non
1594 1609 1641 1640 ita

897 1653 1016 1693 fixum
1046 1664 1116 1684 esse
1145 1654 1294 1691 deberet,
1323 1659 1363 1684 ut
1399 1653 1539 1684 convelli
1573 1662 1642 1684 non

908 1696 1036 1726 liceret.
1068 1697 1180 1728 Rabir.
1213 1698 1304 1727 Post.
1335 1701 1366 1731 9.
1404 1696 1467 1727 hoc
1505 1702 1642 1727 maneat

909 1744 944 1770 et
959 1740 1076 1780 fixum
1103 1742 1157 1771 sit.
1188 1740 1230 1770 ad
1260 1740 1335 1770 Div.
1361 1740 1426 1770 xiv.
1453 1743 1485 1771 4.
1515 1740 1543 1770 si
1569 1740 1642 1770 haec

909 1783 998 1813 mala
1014 1784 1096 1823 fita
1116 1789 1208 1814 sunt.
1238 1785 1361 1814 *Sext.
1389 1786 1419 1815 5.
1437 1784 1519 1824 fixa
1543 1783 1644 1814 vesti·

911 1828 977 1867 gia,
995 1833 1214 1868 opponuntur
1229 1827 1348 1858 leviter
1364 1828 1495 1868 pressis.

953 1871 1147 1902 flabellum.
1173 1870 1280 1901 Flacc.
1305 1873 1357 1902 23.
1392 1872 1487 1910 cujus
1510 1870 1641 1910 lingua,

909 1915 1001 1953 quasi
1009 1914 1146 1955 flabello
1161 1914 1346 1953 seditionis,
1363 1914 1481 1944 concio
1497 1918 1548 1944 est
1563 1923 1643 1944 ven·

909 1957 1018 1988 tilata.

953 2002 1104 2038 Flaccus,
1122 2002 1177 2041 qui
1202 2011 1298 2032 aures
1320 2000 1423 2032 habet
1445 2010 1584 2041 magnas
1607 2005 1642 2032 et

908 2044 1096 2084 languidas.
1126 2046 1207 2076 Nat.
1223 2046 1266 2076 D.
1283 2046 1304 2075 i.
1322 2047 1374 2079 29.

954 2089 1115 2120 Haecere.
1145 2089 1185 2129 Ω.
1205 2089 1256 2119 Fr.
1272 2089 1307 2119 ii.
1327 2091 1376 2119 15.
1401 2087 1546 2119 Messala
1551 2087 1642 2129 flac-

909 2137 976 2163 cet:
1001 2132 1070 2163 scil.
1087 2133 1121 2162 in
1138 2133 1300 2173 petitione
1317 2144 1324 2162 z
1350 2132 1371 2162 i.
1389 2142 1418 2162 e.
1435 2142 1554 2173 parum
1570 2132 1643 2172 spei

910 2175 1022 2206 habet.

953 2221 1164 2251 flaccescere.
1188 2220 1283 2251 Brut.
1309 2220 1361 2249 24.
1377 2217 1548 2258 flaccescit
1570 2228 1643 2249 ora-

909 2264 968 2293 tio.

954 2307 1139 2346 Flagz'lare,
1166 2306 1308 2346 exigere.
1331 2306 1432 2337 Dom.
1458 2307 1511 2337 20.
1534 2304 1647 2345 flagi-

913 2356 985 2382 tare
1000 2351 1238 2391 cistophorum.

952 2395 1165 2433 flagrantia.
1189 2393 1270 2424 Coel.
1288 2395 1341 2424 20.
1355 2391 1547 2432 flagrantia
1563 2401 1643 2422 ocu·-

909 2438 1029 2468 lorum.
1060 2439 1194 2477 signum
1210 2436 1367 2467 libidinis.

952 2482 1130 2521 Flagrare.
1156 2481 1249 2511 Verr.
1268 2480 1303 2510 ii.
1321 2482 1373 2510 53.
1387 2478 1566 2519 flagrabat
1583 2478 1640 2509 do-

910 2535 985 2556 mus
1001 2525 1112 2556 studio
1127 2528 1162 2554 et
1173 2524 1356 2564 cupiditate
1368 2523 1556 2552 hominum.
1573 2523 1594 2552 i.
1610 2532 1640 2552 e.

909 2569 1010 2610 plena
1032 2577 1105 2599 erat
1128 2568 1335 2605 hominibus,
1350 2566 1385 2596 in
1407 2566 1528 2605 quibus
1555 2568 1643 2595 esset

909 2613 1058 2643 studium
1088 2616 1123 2641 et
1153 2611 1318 2651 cupiditas
1351 2610 1410 2640 &c.
1455 2610 1508 2640 Sic
1538 2609 1641 2639 etiam

908 2658 1014 2696 poetis
1044 2656 1171 2686 fervere
1198 2655 1359 2684 dicuntur
1388 2652 1473 2690 loca,
1500 2653 1536 2682 in
1567 2662 1642 2692 quan

909 2700 1063 2730 homines
1078 2698 1226 2729 studiose
1237 2697 1493 2736 frequentesque
1505 2699 1643 2726 coeunt.

910 2743 977 2773 vid.
1007 2743 1192 2773 Burmann.
1222 2740 1264 2770 ad
1292 2739 1402 2770 valer.
1435 2739 1482 2770 Fl.
1513 2740 1535 2770 i.
1568 2741 1641 2771 121.

909 2786 1016 2817 Flacc.
1042 2788 1094 2817 28.
1125 2783 1307 2815 multitudo
1320 2783 1482 2823 flagrans
1504 2783 1538 2814 in
1563 2792 1643 2813 con-

910 2831 1060 2860 cionibus
1074 2840 1081 2858 t
1099 2829 1120 2858 i.
1137 2838 1165 2858 e.
1182 2827 1362 2857 seditiones
1379 2836 1526 2858 movenS.
1547 2826 1647 2857 Verr..

909 2874 952 2904 iv.
979 2875 1031 2905 32.
1069 2872 1231 2908 convivia,
1257 2880 1330 2910 quae
1357 2870 1548 2902 domesticis
1570 2875 1642 2901 stu-

908 2918 975 2958 pris
993 2914 1371 2957 flagitiisqueflagrant.
