1804 3235
588 172 732 202 mnnx
762 173 1128 203 Gnoonar’mctJS.

166 263 306 300 Anum,
329 262 370 293 ad
402 262 472 294 Att.
503 263 571 292 viii.
606 266 657 293 50.
695 262 855 303 oppidum

117 298 158 338 ἂι
173 316 231 338 ora
248 307 401 337 Etruriae.

136 372 139 374 -
166 349 322 386 Alsiense,
338 361 391 391 cp.
415 350 446 381 6.
469 349 509 379 ad
534 348 608 379 Div.
633 348 687 378 lib.
706 349 748 379 ix.
774 358 857 389 prae-

121 392 214 423 dium
227 394 354 424 «lictum
371 394 412 424 ab
427 392 527 423 Alsio.

166 437 298 476 Alyzia,
321 447 372 477 ep.
396 439 427 467 52.
459 436 499 466 ad
524 436 598 466 Div.
623 435 678 465 lib.
705 436 767 466 xii.
799 446 856 475 op-

121 479 238 520 pidum
269 481 475 517 Acarnaniae,
503 481 587 510 citra
616 479 804 510 Leucadem
839 490 858 509 a

125 523 231 554 Patris
248 523 379 554 ltaliam
397 533 519 553 versus.

165 567 354 605 Amalthea,
382 567 422 597 ad
446 567 516 597 Λα.
541 567 562 596 1.
590 569 638 596 153.
661 566 739 596 villa
754 566 857 596 Attici

121 609 157 640 ln
175 610 288 650 Epiro,
306 611 400 649 cujus
416 620 502 651 saepe
521 611 645 640 mentio
664 611 712 640 fit.

164 654 389 691 Amaltheam,
406 653 448 684 ad
461 654 530 684 Λα.
548 654 568 683 i.
587 657 634 684 15.
649 654 856 694 gymnasium

120 697 155 727 in
183 696 359 728 Amalthea
385 698 485 728 fuisse
517 698 658 727 videtur.
692 697 755 727 vid.
789 698 856 727 iud.

124 740 290 772 Graecum.

164 784 326 821 Amana-v,
343 783 385 814 ad
401 783 476 814 Div.
491 784 524 814 ii.
537 793 589 824 ep.
607 786 655 814 10.
671 783 767 813 Mons
779 783 858 813 Cili-

123 827 182 858 018
205 837 230 858 a·
246 827 358 858 Tauro
381 837 590 868 procurrens,
615 834 648 857 et
671 828 742 865 ejus
765 828 857 866 qnasi

121 879 243 901 ramus.
262 871 302 901 ab
318 871 446 901 oriente
463 871 613 902 Ciliciam
631 870 769 908 claudit,
788 879 821 901 et
840 881 860 902 a

122 914 216 955 Syria
231 914 369 945 dirimit.

164 958 383 996 Amaniensis,
407 957 449 988 ad
475 957 550 988 Div.
578 956 634 987 lib.
663 957 696 987 ii.
724 967 776 997 ep.
808 960 857 988 10.

121 1001 238 1032 incolae
255 1001 378 1031 montis
395 1001 514 1031 Amani
530 1001 563 1030 in
582 1001 707 1030 Cilicia.

164 1045 336 1082 Amantia,
365 1044 448 1074 Phil.
480 1044 522 1074 xi.
558 1047 606 1075 11.
636 1044 794 1085 oppidum
824 1045 859 1074 in

122 1096 181 1118 ora
196 1087 383 1128 illyricana.

164 1131 354 1169 Ambracia,
371 1130 413 1162 ad
431 1129 526 1161 Brut.
545 1134 574 1162 5.
595 1131 673 1161 urbs
694 1129 858 1171 Thespro-

115 1174 177 1205 tia!
207 1175 244 1205 in
275 1175 388 1215 Epiro,
420 1174 462 1205 ad
491 1175 602 1205 sinum
633 1174 858 1205 Ambracium.

125 1216 222 1248 Unde

163 1261 386 1299 Ambraciota,
402 1260 502 1291 Tusc.
519 1260 559 1301 Ω.
576 1262 599 1291 1.
617 1264 670 1293 34.

163 1304 312 1343 Ameria,
330 1306 551 1345 municipium
570 1306 605 1335 in
621 1305 770 1335 Umbria.
789 1303 860 1334 Un-

123 1347 164 1378 de
182 1348 340 1378 Amerini.

163 1392 420 1429 Amestratinos,
438 1391 473 1422 in
488 1391 582 1422 Verr.
598 1391 655 1422 lib.
680 1391 726 1421 iii.
751 1394 804 1425 39.
831 1401 859 1421 v.

121 1438 157 1466 51
168 1459 175 1465 .
189 1436 229 1465 ab
241 1435 395 1465 Amastra
405 1445 430 1466 s.
444 1435 634 1465 Amestrato
646 1435 767 1475 oppido
780 1435 861 1464 Sici-

122 1478 189 1516 nae,
205 1488 294 1508 mare
311 1488 435 1516 versus,
452 1479 494 1509 ad
511 1478 670 1509 Halesum
688 1479 838 1509 fluvium.

163 1522 308 1560 Amisus,
324 1521 405 1562 Leg.
418 1522 511 1552 Man.
528 1526 558 1553 8.
575 1521 735 1563 oppidum
752 1521 861 1552 nobile

125 1564 235 1596 Ponti.

164 1609 423 1648 Amphictyones,
447 1608 488 1639 de
516 1608 588 1639 Inv.
620 1608 654 1638 ii.
685 1610 738 1639 23.
771 1619 861 1639 com-

120 1660 224 1683 mune
255 1651 393 1682 Graeciae
426 1652 618 1690 concilium,
650 1653 743 1691 cujus
774 1662 861 1692 saepe

122 1695 250 1726 mentio
265 1695 354 1736 apud
370 1695 644 1726 Demosthenem.
663 1706 692 1725 v.
710 1705 772 1726 van
795 1696 862 1727 Da-

121 1737 176 1769 len
194 1738 283 1769 Diss.
301 1739 341 1769 de
357 1739 506 1770 Concilio
523 1739 817 1780 Amphictyonum.

165 1783 406 1823 Amphilochia,
425 1784 461 1813 in
484 1783 593 1813 Pison.
610 1785 663 1814 40.
682 1793 760 1822 ager
776 1783 863 1813 circa

121 1824 239 1865 Argos,
271 1825 566 1867 Amphilochorum
602 1827 718 1857 urbem
749 1828 784 1856 in
818 1827 862 1856 A-

125 1878 295 1899 carnama.

166 1913 398 1952 Ampsanctus,
430 1913 470 1943 de
506 1913 582 1944 Div.
615 1913 637 1943 i.
669 1913 722 1944 36.
756 1912 862 1944 Lacus

123 1956 311 1996 pestilentis
334 1958 463 1996 vaporis
487 1958 521 1987 in
549 1956 711 1997 Hirpinis.
735 1956 774 1986 de
799 1968 863 1996 quo

124 1999 189 2030 vid.
212 1999 329 2039 virgil.
350 2000 427 2031 AEn.
445 2001 501 2031 vii.
519 2002 592 2032 565.
610 2010 680 2040 sqq.
696 2006 731 2030 et
747 2001 791 2031 ibi
809 2000 864 2031 ln-

124 2047 300 2083 terpretes.

165 2086 339 2125 Anagnia,
351 2085 441 2116 dives
457 2087 535 2117 urbs
551 2087 586 2117 in
603 2086 772 2118 Hernicis.
790 2087 863 2118 Vir·

123 2129 180 2170 351.
198 2129 274 2161 AEn.
291 2130 346 2160 vii.
364 2131 438 2161 684.
472 2129 567 2166 Unde

163 2173 351 2213 Anagnini,
370 2173 489 2214 Philip.
506 2174 540 2204 ii.
558 2177 612 2205 41.
629 2178 664 2204 et

167 2217 398 2256 Anagninum,
416 2216 458 2247 ad
480 2217 551 2248 Att.
577 2218 632 2247 xii.
657 2220 683 2248 1.
700 2217 864 2258 praedium

124 2260 159 2291 in
176 2269 254 2299 agro
269 2259 441 2300 Anagniae.

167 2304 292 2342 Ancon,
310 2303 352 2334 ad
382 2303 453 2334 Att.
481 2305 536 2334 vii.
568 2308 617 2335 11.
647 2305 763 2334 eadem
791 2315 865 2344 quae

121 2357 164 2376 vu
181 2356 222 2377 νο
247 2348 395 2384 Ancona,
423 2348 498 2378 urbs
528 2349 697 2378 maritima
724 2349 758 2378 in
787 2358 866 2387 agro

123 2390 269 2421 Piceno.-
303 2391 419 2421 Ancon
431 2398 550 2422 ⁴autem
568 2400 617 2422 est
634 2392 790 2422 usitatius
811 2402 865 2420 ve·

123 2434 262 2464 teribus.
286 2444 316 2464 ν.
341 2433 556 2476 Oudendorp.
580 2435 622 2465 ad
648 2435 731 2466 Caes.
759 2435 797 2466 B.
827 2435 866 2466 C.

125 2477 149 2509 i.
169 2479 219 2508 12.
245 2476 334 2508 Hinc

167 2521 406 2559 Anconitanus,
423 2520 481 2552 Or.
499 2531 557 2562 pro
574 2520 707 2552 Cluent.
730 2525 779 2552 14.

168 2564 300 2595 Andria
315 2563 479 2604 Terentii,
501 2566 541 2596 ab
557 2565 670 2596 Andro
686 2565 867 2606 Cycladum

127 2607 246 2638 insula.

170 2652 268 2687 Anio,
287 2651 406 2682 fluvius
422 2651 631 2683 Sabinorum.

167 2695 331 2730 Aniensis,
349 2695 391 2725 ad
409 2695 486 2726 Div.
504 2696 571 2726 viii.
591 2700 620 2727 8.
641 2696 748 2726 tribus
768 2696 868 2728 rusti·

129 2741 222 2768 ean'ae
239 2746 373 2768 nomen.

169 2781 394 2819 Antilibanus,
420 2791 514 2812 mons
537 2791 638 2823 supra
662 2792 752 2812 mare
775 2781 867 2812 Sido-

130 2824 239 2862 nium,
257 2825 313 2864 qui
330 2835 407 2855 cum
424 2824 564 2863 Libano,
582 2826 635 2855 cui
652 2825 868 2855 exadversum

126 2869 211 2898 situs
227 2872 291 2905 est,
307 2868 429 2908 ubique
445 2869 513 2900 fere
529 2869 710 2908 aequalibus
723 2869 869 2907 disjunc-

128 2914 186 2941 ms
216 2911 345 2950 spatiis,
377 2912 589 2952 Coelesyriam
621 2912 867 2952 complectitur.

128 2953 171 2986 ad
188 2953 262 2986 Att.
279 2955 314 2986 ii.
341 2956 391 2987 16.
418 2965 449 2987 v.
467 2956 585 2987 Strabo
602 2956 624 2987 1.
649 2957 693 2986 vi.
717 2965 750 2996 p.
775 2956 868 2991 1096.

1575 165 1629 212 ³7

942 263 1124 298 Antiochia,
1141 263 1181 293 ad
1198 262 1267 294 Att.
1284 274 1314 294 v.
1335 267 1383 294 ia.
1401 271 1500 305 caput
1515 267 1626 307 Syrie.

900 305 986 335 Hinc
1006 308 1224 342 Antiochinas,
1245 307 1326 337 Phil.
1345 309 1386 337 xi.
1404 313 1433 341 7.

943 350 1090 385 Antium,
1110 351 1184 379 urbs
1208 352 1326 381 »eteris
1353 350 1436 381 Latii
1460 352 1500 381 :ul
1523 361 1626 389 maro,

898 392 1033 422 celebris·
1050 394 1127 422 olim
1147 403 1179 423 re
1196 394 1316 430 navali,
1333 395 1458 434 templo
1477 395 1626 424 Fortunae

898 442 931 466 et
948 437 1110 473 sortibus,
1127 436 1166 466 de.
1183 438 1299 475 quibus
1316 438 1348 467 in
1366 444 1505 476 utroque
1517 439 1555 467 dc
1570 438 1627 468 Di-

899 481 1001 510 xinat.
1020 480 1112 510 libro.
1159 480 1245 509 Hinc
1262 480 1419 511 dit-untur

942 524 1103 560 Antiates,
1121 523 1161 553 ad
1178 523 1248 554 ΑΗ.
1266 524 1298 554 11.
1316 525 1346 554 6.

941 567 1075 604 Aonius,
1092 567 1134 597 ad
1156 567 1226 597 Ait.
1245 577 1274 597 v.
1290 569 1343 598 21.
1367 567 1407 597 ab
1424 567 1541 605 Aonia,
1559 568 1579 598 i.
1597 576 1626 598 e.

900 609 1038 641 Boeutia.

941 654 1101 693 Apamea,
1119 653 1160 684 ad
1175 653 1246 684 Act.
1263 664 1292 683 v.
1314 654 1362 684 16.
1387 654 1463 684 urbs
1480 653 1630 693 Phrygiae

902 698 1032 735 majoris
1049 698 1089 727 ad
1107 698 1245 737 Marsyae
1264 704 1298 727 et
1321 697 1482 728 Maeandri
1505 698 1631 727 contiu-

900 748 1004 770 entes.
1037 741 1086 771 De
1104 741 1164 771 hac
1180 750 1310 781 semper
1326 741 1558 779 intelligendus
1581 745 1633 771 est

900 783 1029 821 Cicero,
1045 794 1122 814 cum
1139 785 1177 814 de
1194 794 1233 815 ca
1249 786 1282 814 in
1300 784 1455 824 Epistolis
1471 784 1630 823 loquitur,

901 837 973 865 quae
998 828 1071 868 ipsi,
1097 828 1219 858 Ciliciae
1245 828 1447 865 Proconsuli,
1470 828 1633 858 attributa

900 871 976 901 tuit.

943 915 1125 954 Apollonia,
1135 913 1175 944 ad
1188 913 1281 944 Brut.
1294 916 1325 946 2.
1338 916 1414 945 nrbs
1427 914 1630 945 Macedonia

902 959 1082 994 maritima,
1096 958 1267 988 literarum
1283 958 1401 989 studiis
1417 958 1545 989 nobilis.

943 1002 1185 1042 Apolloniensis,
1200 1002 1233 1031 iu
1249 1001 1341 1032 Verr.
1359 1003 1404 1032 iii.
1421 1005 1472 1033 43.
1490 1002 1531 1032 ab
1553 1001 1634 1032 Sici·

901 1044 952 1074 liae
969 1045 1089 1084 oppido
1105 1045 1288 1085 Apollonia.

943 1088 1117 1128 Apollonisf,
1130 1098 1188 1129 pro
1204 1088 1318 1119 Flacco
1333 1090 1386 1119 91.
1398 1089 1556 1129 oppidum
1571 1087 1634 1128 Ly-

901 1132 973 1169 ciae,
991 1141 1064 1171 quae
1081 1137 1114 1161 et
1130 1132 1346 1172 Apolloniden.
1368 1138 1402 1162 et
1424 1132 1635 1173 Apollonidia

901 1175 1035 1205 dicitur.
1083 1174 1177 1204 Unde

944 1219 1209 1258 Apollonidicnsis
1245 1228 1271 1249 s.
1299 1219 1560 1258 Apollonidensis.
1593 1219 1635 1250 ad

901 1261 942 1301 ρ.
961 1262 1011 1292 Fr.
1030 1262 1050 1291 i.
1068 1264 1099 1292 ⁶2.
1118 1265 1148 1293 3.
1165 1261 1237 1292 Att.
1254 1273 1282 1291 v.
1305 1265 1353 1293 13.

944 1306 1148 1345 Apenninus,
1166 1315 1259 1335 mons
1277 1304 1421 1342 Italiam,
1437 1305 1540 1336 veluti
1561 1307 1636 1338 dor·

902 1358 989 1386 sum,
1009 1358 1101 1389 paene
1123 1353 1231 1379 totam
1253 1359 1459 1389 percurrens,
1482 1349 1638 1382 laudatur

903 1402 933 1422 v.
951 1403 980 1422 c.
998 1392 1038 1422 de
1054 1392 1111 1422 Or.
1129 1393 1174 1422 iii.
1197 1395 1245 1427 19.
1264 1392 1347 1423 Phil.
1364 1393 1420 1422 xii.
1442 1395 1490 1423 ll.

945 1436 1064 1475 Appia,
1082 1435 1124 1466 ad
1139 1436 1210 1466 Att.
1228 1436 1261 1465 ii.
1283 1438 1332 1467 12.
1351 1437 1404 1466 via
1424 1436 1637 1468 celeberrima

903 1485 937 1509 et
954 1479 1081 1518 Regina
1103 1479 1243 1516 viarum,
1261 1480 1312 1509 uti
1335 1479 1460 1509 Statius
1479 1481 1638 1520 appellat,

904 1523 1010 1553 Roma
1032 1523 1193 1563 Capuam,
1219 1528 1252 1552 et
1276 1522 1391 1563 Capua
1412 1522 1638 1555 Brundusium

902 1567 1024 1603 ferens,
1051 1567 1092 1596 ab
1112 1566 1220 1606 Appio
1246 1566 1342 1597 Caeco
1365 1566 1507 1597 Censore
1533 1572 1639 1599 strata

905 1611 1091 1649 magnifice.
1109 1608 1180 1639 Liv.
1198 1610 1241 1639 ix.
1255 1611 1307 1644 29.

946 1654 1101 1693 Appiani,
1119 1653 1159 1683 ad
1178 1653 1252 1683 Div.
1270 1653 1317 1683 iii.
1334 1663 1386 1694 ep.
1399 1657 1430 1687 7.
1448 1653 1564 1685 incolae
1581 1664 1638 1694 op—

903 1697 971 1737 pidi
981 1697 1092 1737 Appiae
1104 1697 1138 1726 in
1151 1696 1302 1736 Phrygia.
1326 1696 1522 1727 Laudantur
1537 1699 1640 1729 etiam

904 1741 992 1779 apud
1020 1740 1178 1778 Plinium,
1205 1746 1239 1770 et
1270 1741 1342 1780 ipsa
1367 1739 1448 1771 αἰτία
1477 1751 1503 1771 s.
1529 1742 1640 1781 potius

903 1783 1008 1814 aim-fa
1032 1784 1066 1814 in
1094 1783 1256 1813 Hieroclis
1279 1784 1483 1824 Synecdemo
1509 1795 1541 1825 p.
1565 1786 1640 1817 668.

947 1828 1044 1867 Appii
1061 1828 1194 1864 Forum,
1212 1837 1242 1858 V.
1263 1827 1384 1858 Forum
1403 1827 1509 1867 Appii.

947 1871 1081 1910 Apulia,
1099 1880 1173 1910 pars
1188 1869 1324 1900 Graeciae
1337 1880 1466 1910 magnae
1478 1876 1640 1911 extrema,

904 1914 992 1944 unde
1009 1915 1109 1954 Apula⁴
1125 1914 1294 1944 dicuntur.

947 1958 1111 1997 Aquileia,
1129 1957 1289 1997 oppidum
1311 1957 1491 1989 et-eolonia
1506 1958 1540 1989 in
1556 1958 1643 1998 regi-

905 2011 968 2032 one
983 2000 1221 2041 Transpadana
1234 2001 1270 2031 in
1285 2000 1434 2032 Venetis.

948 2045 1127 2084 Aquinum,
1142 2045 1218 2074 urbs
1229 2043 1318 2074 Latii
1335 2045 1421 2075 novi.
1439 2044 1526 2075 unde
1541 2045 1643 2086 Aqui-

908 2093 1002 2118 nates
1018 2088 1186 2118 dicnntur.
1219 2103 1226 2108 ·

948 2132 1106 2169 Arcadia,
1130 2131 1220 2171 regio
1242 2130 1458 2172 Peloponnesi
1487 2131 1645 2162 mediter-

907 2185 1018 2206 ranea.

950 2219 1133 2255 Arcanum,
1165 2217 1206 2248 ad
1238 2217 1310 2248 Att.
1340 2228 1371 2248 v.
1405 2221 1432 2248 1.
1464 2223 1499 2248 et
1529 2217 1646 2249 multis

907 2262 979 2293 aliis
1002 2262 1094 2299 locis,
1113 2262 1146 2291 in
1163 2263 1278 2302 primis
1299 2271 1352 2302 ep.
1376 2261 1417 2292 ad
1440 2260 1480 2301 Ω.
1505 2261 1556 2292 Fr.
1581 2262 1648 2293 fuit

907 2305 1070 2346 praedium
1115 2304 1156 2344 Ω.
1196 2305 1319 2336 Fratris
1351 2315 1452 2346 prope
1497 2305 1645 2336 Mintur-

911 2359 980 2380 nas.

951 2392 1096 2428 Aradus,
1114 2391 1155 2422 ad
1178 2390 1249 2421 Att.
1271 2391 1314 2422 ix.
1332 2395 1363 2426 9.
1380 2392 1459 2422 urbs
1475 2391 1645 2422 Phoenices

908 2437 943 2466 in
961 2435 1070 2465 insula
1085 2445 1198 2475 parva,
1215 2435 1402 2465 continenti
1411 2436 1544 2473 juncta.

951 2480 1122 2515 Ardeates,
1140 2479 1180 2508 ab
1195 2478 1319 2516 Ardea,
1337 2477 1426 2509 Latii
1440 2479 1533 2509 urbe.

951 2523 1130 2558 Arethusa,
1143 2521 1272 2552 celeber
1282 2522 1354 2552 fons
1366 2522 1486 2552 Siciliae
1498 2522 1540 2552 ad
1551 2521 1646 2562 Syra-

910 2576 1022 2597 cusas:
1048 2565 1087 2595 de
1100 2575 1164 2604 quo
1182 2564 1246 2595 vid.
1266 2564 1348 2595 lntt.
1366 2565 1407 2596 ad
1423 2565 1514 2606 Virg.
1531 2565 1648 2605 Eclog.

909 2621 941 2641 x.
958 2617 994 2640 et
1009 2609 1104 2639 Ovid.
1139 2608 1276 2638 Metam.
1293 2618 1323 2638 v.
1342 2610 1414 2643 567.
1431 2618 1502 2648 sqq.
1533 2608 1649 2648 Qualifl

910 2663 999 2684 nunc
1030 2653 1086 2690 sit,
1110 2662 1140 2682 v·
1167 2662 1221 2692 ap.
1246 2651 1445 2683 Dorvillium
1472 2653 1506 2682 in
1529 2652 1648 2682 Siculin

911 2708 931 2738 p
953 2741 1139 2778 Argenteus
1173 2738 1321 2776 Flavius,
1345 2748 1397 2778 ep.
1421 2740 1475 2769 34.
1507 2737 1547 2768 ad
1571 2737 1649 2769 Div.

910 2783 966 2814 lib.
991 2794 1022 2812 x.
1047 2783 1081 2812 in
1105 2781 1212 2812 Gallia
1229 2781 1449 2821 Transalpina
1465 2781 1506 2812 ad
1529 2781 1650 2813 Forum

911 2826 1054 2857 «Iulium.
1336 2829 1346 2840 ⁵

954 2870 1141 2908 Argenteus
1158 2867 1261 2905 Pons,
1278 2867 1320 2897 ad
1336 2867 1411 2898 Div.
1430 2878 1461 2898 x.
1479 2870 1532 2899 34.
1558 2867 1651 2898 locus

912 2913 964 2943 vel
980 2913 1072 2942 vicus
1088 2921 1165 2941 cum
1183 2917 1283 2950 ponte
1301 2911 1336 2941 in
1358 2911 1458 2942 fluvio
1473 2912 1648 2952 Argenteo.

957 2956 1056 2995 Argi,
1073 2955 1150 2986 urbs
1167 2953 1343 2994 Argouda,
1359 2954 1448 2986 uude

926 3007 949 3030 ι
970 3001 989 3031 2
