1804 3178
637 137 780 168 mntx
815 140 1104 170 LATmi'rATls.

119 225 165 258 ld
175 224 254 259 San.
270 225 370 259 Catil.
385 227 418 260 6.
445 226 537 267 Jugu

120 269 168 301 iii.
187 272 236 304 19.
258 270 439 310 digitorum
455 271 664 312 percussione
682 269 848 300 heredita-

118 316 171 343 tes
198 315 349 344 omnium
376 314 418 345 ad
445 324 480 344 se
506 318 700 344 convertere.
733 314 789 344 ubi
817 324 846 344 v.

120 354 265 396 interpr.
288 357 379 388 νει-ι’.
395 358 442 388 iii.
457 357 510 392 76.
541 358 717 397 pecuniam
737 356 846 397 publi-

119 408 194 429 cam
210 400 346 431 donnum
362 411 457 432 suain
472 405 667 438 com-encre,
679 410 738 441 pro
754 411 846 431 aver·

119 445 201 473 tere.

169 487 356 518 convestire.
370 488 412 528 Ω.
423 487 474 518 Fr.
485 487 530 518 iii.
545 491 570 518 l.
580 497 608 518 c.
618 490 649 519 2.
665 488 844 528 topiarium

120 528 264 568 laudavi,
289 531 338 561 ita
364 533 478 562 omnia
502 533 683 562 comesto-ie
713 531 845 562 hedera.

119 571 221 603 Dom-
236 577 291 605 ³8.
317 577 490 606 ‹mwestita
504 582 555 605 est
578 575 696 606 domus
718 576 847 606 duobus

119 615 214 647 lucis.

167 660 364 698 conticium,
374 660 508 692 clamor.
527 661 568 692 ad
580 662 654 693 Div.
667 663 688 693 i.
699 665 728 694 5.
743 663 847 693 com-⁸·-

117 702 323 741 ciojactatus
339 709 389 734 est
404 716 450 736 sc.
461 705 730 737 acclamantium.
747 705 846 736 Arch.

118 746 152 777 6.
178 756 274 777 aures
288 750 423 779 comicia
445 748 590 780 deses-sm.
625 750 716 780 verr.
741 760 770 780 v.
798 753 845 780 ll.

119 790 269 821 convivia
294 801 370 821 cuni
400 794 544 822 manino
575 792 719 823 clamore
748 797 845 832 atque

117 835 265 865 convicio.
303 835 321 852 '⁶
338 834 521 866 (bnvicium
544 837 689 874 aurium,
713 837 847 876 elegan—

118 880 172 908 tei·
200 877 336 915 dicitur,
362 889 439 909 cum
471 889 566 910 aures
596 880 732 919 aliquid,
759 885 847 910 tam-

118 929 219 959 quam
236 922 348 952 minus
365 932 477 959 suave,
495 923 685 962 repudiant,
702 934 762 954 nec
783 924 846 954 ser-

118 972 154 993 re
170 970 323 1004 possunt,
338 970 373 996 et
390 966 482 996 nobis
498 971 668 1005 tamquam
691 968 846 1006 injucun-

118 1006 259 1039 ditarem
275 1009 488 1049 exprobrant.
511 1010 604 1040 Orat.
619 1014 672 1042 48.
696 1011 846 1050 aliquan-

116 1049 174 1088 do,
186 1051 285 1090 idque
299 1061 386 1090 sero,
399 1055 536 1084 convicio
550 1055 679 1084 aurium
698 1065 773 1085 cum
791 1065 846 1084 cx-

116 1097 207 1131 torta
221 1094 304 1125 mihi
321 1097 442 1126 veritas
457 1104 556 1135 esset,
573 1108 669 1128 usum
691 1098 844 1137 loquendi

116 1136 241 1178 populo
264 1140 424 1178 concessi,
441 1141 614 1171 scientiam
638 1142 720 1171 mihi
745 1152 847 1172 reser-

116 1181 202 1213 vavi.
231 1181 250 1200 ε
264 1182 400 1221 querela
423 1184 660 1215 vehementior.
689 1185 765 1216 Div.
782 1186 845 1216 xvi.

116 1224 171 1256 26.
187 1225 355 1256 verberavi
370 1232 404 1257 te
421 1228 632 1266 cogitationis
648 1229 749 1259 tacito
761 1228 846 1259 dun-

115 1271 214 1299 taxat
228 1271 377 1301 cmwicio.
393 1271 472 1301 ibid.
490 1272 545 1303 xii.
561 1274 614 1303 ²25.

165 1311 346 1350 &mictu-c,
362 1314 483 1352 victus,
500 1324 688 1355 oppressus.
713 1315 784 1346 Pin.
799 1315 846 1345 iii.

119 1358 149 1387 1.
185 1356 395 1396 voluptatem
428 1367 660 1390 concessuram
690 1359 844 1396 arbitror,

113 1400 298 1430 convictam
335 1402 504 1440 superiore
543 1402 639 1440 libro,
677 1402 846 1441 dignitati.

117 1441 225 1473 Flacc.
256 1447 305 1478 17.
336 1445 569 1484 reprehensus,
595 1447 755 1476 convictus
780 1446 844 1476 fra-

116 1490 268 1526 ctusque.
292 1487 371 1518 ibid.
384 1490 437 1519 32.
461 1489 547 1519 bona
557 1491 710 1520 convicta.
731 1499 760 1519 v.
775 1494 845 1520 not.

115 1527 198 1569 Leg.
214 1530 236 1561 i.
254 1533 305 1562 13.
331 1530 438 1562 fracta
453 1536 489 1562 et
501 1534 644 1563 convicta
657 1538 760 1563 secta.
783 1533 845 1563 Ca-

113 1571 167 1603 til.
183 1573 217 1603 ii.
234 1573 265 1604 6.
288 1575 451 1606 convictus
467 1577 680 1607 conscientia.
710 1576 845 1607 Cluent.

116 1618 149 1648 3.
174 1626 277 1648 causa
290 1627 392 1658 prope
407 1621 553 1650 convicta
569 1625 669 1659 atque
688 1620 846 1650 damnata

96 1663 182 1691 .est.·
207 1659 341 1692 ¹'‘Dom.
363 1665 415 1696 57.
445 1665 587 1694 cmwicta
611 1669 646 1693 et
669 1664 846 1694 commissa

114 1708 168 1734 est
189 1703 334 1743 devotio,
350 1705 487 1744 dicitur,
512 1711 550 1737 ut
573 1707 657 1737 illud
679 1707 842 1738 alterum:

114 1745 269 1778 damnari
285 1749 362 1779 voti.
386 1749 481 1789 Quir.
499 1760 531 1790 p.
549 1750 588 1780 R.
611 1753 636 1781 1.
661 1752 731 1790 ejus
748 1751 846 1780 ‹levo-

112 1790 216 1821 tionis
232 1800 286 1822 me
300 1801 370 1823 esse
385 1795 562 1824 convictum
581 1794 639 1824 ἃς.
663 1795 681 1812 '⁶
693 1794 774 1824 Sull.
792 1798 844 1824 30.

112 1835 258 1865 convinci
273 1835 309 1865 in
324 1845 359 1866 re
382 1835 504 1876 aliqua.
551 1838 604 1868 Sic
621 1842 658 1868 et
679 1838 787 1869 Tacit.
802 1838 842 1867 A.

113 1887 166 1908 xv.
178 1880 232 1909 44.

162 1920 367 1960 anum-ere,
389 1932 450 1963 pro
472 1924 615 1954 vincere.
646 1923 730 1954 Phil.
755 1923 788 1953 ii.
812 1926 843 1954 4.

113 1965 298 1996 convincere
319 1966 465 2005 aliquem
490 1967 721 2007 chirographo.
750 1966 844 1997 verr.

114 2007 162 2038 iii.
178 2009 232 2042 72.
254 2010 439 2041 convincere
454 2010 693 2041 adversarium.
724 2010 743 2029 ff
757 2011 846 2041 refu-

113 2054 200 2082 tare.
231 2051 333 2083 Tuae.
362 2052 385 2084 i.
416 2054 447 2084 6.
480 2054 561 2093 quid
588 2061 640 2085 est
670 2054 842 2094 negotium

113 2094 282 2135 pictorum
305 2100 462 2136 portenta
482 2098 677 2128 convincere.
708 2098 750 2128 cf.
773 2107 846 2127 cou-

112 2139 228 2170 ‹za-tus.
251 2138 422 2170 *conduci
437 2139 610 2179 dicuntur,
625 2150 765 2180 quorum
783 2141 846 2171 cri-

114 2182 208 2213 mina
236 2183 285 2213 ita
310 2183 490 2214 manifesta
512 2189 594 2214 sunt
618 2184 759 2215 testibus
786 2185 846 2214 &c.

112 2224 217 2263 facta,
232 2231 274 2257 ut
294 2227 408 2266 negari
433 2237 500 2258 non
524 2228 661 2268 possint.
691 2227 774 2258 Lael.
796 2231 846 2262 17.

115 2267 275 2300 maleficii
304 2271 458 2302 convinci.
502 2271 522 2289 ⁸
534 2271 665 2309 docere,
694 2271 845 2302 docendo

113 2312 249 2344 vincere
271 2317 308 2344 et
328 2313 492 2345 obtinere.
522 2313 639 2345 Parad.
657 2318 688 2346 5.
705 2318 737 2346 3.
760 2319 845 2345 extr.

113 2356 200 2386 ratio
221 2360 257 2387 et
277 2357 400 2388 veritas
421 2358 494 2398 ipsa
507 2359 673 2389 convincit.
703 2357 783 2389 Nat.
799 2358 843 2389 D.

111 2399 162 2430 iii.
180 2403 231 2435 17.
259 2400 319 2431 sed
331 2405 384 2439 ut,
399 2402 526 2432 Stoicos
543 2401 627 2432 nibil
643 2401 684 2432 de
698 2401 772 2433 Diis
788 2411 845 2431 ex-

113 2442 252 2484 plicare,
265 2445 475 2476 convinceret.

162 2486 354 2518 vainctus
364 2488 540 2519 exhibetur
554 2488 589 2518 in
604 2488 694 2519 libris
709 2487 846 2528 quibus-

115 2528 207 2562 dam.
224 2530 359 2562 Cluent.
371 2535 402 2563 5.
417 2532 520 2563 libido
537 2541 604 2562 non
619 2531 729 2562 solum
745 2530 845 2562 dede-

115 2582 206 2612 core,
221 2573 281 2605 sed
294 2575 397 2606 etiam
418 2576 542 2606 scelere
557 2576 734 2606 convincta.
779 2574 845 2605 Sed

114 2616 325 2657 probandum
338 2622 402 2657 est,
417 2619 508 2659 quod
529 2618 584 2649 alii
608 2618 683 2649 libri
705 2617 845 2656 habent,

112 2661 272 2699 conca-ta,
286 2668 347 2693 aut
361 2663 473 2702 potius
488 2662 561 2701 conj
567 2666 678 2693 uncta.

164 2703 350 2737 convocare.
363 2706 403 2736 de
412 2706 606 2743 vocantibus
619 2714 759 2736 numero
770 2704 844 2744 plu-

115 2746 207 2778 ribus
230 2748 310 2788 Agr.
332 2749 380 2780 iii.
407 2755 492 2781 extr.
516 2753 555 2780 ut
579 2753 614 2780 et
639 2748 847 2779 conscribere

115 2788 250 2822 dieitur.
430 2788 433 2791 ⁴

164 2832 334 2874 cooptatio,
347 2835 389 2866 de
405 2835 549 2867 lectione
566 2836 599 2866 in
616 2835 777 2866 Senatum
793 2843 850 2865 oc—

115 2877 235 2915 currit,
251 2876 331 2918 Leg.
347 2880 394 2910 iii.
414 2882 463 2910 12.

166 2919 262 2962 an‘a
275 2931 337 2962 pro
352 2923 456 2964 copiis
479 2923 656 2964 aliquoties
674 2921 850 2963 Pompeius

541 225 605 257 rth.
622 229 675 259 85.
689 231 722 261 9.
750 225 768 244 ⁸
780 227 845 258 Off.

1523 139 1602 185 247

887 228 921 258 in
938 237 991 268 ep.
1006 227 1047 258 ad
1062 228 1131 258 Au.
1147 229 1213 259 viii.
1234 232 1281 261 12.

933 272 1099 311 copulare.
1135 272 1228 303 Orat.
1257 276 1308 304 45.
1344 273 1484 306 libenter
1511 287 1605 318 copu-

886 315 983 345 tando
1005 314 1102 344 verba
1119 314 1318 354 jungebant,
1343 324 1381 347 ut
1403 318 1508 355 sude-s,
1533 331 1604 360 pro,

886 356 912 387 si
937 357 1049 388 audes.
1077 357 1180 388 ‘'l-'im
1201 359 1233 388 ii.
1261 362 1307 390 14.
1336 370 1410 390 cum
1437 365 1603 401 pru-senti-

886 401 946 431 bus
970 402 1081 431 sutura
1097 403 1255 440 copulare.
1284 403 1301 420 ·
1314 403 1405 433 Vcrr.
1424 404 1456 434 ii.
1477 406 1528 435 66.
1559 417 1606 437 co·

879 446 990 485 putati
1006 443 1106 482 injus
1123 445 1347 484 pervenimus:
1374 447 1394 476 i.
1411 458 1439 476 v.
1457 457 1534 477 uua.

933 488 1115 528 (opulams.
1149 487 1213 518 Off.
1241 489 1261 518 i.
1292 492 1339 522 ¹7.
1374 489 1455 519 nihil
1484 491 1606 521 amabi-

885 530 962 569 lius,
979 531 1062 562 nihil
1077 533 1257 572 copulatius
1272 537 1320 562 est
1334 544 1340 560 z
1366 542 1463 562 seusu
1487 535 1603 564 activo.

884 575 948 605 sed
971 575 1104 614 quidam
1131 574 1232 606 codd.
1256 573 1379 605 liabent
1395 578 1607 616 copulamius,

885 618 972 658 quod
989 618 1142 648 l’eareius
1159 619 1294 659 recepit.

932 661 1000 693 Cor.
1032 661 1134 692 Tusc.
1151 662 1171 692 i.
1186 667 1217 696 9.
1247 662 1327 692 Aliis
1347 672 1399 692 cor
1415 662 1520 702 ipsum
1539 664 1607 693 zuli-

885 715 958 736 mus
981 705 1132 744 videtur3
1163 716 1202 736 vx
1225 716 1290 744 quo
1311 705 1479 743 excordes,
1498 716 1607 736 iecor-

884 748 953 784 ch‚
969 754 1005 779 et
1019 748 1196 779 concordes
1210 749 1378 779 dicuntur.

932 794 1057 824 Corum.
1089 793 1181 823 verr.
1206 793 1239 822 ii.
1262 795 1314 823 41.
1337 794 1390 823 42.
1420 802 1527 822 coram
1553 792 1607 822 dc-

884 835 968 866 ferre
985 836 1148 875 aliquem:
1175 835 1206 866 h.
1222 846 1250 866 e.
1268 846 1358 875 euin,
1372 837 1426 875 qui
1443 836 1531 866 domi
1544 842 1607 874 est,

885 888 945 909 nec
963 880 1203 920 peregrinatur.

933 923 1069 954 (orbita.
1094 924 1165 953 Att.
1188 922 1250 953 xvi.
1268 923 1298 952 6.
1324 923 1414 952 navis
1442 923 1606 961 oneraria,

883 970 921 996 ut
934 967 1002 1006 ipse
1015 967 1129 997 statim
1142 972 1215 1007 post
1229 965 1383 1006 appellat.
1404 966 1534 995 Nomen
1551 965 1610 996 ha-

884 1010 939 1040 bet
956 1020 976 1040 a
990 1011 1090 1047 corbe,
1107 1020 1206 1049 quam
1232 1010 1265 1039 in
1292 1009 1378 1039 malo
1401 1019 1531 1039 summo
1557 1018 1609 1039 so-

884 1052 996 1084 lebant
1012 1053 1178 1084 interdum
1195 1052 1395 1093 suspendere
1413 1052 1483 1082 loco
1508 1052 1609 1091 signi,

884 1102 922 1127 ut
947 1105 1063 1127 auctor
1089 1103 1139 1127 cst
1169 1096 1296 1127 Festus.
1343 1095 1451 1133 Hujus
1480 1096 1610 1135 generis

884 1140 985 1170 etiam
1004 1141 1130 1170 mentio
1156 1140 1245 1180 apud
1263 1139 1430 1170 Lucilium
1454 1146 1489 1168 ct
1513 1138 1611 1169 Plau-

885 1188 971 1214 tum.
987 1194 1017 1214 v.
1033 1183 1152 1214 Scheff.
1166 1183 1205 1213 de
1223 1194 1255 1213 re
1271 1183 1355 1213 Nav.
1368 1192 1399 1222 p.
1421 1185 1489 1215 176.

932 1227 1068 1257 Cor-dax.
1099 1226 1192 1257 Orat.
1208 1229 1259 1261 57.
1291 1225 1484 1256 Aristoteles
1495 1230 1608 1257 autem

882 1270 1068 1301 trochaeum
1099 1271 1153 1309 qui
1181 1274 1231 1300 est
1261 1268 1375 1299 codem
1405 1269 1511 1309 spatio
1543 1279 1609 1308 quo

884 1313 1036 1352 choreus,
1061 1314 1224 1344 cordacem
1249 1311 1406 1352 appellat,
1431 1312 1509 1351 quia
1532 1321 1607 1343 con-

885 1358 1006 1388 tractio
1025 1364 1059 1387 et
1079 1357 1219 1387 brevitas
1236 1355 1434 1395 dignitatem
1458 1364 1525 1385 non
1550 1355 1610 1385 ha-

884 1401 973 1431 beat.
1018 1400 1198 1431 Trochaeus
1215 1399 1279 1430 h.l.
1297 1404 1336 1430 ut
1352 1397 1441 1440 apud
1454 1398 1610 1438 Quincti-

885 1444 1010 1474 lianum
1043 1444 1165 1484 passim
1189 1448 1238 1474 est
1264 1442 1350 1473 idem
1374 1452 1444 1482 peS‚
1471 1442 1526 1480 qui
1550 1442 1611 1472 tri-

885 1487 1023 1528 brachys
1035 1487 1169 1518 dicitur.
1191 1487 1292 1518 Hune
1310 1485 1412 1525 igitur
1427 1485 1557 1524 pedem,
1570 1489 1610 1516 ut

884 1531 1084 1569 molliorem,
1093 1528 1330 1573 κσρδακικώτερον
1343 1527 1522 1569 appellavit
1536 1528 1609 1559 Ari-

884 1574 1038 1605 stoteles:
1062 1574 1151 1604 unde
1175 1573 1339 1603 Mem-sius
1363 1573 1396 1602 in
1416 1571 1609 1609 Orchestra,

885 1619 917 1648 iu
941 1616 1056 1660 κόρδαξ,
1079 1617 1210 1647 volebat
1240 1616 1293 1646 hic
1319 1621 1354 1645 et
1383 1625 1436 1655 ap.
1464 1614 1609 1655 Quintil.

885 1662 927 1692 ix.
942 1665 974 1693 4.
1002 1661 1065 1700 legi
1087 1660 1302 1696 cordacicum,
1319 1658 1358 1688 de
1382 1668 1446 1698 quo
1470 1658 1535 1688 vid.
1550 1657 1609 1689 vi-

884 1716 935 1735 ros
959 1704 1073 1735 doctos
1099 1704 1140 1734 ad
1164 1702 1306 1744 Quintil.
1334 1701 1355 1732 l.
1378 1711 1406 1732 e.
1446 1701 1605 1732 Ceterum

884 1749 923 1779 dc
943 1749 1086 1785 cordace,
1103 1746 1278 1778 saltatione
1294 1744 1456 1783 molliore,
1483 1744 1607 1775 lasciva

883 1799 917 1822 et
947 1791 1086 1828 comica,
1118 1791 1152 1821 in
1174 1800 1239 1830 qua
1265 1788 1438 1819 celerrima
1461 1789 1606 1828 corporis

883 1835 1070 1875 pedumque
1080 1834 1221 1874 agitatio
1229 1832 1433 1870 dominatur,
1444 1841 1472 1861 v.
1484 1831 1608 1863 Meurs.

881 1879 903 1910 l.
917 1890 945 1909 c.

931 1923 1058 1953 Cornic
1080 1920 1170 1952 Mur.
1186 1922 1235 1950 ll.
1262 1918 1369 1949 Flacc.
1382 1920 1434 1950 20.
1446 1919 1608 1949 cornicum

884 1966 997 1997 oeulos
1020 1965 1196 2004 configere.
1224 1968 1275 1993 cst
1293 1967 1430 1992 acutum
1456 1965 1491 1991 et
1516 1960 1608 1992 calli-

885 2010 967 2040 dum
983 2009 1145 2048 decipere.

933 2053 1158 2088 corollarium,
1175 2053 1227 2080 est
1242 2048 1371 2089 proprie
1393 2047 1495 2085 idem,
1518 2045 1606 2086 quod

884 2097 1013 2127 corolla.
1064 2094 1192 2126 Orrolcoe
1207 2097 1320 2123 autem
1338 2091 1460 2122 fiebant
1476 2099 1542 2120 non
1554 2099 1606 2120 so-

884 2141 955 2171 lum
970 2149 987 2169 e
1005 2138 1137 2169 floribus
1154 2144 1189 2167 et
1212 2135 1395 2172 frondibus,
1420 2133 1476 2164 sed
1500 2133 1603 2164 etiam

885 2195 903 2214 e
919 2183 1051 2214 laminis
1069 2181 1226 2212 tenuibus
1243 2179 1355 2216 aeneis,
1369 2187 1442 2217 quae
1458 2186 1539 2207 auro
1555 2186 1605 2207 ar-

884 2232 1052 2267 gentoque
1084 2223 1339 2258 inducebantur,
1377 2220 1465 2259 quod
1499 2229 1604 2260 genus

884 2270 1005 2311 passim
1022 2269 1056 2299 in
1073 2267 1219 2306 antiquis
1243 2264 1467 2295 monumentis
1489 2273 1606 2294 occur-

884 2314 941 2352 rit,
957 2320 1154 2353 suspensum
1171 2309 1210 2340 de
1228 2307 1320 2339 collis
1336 2307 1522 2338 hominum.
1538 2306 1604 2336 vid.

883 2367 912 2387 v.
930 2367 959 2387 c.
995 2354 1231 2395 cistophorum
1256 2351 1351 2382 illum
1378 2349 1524 2380 Bellonae
1550 2359 1604 2390 ap.

883 2400 1020 2431 Gon-ium
1039 2398 1073 2428 in
1095 2397 1247 2436 Inscript.
1265 2394 1440 2431 Donianis,
1457 2392 1529 2424 loco
1548 2402 1602 2423 su-

883 2453 943 2485 pra
958 2443 992 2473 in
1011 2440 1226 2480 Cistophorus
1243 2438 1358 2469 citato.
1391 2437 1516 2468 Eodem
1533 2445 1603 2467 mo-

883 2487 925 2518 do
955 2490 1069 2517 autem
1095 2482 1329 2513 describuntur
1354 2480 1526 2511 corollaria
1552 2489 1605 2519 ap.

883 2530 968 2561 Plin.
984 2529 1028 2560 H.
1046 2528 1088 2560 N.
1104 2526 1171 2557 xxi.
1187 2527 1218 2558 2.
1254 2525 1431 2558 Corollaria
1447 2534 1464 2553 e
1481 2522 1606 2553 lamina

883 2583 970 2605 aerea
983 2571 1077 2602 tenui
1094 2571 1247 2600 inaurata
1267 2573 1326 2598 aut
1349 2570 1526 2607 argentata
1548 2565 1604 2596 da-

885 2618 1017 2648 bantur.
1061 2611 1264 2653 Hujusmodi
1280 2612 1404 2642 corolloe
1426 2609 1604 2640 metallicae

885 2660 1051 2690 dabantur
1066 2655 1282 2687 histrionibus
1297 2655 1332 2684 in
1347 2663 1459 2691 scena,
1484 2653 1511 2683 si
1537 2651 1605 2694 pla-

885 2707 1038 2739 cuerant,
1069 2704 1155 2730 teste
1184 2698 1278 2729 Varr.
1299 2697 1338 2728 L.
1358 2697 1398 2729 L.
1423 2696 1465 2727 iv.
1489 2695 1539 2727 16.
1562 2694 1605 2726 cs.

887 2744 1036 2777 Paschal.
1052 2743 1092 2774 de
1117 2743 1238 2773 Coron.
1262 2741 1283 2772 i.
1310 2744 1341 2775 7.
1385 2740 1494 2779 Atque
1518 2738 1604 2769 idem

885 2788 1050 2830 praemioli
1086 2795 1191 2826 genus
1226 2785 1435 2816 corollarium
1472 2782 1605 2813 dicitur.

886 2833 963 2864 Ver.
987 2831 1034 2862 iii.
1055 2834 1108 2865 79.
1135 2829 1175 2860 de
1198 2829 1375 2860 corollaria·
1400 2826 1604 2857 scenicorum

888 2876 1058 2907 decuriam
1073 2877 1214 2904 emerat.
1237 2871 1279 2902 cf.
1294 2871 1432 2902 Sueten.
1454 2869 1539 2908 Aug.
1555 2869 1608 2898 45.

887 2924 923 2952 et
939 2919 983 2949 ibi
1001 2918 1084 2950 lntt.
1127 2916 1305 2948 Dabantur
1324 2913 1426 2945 etiam
1443 2919 1607 2944 acroama-

937 2965 991 2993 114
