1800 3131
197 62 252 103 62

235 157 434 197 Alexander,
455 158 497 190 ad
518 158 594 190 Div.
616 168 648 190 v.
672 161 721 192 12.
744 161 785 192 ab
805 162 919 202 Apelle

191 203 327 231 tantum
342 201 432 241 pingi
452 207 486 232 et
501 212 520 232 a
534 201 675 242 Lysippo
690 203 769 243 fingi
785 204 866 234 vult.
881 204 920 235 de

194 242 273 273 Div.
288 242 310 273 i.
329 245 382 275 23.
405 244 442 274 Ei
464 244 605 274 Calenus
627 250 765 276 mortem
788 247 920 287 propin-

192 294 291 324 quam
307 286 466 325 praedixit.
482 285 521 316 de
542 286 616 316 Div.
633 286 665 317 ii.
681 288 732 318 66.
752 289 820 327 ejus
834 297 920 318 som-

192 328 297 357 nium.
309 328 406 358 Tusc.
422 329 461 358 iv.
478 331 529 361 39.
544 327 669 359 Clitum
685 329 851 360 interficit.

233 369 420 400 Alexander
434 370 603 407 Pheraeus,
618 370 657 401 de
672 370 741 402 lnv.
757 373 788 402 ii.
803 375 854 406 49.
879 373 919 403 In

189 410 360 442 Thessalia
381 411 588 452 tyrannidem
613 418 765 452 occupat,
791 414 829 444 de
855 415 918 445 Off.

191 453 226 484 ii.
245 456 276 486 7.
299 453 429 484 insidias
451 454 572 489 uxoris,
594 454 734 491 Thebes,
757 457 919 494 quomodo

189 495 322 526 caverit.
340 496 378 526 de
395 496 464 526 Inv.
480 497 513 526 ii.
536 498 587 530 49.
604 497 644 526 ab
658 507 695 527 ea
709 498 917 536 interficitur,

188 539 258 567 scil.
274 537 506 578 adjuvantibus
517 536 699 576 fratribus.
718 539 801 570 Rem
817 544 918 570 totam

187 584 418 610 commemorat
445 579 579 610 Diodor.
596 580 659 610 Sic.
685 582 705 610 l.
722 592 772 612 xv.
784 591 820 620 p.
846 585 916 616 517.

191 622 240 652 ed.
255 621 411 652 Rhodom.
429 622 519 652 Wxie
533 622 621 652 circa
639 622 764 663 Olymp.
780 633 826 654 cv.

229 664 427 700 Alexander,
450 664 525 703 Agr.
550 664 581 693 ii.
611 664 657 694 16.
682 664 750 696 Rex
769 666 915 706 AEgypti.

189 704 360 736 Ptolemaez'
384 706 564 736 Alexandri
580 705 691 745 filius,
717 709 772 746 qui
799 707 918 748 ejectus

186 758 299 786 regno,
317 748 397 787 Tyri
416 751 564 778 mortuus
580 752 642 778 est.-
665 749 831 781 dicebatur
851 751 917 782 Ro-

189 789 424 830 manos-jecisse
435 790 563 819 heredes
573 791 679 828 regni.

230 832 428 868 Alexander,
444 832 515 862 Att.
530 832 562 862 ii.
581 834 629 863 20.
649 834 699 864 22.
715 836 813 872 poeta
827 835 918 865 Grae·

186 883 255 911 cus,
282 874 494 914 Geographus
519 879 553 904 et
578 875 784 914 Astrologus,
814 877 916 916 negli-

183 925 264 955 gens
273 916 371 946 homo
383 922 417 947 et
431 926 496 946 non
505 917 608 946 bonus
618 920 729 956 poeta,
739 916 795 947 sed
803 922 915 948 tamen

185 967 253 988 non
268 958 393 988 inutilis
406 963 440 988 et
454 958 614 989 indoctus
651 957 715 988 Est
729 959 915 991 Alexander

184 999 359 1039 Ephesius,
397 1002 583 1039 cognomine
625 999 792 1039 Lychnus,
820 1012 915 1042 quem

186 1041 304 1072 Strabo
326 1044 446 1082 aliique
465 1043 603 1073 tradunt
627 1042 914 1084 Cosmographiam

183 1085 326 1114 versibus
353 1086 524 1125 scripsisse.
568 1096 599 1116 υ.
623 1084 729 1115 Groev.
759 1087 804 1116 ad
832 1088 863 1117 h.
892 1088 912 1117 l.

184 1126 373 1157 Alexander
413 1127 600 1166 Polyhistor
632 1128 761 1166 scripsit
792 1139 913 1169 quoquc

190 1168 414 1208 Geographica
428 1172 545 1200 multa.
561 1180 591 1200 v.
605 1168 776 1201 Harduin.
789 1173 824 1202 in
835 1172 909 1203 Ind.

184 1210 322 1241 Nomin.
337 1211 508 1248 Pliniana,
523 1212 578 1242 secl
590 1212 625 1241 in
634 1220 746 1249 prosa.

224 1253 372 1290 Alesion,
390 1254 461 1284 Att.
486 1254 538 1284 vii.
563 1256 592 1285 2.
615 1253 761 1284 Medicus
782 1255 910 1285 Cicero-

184 1295 244 1325 nis.
267 1295 338 1326 Att.
366 1296 433 1326 xiii.
449 1298 500 1327 25.
531 1296 672 1326 moritur
693 1296 770 1327 ibid.
798 1307 850 1328 xv.
884 1301 908 1328 l.

224 1379 348 1416 Alexis,
370 1380 440 1411 Att.
463 1390 492 1409 v.
515 1382 567 1411 20.
591 1381 648 1411 &c.
667 1391 775 1412 servus
797 1381 909 1412 Attico

179 1421 358 1461 jucundus.

224 1464 393 1500 Alexinus,
421 1463 519 1493 Acad.
548 1464 590 1495 iv.
614 1466 665 1496 24.
694 1466 910 1505 Philosophus

181 1504 375 1544 Megaricus
395 1506 433 1535 de
456 1505 574 1536 Schola
589 1508 776 1545 Eubulida,
792 1508 829 1537 de
849 1518 909 1547 quo

182 1548 298 1578 Laert.
313 1548 347 1578 ii.
362 1551 428 1582 109.
447 1551 514 1578 110.
531 1553 561 1578 et
577 1551 621 1580 ibi
637 1551 773 1590 Menag.
789 1551 910 1580 Zenoni

183 1589 289 1620 Stoico
311 1591 462 1630 inprimis
488 1591 696 1622 adversarius
709 1597 793 1627 erat,
815 1602 908 1632 quem

181 1633 297 1662 multis
311 1633 559 1672 sophismatibus
573 1636 722 1665 vacabat.
767 1635 825 1666 Ea·
839 1636 862 1664 l.
878 1645 905 1664 c.

187 1673 252 1704 Cic.
272 1675 416 1714 intelligi
431 1679 547 1715 potest,
567 1686 642 1706 eum
664 1681 778 1707 contra.
798 1687 908 1707 sensus

181 1717 373 1755 disputasse,
400 1727 538 1756 quoru-m
562 1719 790 1750 certitudinem
819 1719 908 1750 Zeno

181 1757 382 1798 defendebat.

228 1800 261 1831 C.
285 1801 404 1841 Allius,
418 1801 494 1831 Vat.
522 1802 570 1832 16.
586 1803 619 1833 in
641 1802 802 1843 petitione
824 1813 906 1844 prze-

180 1845 266 1872 turae
291 1843 453 1883 repulsam
489 1843 563 1880 fert,
601 1845 712 1875 Plane.
745 1849 793 1879 17.
824 1856 907 1885 prae-

179 1888 246 1921 tor,
261 1885 426 1924 Quaesitor
439 1886 474 1915 in
488 1895 586 1917 causa
600 1888 662 1918 Cn.
679 1887 814 1919 Plancii.
828 1890 904 1919 Vat.

184 1927 232 1957 16.
249 1926 402 1958 laudatur
423 1938 442 1957 a
457 1929 595 1959 Caesare.
620 1929 750 1960 [Vomen
771 1929 841 1971 ejus
859 1936 905 1962 est

179 1969 280 2000 etiam
294 1970 340 2000 ad
351 1969 415 2010 Qu.
432 1970 484 2000 Fr.
502 1971 547 2001 iii.
566 1975 593 2002 l.
613 1973 641 2007 ,5.
659 1975 689 2005 7.
704 1976 738 2002 et
749 1982 800 2012 ep.
817 1975 847 2003 3.

221 2012 385 2049 Allienus,
410 2012 443 2042 in
460 2012 571 2043 Caecil.
602 2016 649 2044 15.
674 2013 773 2044 homo
796 2015 903 2045 asub-

180 2053 293 2091 selliis,
306 2053 430 2084 rabula.

219 2096 261 2127 A.
284 2096 445 2132 Allienus,
461 2096 546 2127 Phil.
570 2097 626 2128 xii.
645 2100 693 2128 1⁶2.
716 2098 844 2138 legatus
864 2101 902 2131 C.

176 2137 333 2168 Trebonii
355 2149 374 2169 a
393 2138 566 2170 Dolabella
587 2141 766 2177 interfecti,
782 2141 822 2171 ad
843 2141 903 2172 Di-

175 2189 259 2210 vers.
285 2181 341 2211 xii.
371 2183 418 2210 11.
442 2185 477 2211 et
505 2183 553 2213 12.
578 2182 722 2222 Lathyri
744 2192 847 2222 nepos.
871 2194 902 2214 v.

179 2221 300 2252 Valens
322 2223 361 2252 de
374 2233 465 2253 num.
482 2223 606 2264 Lagid.
622 2234 659 2264 p.
682 2227 751 2255 131.
774 2225 902 2265 legatus

175 2263 372 2301 Dolabellae,
390 2266 430 2295 iv.
453 2266 597 2305 legiones
612 2277 651 2297 ex
668 2266 811 2306 AEgypto
825 2267 904 2298 edu-

176 2310 246 2336 ctas
260 2306 363 2337 tradit
379 2308 416 2337 C.
428 2308 538 2339 Cassio
553 2311 588 2340 in
600 2310 704 2349 Syria.
717 2309 788 2340 Att.
801 2320 831 2340 x.
852 2312 900 2341 15.

175 2352 299 2388 praetor
313 2348 456 2379 Lentulo
471 2353 505 2379 et
519 2351 678 2382 Marcello
693 2351 890 2382 consulibus.

219 2389 311 2421 Sext.
335 2391 514 2431 Alphenus,
538 2393 654 2433 Quint.
684 2395 714 2424 5.
741 2394 778 2423 it.
805 2395 856 2425 24.
883 2405 903 2424 a

177 2432 270 2463 Sulla
292 2434 501 2473 proscriptus.
545 2435 623 2475 Ejus
647 2436 734 2467 bona
753 2441 903 2466 emerant

176 2475 213 2505 P.
227 2474 384 2514 Quintius
397 2480 430 2506 et
445 2477 535 2508 Sext.
548 2477 693 2508 Naevius.

224 2517 258 2547 C.
278 2517 480 2557 Amafanz'us
492 2529 549 2549 seu
565 2520 764 2561 Amafinius,
779 2519 819 2549 ad
841 2518 902 2549 Di-

175 2568 259 2589 vers.
270 2568 322 2589 xv.
341 2562 389 2594 19.
402 2560 591 2599 Epicureus.
603 2562 702 2592 Aead.
719 2561 740 2591 i.
755 2564 781 2591 1.
796 2561 901 2592 malus

177 2605 294 2631 auctor
308 2601 346 2631 de
361 2601 568 2644 philosophia
581 2604 732 2634 Latinus.
767 2604 904 2645 Physica

176 2642 339 2683 Epicurea
353 2645 494 2684 scripsit,
508 2646 645 2676 Tuscul.
658 2647 700 2676 iv.
715 2648 746 2676 3.
772 2646 849 2684 Ejus
864 2645 903 2675 li-

174 2684 240 2716 bris
264 2691 514 2717 commoventur
538 2687 698 2725 homines,
726 2692 766 2718 ut
793 2687 903 2718 Philo-

174 2727 325 2767 sophiam
342 2727 537 2767 Epicuream
552 2729 690 2760 discant.

216 2769 392 2807 Amianus,
408 2770 479 2800 Att.
495 2771 537 2801 vi.
559 2775 585 2802 l.

195 2812 422 2848 .AmnzoniuS,
437 2812 478 2843 ad
506 2813 635 2844 Divers.
660 2814 683 2844 i.
718 2817 743 2844 1.
774 2813 902 2853 legatus

175 2852 346 2885 Ptolemaei
368 2854 510 2892 Auletae,
533 2856 673 2887 Romam
693 2857 822 2893 missus,
846 2867 904 2886 au-

705 75 862 105 INDEX
887 75 1199 106 uls-rolucus.

963 160 1031 192 xilii
1048 166 1164 193 contra
1181 161 1350 193 seditiosos
1373 161 1606 193 Alexandrinos
1627 172 1683 204 pe-

963 203 1054 234 tendi
1067 214 1175 235 causa.

1003 246 1136 287 Ampia,
1153 246 1193 278 ad
1215 246 1342 277 Divers.
1363 246 1403 276 vi.
1429 247 1475 276 12.
1491 245 1559 276 filia
1572 246 1682 288 Ampii

961 287 1070 318 Balbi.

1006 329 1043 359 T.
1060 331 1197 369 Ampius
1211 330 1349 367 Balbus,
1367 330 1406 360 ad
1421 329 1497 360 Div.
1515 330 1536 360 i.
1553 333 1583 360 3.
1598 339 1681 370 prae-

961 374 1015 401 tor
1031 372 1154 402 Ciliciae
1177 379 1253 404 ante
1270 372 1460 402 Lentulum.
1481 372 1557 402 ibid.
1571 373 1607 403 ii.
1631 373 1681 404 16.

960 422 991 442 x.
1016 415 1066 447 29.
1083 423 1153 452 quae
1172 420 1245 445 tota
1258 414 1396 454 epistola
1411 414 1449 444 ad
1469 424 1545 444 eum
1559 414 1682 454 scripta

960 460 1020 484 est.
1045 455 1102 485 xii.
1122 458 1170 487 530.
1194 456 1266 487 Att.
1292 457 1356 486 viii.
1380 459 1426 486 ll.
1450 456 1680 496 Pompeianus,

960 495 1121 526 delectum
1149 497 1257 529 habet.
1286 498 1324 528 de
1352 499 1419 536 ejus
1447 499 1618 529 tribunatu
1645 502 1680 529 et

960 537 1030 577 lege
1047 538 1085 569 de
1103 539 1256 580 Pompeio
1271 550 1300 569 ν.
1318 540 1432 570 Vellei.
1450 540 1520 571 Pat.
1536 541 1569 571 ii.
1582 544 1636 572 40.

1000 580 1235 620 Amphiaraus,
1249 582 1288 612 ad
1303 583 1429 612 Divers.
1444 583 1485 612 vi.
1501 586 1530 614 8.
1544 582 1583 613 de
1599 583 1679 614 Nat.

959 619 1002 652 D.
1028 622 1062 653 ii.
1080 626 1110 653 3.
1134 633 1246 662 augur.
1271 624 1309 653 de
1330 624 1444 655 Divin.
1468 625 1488 654 i.
1503 627 1556 656 40.
1576 635 1681 666 augur

959 663 1064 694 clarus
1079 670 1113 695 et
1127 670 1295 704 praestans.

999 706 1240 747 Amphilochus,
1256 708 1294 737 de
1314 706 1425 738 Divin.
1443 707 1465 738 i.
1479 711 1531 739 40.
1544 708 1678 748 Argivo-

958 756 1030 777 rum
1047 759 1101 779 rex
1116 753 1150 779 et
1163 759 1279 788 augur.

999 791 1173 830 Amphion,
1189 792 1228 822 ad
1245 792 1389 822 Hcrenn.
1406 791 1437 821 ii.
1449 792 1500 824 27.
1515 790 1553 821 de
1566 791 1677 823 Divin.

958 831 993 861 ii.
1017 833 1070 863 64.
1098 833 1190 864 Jovis
1215 839 1245 864 et
1275 833 1421 872 Antiopae
1433 833 1544 873 filius,
1571 834 1678 865 eodem

950 879 1055 911 partu
1082 885 1156 905 cum
1183 876 1284 906 Zetho
1309 875 1422 905 editus.
1452 874 1552 914 Lyrae
1578 881 1679 907 cantu

957 924 1066 945 muros
1082 916 1246 948 Thebanos
1260 918 1431 958 edificasse
1435 916 1555 958 fertur
1565 916 1620 959 ὅρα.

996 958 1271 997 Amynomachus,
1295 960 1334 990 de
1358 959 1428 990 Fin.
1452 959 1485 990 ii.
1510 963 1562 990 31.
1585 960 1676 992 heres

956 997 1101 1038 Epicuri.
1117 1000 1160 1040 cf.
1176 1002 1291 1032 Laen.
1308 1003 1350 1031 ix.
1372 1003 1419 1032 16.
1441 1005 1487 1035 17.

996 1043 1169 1081 Amyntas,
1193 1044 1263 1074 Att.
1288 1044 1343 1074 xii.
1368 1048 1398 1078 9.
1424 1043 1564 1084 Philippi
1579 1045 1676 1085 Regis

955 1083 1158 1115 Macedoniae
1179 1091 1282 1125 pater.
1324 1085 1477 1125 Amyntae
1499 1087 1585 1117 filius
1601 1089 1632 1119 h.
1653 1089 1675 1118 l.

954 1130 1000 1156 est
1014 1126 1056 1156 L.
1070 1127 1221 1157 Ματθίας
1236 1128 1420 1167 Philippus.

994 1169 1168 1208 Amyntas,
1184 1170 1289 1200 Flacc.
1305 1172 1355 1199 30.
1369 1169 1654 1210 Apollonidiensis.

994 1211 1120 1241 Anac-cs
1138 1221 1193 1242 seu
1219 1213 1370 1249 Anactes,
1389 1212 1532 1250 Nat.,D.
1556 1214 1601 1244 iii.
1623 1216 1674 1245 21.

953 1251 1043 1282 Jovis
1091 1258 1125 1283 et
1160 1255 1362 1294 Proserpinae
1399 1254 1471 1291 filii,
1508 1255 1673 1294 Dioscuri,

950 1294 1191 1335 Tritopatreus,
1207 1295 1374 1326 Eubuleus
1387 1300 1421 1326 et
1435 1296 1622 1338 Dionysius.

992 1337 1204 1375 Anacharsis,
1219 1338 1366 1379 Scythes,
1378 1337 1477 1369 Tuse.
1493 1349 1522 1370 ν.
1539 1342 1592 1371 3‘2.
1606 1341 1675 1381 ejus

951 1378 1132 1422 oeb-rdgxmm
1153 1381 1293 1421 epistola
1307 1380 1346 1410 ad
1360 1380 1571 1412 Hannonem.

992 1423 1175 1459 Anacreon,
1197 1423 1298 1453 Tuse.
1321 1423 1363 1453 iv.
1389 1425 1440 1453 33.
1466 1423 1544 1463 Ejus
1566 1423 1673 1464 poesi·

951 1467 1024 1494 tota
1037 1470 1087 1495 est
1101 1466 1273 1496 amatoria.

991 1507 1212 1546 Anaxagoras
1240 1507 1483 1543 ClazomeniuS‚
1502 1507 1671 1548 Pliysicus.

951 1547 989 1578 de
1011 1549 1068 1579 Or.
1083 1549 1130 1580 iii.
1149 1552 1199 1580 33.
1221 1550 1317 1580 Brut.
1334 1552 1381 1579 ll.
1406 1549 1538 1579 Periclis
1553 1560 1672 1590 praece-

951 1594 1036 1629 ptor.
1060 1591 1099 1622 de
1115 1592 1172 1622 Or.
1196 1592 1241 1622 iii.
1265 1594 1314 1622 15.
1337 1591 1443 1621 otium
1465 1597 1595 1622 secutus
1609 1599 1672 1623 est.

949 1632 978 1662 T
981 1633 1083 1663 useul.
1102 1644 1132 1663 v.
1144 1637 1197 1667 39.
1213 1633 1448 1674 patrimonium
1463 1642 1558 1663 suum
1575 1634 1674 1665 relin-

950 1675 1022 1713 quit
1036 1675 1177 1706 discendi
1198 1676 1318 1706 studio.
1331 1676 1360 1706 T
1364 1685 1431 1706 use.
1457 1676 1503 1706 iii.
1521 1679 1570 1706 13.
1593 1686 1674 1716 quo·

949 1717 1046 1747 modo
1063 1722 1204 1749 mortem
1219 1718 1279 1748 filii
1294 1718 1421 1748 tulerit.
1436 1718 1540 1749 Acad.
1557 1719 1600 1749 iv.
1616 1721 1671 1750 31.

949 1759 1058 1790 nivem
1072 1760 1179 1790 albam
1202 1770 1271 1790 csse
1292 1765 1403 1800 negat,
1418 1763 1496 1799 quia
1517 1771 1602 1800 aqua
1621 1761 1672 1791 ni-

948 1811 1019 1839 gra,
1033 1803 1121 1832 unde
1143 1808 1295 1833 concreta
1317 1807 1412 1833 esset.
1435 1802 1535 1833 Aead.
1560 1803 1602 1834 iv.
1617 1807 1670 1837 37.

949 1843 982 1873 H
985 1846 1215 1882 omoeomeriae‚
1227 1849 1340 1875 contra
1354 1847 1413 1876 has
1421 1845 1552 1884 egregie
1563 1845 1670 1885 disipu-

947 1889 998 1916 tat
1014 1886 1148 1917 Lucret.
1170 1888 1223 1918 lib.
1247 1888 1267 1917 i.
1292 1887 1330 1916 de
1352 1888 1396 1918 N.
1416 1887 1460 1918 D.
1483 1887 1506 1918 i.
1532 1890 1582 1918 11.
1605 1889 1672 1928 pri-

947 1937 1021 1958 mus
1043 1929 1203 1959 mundum
1226 1929 1346 1960 mentis
1368 1929 1510 1960 infinitae
1533 1930 1565 1959 vi
1589 1929 1672 1961 desi-

947 1976 1086 2009 gnatum
1100 1981 1167 2002 esse
1180 1971 1270 2002 dicit.
1286 1972 1321 2001 in
1335 1982 1396 2011 quo
1416 1972 1496 2011 quid
1509 1972 1671 2003 desidera-

945 2014 1029 2043 verit
1046 2014 1206 2051 Socrates,
1222 2018 1253 2043 et
1267 2015 1374 2044 multa
1386 2015 1457 2044 alia
1467 2014 1572 2052 digna
1586 2016 1671 2045 lectu

946 2054 985 2084 de
1005 2055 1211 2094 Anaoeagora
1224 2056 1290 2086 vid.
1312 2065 1365 2096 ap.
1389 2056 1534 2087 Boelium
1546 2057 1582 2086 in
1605 2056 1670 2087 Le-

945 2098 1008 2128 ric.
1022 2107 1053 2128 v.
1074 2098 1285 2137 Anas-agore,
1299 2097 1399 2129 Acad.
1423 2099 1445 2129 i.
1463 2100 1512 2129 13.
1533 2098 1672 2129 confite-

945 2143 1002 2168 tur
1023 2141 1258 2179 ignorantiam,
1277 2144 1316 2170 ut
1338 2141 1500 2171 Socrates.
1523 2140 1623 2171 Tuse.
1647 2143 1668 2172 i.

945 2183 999 2211 43.
1018 2181 1187 2222 Lampsaci
1204 2183 1354 2213 moritur.

991 2224 1223 2261 Anaxarchus,
1246 2223 1500 2255 Democriticus.
1515 2223 1616 2255 Tusc.
1631 2224 1666 2256 ii.

945 2267 980 2296 21
991 2289 997 2295 .
1007 2265 1166 2297 fortitudo
1182 2267 1215 2296 in
1230 2266 1398 2297 subeunda
1412 2271 1518 2296 morte
1534 2276 1553 2296 a
1569 2266 1669 2297 Nico-

945 2312 1088 2339 creonte.
1112 2309 1282 2346 Abderita,
1298 2309 1538 2339 Deniocriticas
1548 2320 1558 2337 .·
1572 2309 1672 2348 Apud

944 2349 1170 2382 Alexandrum
1198 2351 1248 2381 M.
1273 2352 1437 2390 gratiosus
1455 2349 1546 2390 fuit,
1574 2350 1670 2390 cujus

945 2401 1061 2422 mensce
1076 2403 1151 2424 cum
1173 2398 1251 2424 esset
1264 2402 1333 2423 una
1352 2403 1427 2424 mim
1444 2393 1668 2430 Nicocreonte,

950 2433 1047 2473 Cypri
1065 2434 1230 2476 pra’fccto,
1252 2435 1428 2471 adhibitus,
1449 2444 1523 2465 eum
1546 2436 1670 2466 acriter

938 2477 1148 2515 perstrinxit,
1170 2487 1264 2517 quem
1288 2477 1401 2507 deinde
1422 2475 1563 2515 dolorem
1582 2487 1667 2507 mor-

944 2523 999 2548 tuo
1019 2520 1206 2550 Alexandro
1229 2521 1274 2550 sic
1294 2521 1384 2549 ultus
1404 2523 1451 2549 est
1476 2518 1667 2550 Nicocreon.

944 2561 1009 2591 vid.
1027 2560 1125 2592 Philo
1134 2571 1171 2601 p.
1189 2564 1262 2592 881.
1286 2561 1401 2592 Laert.
1418 2561 1459 2591 ix.
1476 2563 1525 2591 58.
1540 2561 1666 2592 Jusein.

944 2603 998 2633 xii.
1016 2605 1065 2640 13,
1079 2606 1110 2634 4.
1127 2604 1219 2634 Pan.
1234 2604 1282 2634 H.
1299 2604 1346 2633 N.
1362 2604 1414 2633 vii.
1429 2604 1481 2634 23.

985 2644 1236 2676 Anaaeimander
1253 2655 1308 2676 seu
1323 2645 1608 2682 Anaximandrus,
1628 2645 1666 2675 (le

945 2686 1059 2718 Divin.
1075 2688 1099 2719 i.
1113 2691 1163 2719 50.
1179 2687 1343 2729 physicus,
1353 2687 1501 2728 praedicit
1515 2687 1666 2718 Lacedae-

946 2730 1064 2760 moniis
1077 2736 1174 2761 terrae
1189 2735 1329 2760 motum.
1346 2729 1445 2761 Acad.
1459 2730 1498 2759 iv.
1513 2732 1565 2762 37.
1586 2729 1667 2759 Om-

945 2772 1001 2801 nia
1025 2773 1114 2811 gigni
1137 2783 1174 2802 ex
1191 2773 1357 2802 infinitate
1370 2777 1497 2802 naturae
1518 2771 1612 2802 dicit.
1628 2771 1666 2802 ‹le

945 2813 1024 2844 Nat.
1041 2814 1085 2846 D.
1102 2816 1123 2845 i.
1143 2817 1190 2845 10.
1206 2814 1344 2846 Nativos
1359 2817 1392 2844 ct
1409 2813 1564 2845 mortales
1577 2814 1666 2845 Deos

946 2855 1035 2887 facit.
1068 2881 1070 2883 .
1561 2873 1564 2875 Δ
