1800 3131
127 128 208 168 356

137 225 285 264 adeoque
298 224 422 255 similes
439 228 519 255 sunt
534 223 707 256 delineatis
724 236 744 256 a
758 226 864 266 picto-

137 279 173 301 re
188 269 393 308 corporibus,
411 278 477 298 non
494 269 666 308 expressis.

184 312 381 343 Monstrum.
406 312 482 342 Div.
498 312 520 342 i.
535 314 587 343 42.
602 312 690 342 unde
710 313 863 343 dicatur?

184 355 290 386 filans.
316 356 379 386 Pis.
396 357 448 387 21.
474 356 514 385 ad
531 355 620 386 hunc
633 361 771 387 montem
782 357 868 386 Tus-

143 399 302 431 culanum
331 399 574 430 extruendum:
609 399 648 430 de
665 399 743 430 villa
767 400 867 430 nimis

144 452 277 481 magna.

187 486 348 517 Montani.
370 487 470 517 Dom.
484 488 536 518 28.
562 490 869 516 commemorantur

142 531 234 561 inter
248 539 370 569 genera
383 529 488 569 plebis
503 530 638 560 urbauae
651 531 711 566 ita,
728 533 766 559 ut
778 539 797 558 a
813 537 869 568 pa-

145 574 239 614 ganis
263 573 422 613 distingui
441 573 618 603 videantur
633 580 644 602 :'
664 573 785 612 pagani
809 576 868 601 aut

144 618 303 648 montani.
327 617 479 647 Graevius
501 622 603 655 negat
632 626 679 652 se,
709 616 764 654 qui
788 615 868 651 sint,

146 661 243 695 seire.
266 661 351 691 Mihi
368 665 480 690 autem
499 659 654 689 videntur
670 659 769 688 iidem
786 668 870 694 esse,

146 705 203 743 qui
220 704 352 744 pagani.
392 704 478 733 Nam
491 702 525 732 hi
541 703 575 732 in
593 702 762 732 montibus
778 702 871 732 habi-

145 748 274 778 tabant.
291 758 320 777 v.
334 756 450 787 pagus.
814 753 817 756 ·

188 790 399 829 Moatzvagus
413 799 540 820 cursus.
563 789 698 820 Tuscul.
717 800 744 819 v.
763 792 815 824 27.

189 834 438 864 Monumentum
462 833 585 863 dicitur
605 833 785 873 templum,
808 836 874 862 sta-

146 878 292 915 tua,via,
305 883 339 907 et
352 876 572 915 quodcunque
584 876 756 916 publicum
770 877 874 907 aedifi-

149 923 251 958 cium,
275 931 340 959 quo
357 919 497 959 alicujus
521 920 683 950 memoria
698 930 873 950 conserva-

147 971 217 1001 tur,
235 965 313 1003 quia
335 968 394 994 aut
420 964 456 994 in
471 963 631 993 honorem
659 964 743 1002 ejus,
760 967 819 994 aut
835 963 875 993 ab

149 1019 188 1039 eo
205 1012 415 1038 exstructum
441 1012 503 1037 est.
536 1006 614 1046 Agr.
639 1007 660 1036 i.
677 1010 708 1038 4.
733 1007 877 1047 pecunia

151 1061 218 1082 non
235 1051 454 1081 consumtain
471 1056 685 1088 monumento,
702 1061 748 1081 sc.
763 1051 802 1081 ab
813 1051 875 1081 im-

148 1099 315 1136 peratore,
331 1095 388 1133 qui
405 1098 580 1134 propterea
596 1095 769 1124 manubias
785 1104 878 1124 acce-

151 1140 213 1180 pit.
236 1138 366 1169 Verrin.
383 1139 405 1168 i.
421 1141 452 1168 4.
490 1143 699 1168 monumenta
715 1138 876 1175 Africani,

150 1186 231 1213 sunt
256 1187 391 1218 statuae,
409 1191 489 1220 quas
509 1181 642 1219 Siculis,
671 1181 876 1221 Carthagine

151 1231 262 1266 capta,
278 1225 480 1263 reddiderat,
509 1225 694 1264 quibusque
722 1225 796 1255 ideo
819 1234 878 1254 no-

150 1279 230 1300 men
247 1270 318 1308 ejus
343 1273 415 1299 erat
442 1269 654 1308 inscriptum.
685 1268 798 1299 Plane.
823 1271 874 1299 32.

150 1313 226 1344 Div.
258 1313 280 1342 i.
311 1314 363 1344 23.
403 1316 650 1343 monumentum
684 1312 796 1349 Marii,
828 1317 879 1342 est

152 1357 317 1396 templum
350 1356 391 1386 ab
417 1366 457 1385 eo
481 1360 692 1386 exstructum
716 1366 733 1385 e
760 1366 879 1386 manu-

153 1400 419 1431 biis-Cimbricis.
443 1399 516 1430 Mil.
529 1403 561 1433 7.
576 1400 610 1429 in
627 1399 790 1439 majorum
804 1409 880 1430 suo-

151 1453 227 1474 rum
254 1444 489 1473 monumentis:
514 1443 553 1472 de
570 1443 623 1472 via
637 1443 755 1483 Appia.
779 1444 879 1474 Dom.

153 1489 205 1518 20.
232 1487 384 1517 Clodium
409 1496 518 1517 meam
536 1486 672 1516 domum
693 1497 880 1518 monumen·

152 1535 225 1561 tum
240 1530 378 1560 fecisse:
404 1531 483 1570 quia
508 1531 542 1560 in
567 1540 607 1559 ea
632 1530 765 1569 signum
784 1530 882 1561 liber-

152 1575 232 1605 tatis
248 1574 427 1603 dedicarat.
451 1573 493 1603 ad
507 1574 583 1604 Div.
600 1574 620 1603 i.
636 1578 668 1607 9.
691 1584 880 1605 monumen-

153 1623 226 1648 tum
251 1617 366 1648 Cicero
391 1620 488 1647 voeat
510 1617 597 1647 aedes
626 1627 715 1654 suas,
745 1618 878 1658 publico

153 1665 269 1693 sumtu
289 1661 503 1691 instauratas.
536 1660 626 1690 Hinc
656 1661 775 1691 deinde
800 1662 880 1691 sim-

153 1705 300 1746 pliciter,
323 1707 361 1734 et'
383 1704 454 1734 sine
481 1703 641 1734 relatione
667 1705 709 1734 ad
735 1705 878 1745 aliquem

154 1748 341 1785 hominem,
365 1748 459 1786 cujus
483 1752 725 1778 monumentum
740 1750 797 1786 sit,
823 1759 881 1789 pro

155 1791 284 1831 templo
303 1792 451 1831 ponitur.
474 1791 574 1821 Arch.
604 1795 651 1821 11.
676 1792 879 1832 templorum

156 1846 195 1866 ae
212 1838 494 1865 monumentorum
523 1835 644 1865 aditus.
666 1835 760 1865 Verr.
783 1837 804 1866 i.
829 1840 882 1871 49.

159 1880 193 1910 in
203 1878 416 1908 celeberrimo
430 1883 644 1908 monumento.
652 1879 671 1897 ²*
679 1879 881 1919 sepulcrum.

154 1923 253 1954 Rosc.
270 1922 345 1952 Am.
373 1925 425 1953 50.
448 1922 467 1940 ¹*
484 1921 588 1952 literae
604 1922 757 1962 publicae.
781 1924 883 1955 Dom.

162 1968 215 1998 28.
231 1966 347 1996 scribae
370 1966 543 1996 nobiscum
567 1966 601 1995 in
617 1967 801 1997 rationibus
823 1978 884 2007 pu-

162 2009 258 2039 blicis
270 2011 542 2049 monumentisque
550 2015 734 2040 versantur.
746 2010 765 2029 *
774 2011 822 2040 sic
835 2011 884 2041 di-

162 2058 289 2083 cuntur
303 2053 406 2083 etiam
424 2053 665 2084 Commentarii
683 2054 885 2085 Pontificum

160 2097 262 2127 Dom.
281 2099 332 2127 55.

204 2140 302 2171 Mora
333 2140 589 2179 Spartiatarum.
633 2139 734 2171 Tusc.
766 2141 800 2172 ii.
836 2143 885 2172 16.

163 2182 268 2223 λὸχος,
285 2183 400 2213 cohors
424 2183 583 2221 militum,
599 2185 638 2214 de
662 2194 802 2223 quorum
826 2195 888 2215 nu-

163 2237 256 2256 mero
274 2237 340 2256 non
362 2228 442 2257 satis
459 2233 551 2257 certo
569 2231 713 2265 constat,
730 2238 805 2258 cum
829 2229 888 2259 alii

163 2271 378 2309 quingentos,
395 2270 450 2300 alii
463 2270 574 2310 plures
590 2271 738 2302 tradant.
750 2283 780 2303 v.
798 2272 840 2302 ad
855 2273 889 2302 h.

164 2313 187 2344 l.
205 2314 348 2344 Gr0110v.
361 2314 439 2344 Obs.
458 2315 503 2344 iii.
522 2315 552 2345 6.

206 2356 363 2387 Morator.
388 2358 422 2387 iu
440 2358 551 2388 Ca’cil.
571 2361 618 2389 15.
641 2364 691 2388 est
703 2359 889 2389 causidicus

163 2399 352 2440 imperitus,
370 2402 425 2440 qui
443 2401 620 2431 adhibetur
632 2406 767 2432 tantum
785 2403 826 2432 ad
843 2403 891 2432 fa-

162 2443 315 2474 ciendam
333 2454 474 2482 moram,
496 2445 576 2475 dum
603 2446 790 2484 reperiatur
805 2446 888 2476 alius

163 2486 281 2516 melior
305 2491 476 2526 patronus,
497 2495 557 2518 aut
580 2489 652 2526 jam
677 2496 828 2529 repertus
855 2500 888 2520 se

163 2529 204 2559 ad
221 2530 397 2561 dicendum
415 2537 598 2571 comparet.
617 2542 647 2562 v.
662 2533 783 2563 Ascon.
799 2533 841 2563 ad
857 2533 889 2565 h.

164 2572 186 2604 1.
203 2574 322 2604 Savaro
339 2575 380 2604 ad
397 2575 510 2605 Sidon.
529 2575 590 2615 Ep.
604 2585 634 2605 v.
653 2580 684 2609 7.

206 2616 366 2647 Moratus.
388 2619 464 2648 Div.
481 2619 502 2648 i.
519 2621 571 2648 31.
587 2623 706 2659 poema
719 2624 889 2658 tenerum,

165 2664 343 2698 moratum,
361 2666 461 2700 atque
492 2662 609 2692 molle:
636 2663 751 2701 inquo
781 2673 889 2694 mores

165 2703 341 2735 hominum
356 2704 525 2743 eleganter
540 2708 683 2745 expressi
701 2712 792 2737 suut.

206 2745 380 2776 Morbos-us.
405 2747 505 2778 Tusc.
524 2749 564 2778 iv.
584 2751 636 2780 ⁴24.
656 2751 809 2780 morbosos
825 2750 891 2780 ira-

164 2789 290 2820 cundos
313 2791 398 2820 solos
422 2792 688 2822 nominaverunt.
712 2794 770 2823 sed
785 2794 886 2824 Davi-

163 2833 231 2862 sius
249 2833 347 2869 legit:
374 2843 531 2872 morosos,
558 2841 648 2866 recte
672 2837 886 2876 probantibus

162 2876 314 2907 Bentleio
327 2881 361 2906 et
377 2876 530 2908 Buherio.

189 2920 364 2959 *Moram-e,
381 2920 533 2953 molestia
558 2922 703 2954 afficere.
725 2922 798 2955 Att.
817 2924 889 2955 xiii.

651 137 796 166 INDEX
825 137 1121 167 LATINITATIS·

914 228 963 256 1⁶2.
1004 236 1057 256 mc
1083 225 1232 266 epistoloe
1257 226 1507 260 momorderunt.
1530 228 1577 260 ib.
1592 227 1637 260 ὒί,

910 271 940 300 2.
966 271 1022 308 qui
1050 270 1178 307 scribis,
1210 271 1350 300 morderi
1379 275 1413 300 te
1450 271 1634 310 interdum,

911 313 999 351 quod
1023 323 1090 343 non
1114 313 1212 344 simul
1235 315 1289 344 sis.
1315 313 1334 331 *Ψ
1351 313 1391 343 ad
1407 314 1482 344 Div.
1509 316 1554 346 xi.
1581 319 1636 347 ⁶23.

912 357 1056 387 mordere
1072 357 1205 387 frenum
1219 369 1225 386 ε
1251 357 1498 397 proverbialiter
1514 359 1638 389 dicitur

913 399 952 429 de
983 401 1035 437 iis,
1066 401 1122 439 qui
1161 400 1381 440 indignantur
1409 401 1637 432 conditionem

911 452 1019 479 suam,
1036 453 1142 482 neque
1165 451 1280 474 tamen
1306 454 1346 474 ea
1360 454 1394 474 sc
1412 445 1550 476 liberare
1565 455 1641 485 pos-

912 490 1002 516 sunt.

958 529 1135 566 Mordicus,
1161 540 1283 560 morsu.
1308 530 1348 570 Ω.
1366 531 1416 560 Fr.
1434 531 1480 560 iii.
1497 533 1528 562 4.
1552 532 1641 562 auri-

914 572 1024 602 culam
1041 572 1179 603 fortasse
1197 575 1354 604 mordicus
1370 574 1572 606 abstulisset.

958 616 1091 646 Moriar.
1111 616 1191 646 Coel.
1207 620 1260 648 31.
1284 627 1392 647 sermo
1409 619 1557 648 moritur.

957 659 1113 689 Mortuus
1128 659 1275 699 plausus.
1299 661 1371 692 Att.
1387 661 1420 691 ii.
1441 665 1488 696 19.
1512 662 1643 699 tenuis,

914 712 1046 744 {nri-us.

958 746 1137 776 Morositas.
1161 746 1224 777 Off.
1242 748 1262 777 i.
1280 749 1332 778 25.
1357 747 1420 777 vid.
1437 758 1587 779 morosus.

961 790 1119 825 alm—osus,
1135 790 1338 826 fastidiosus,
1356 792 1409 820 eui
1437 791 1521 822 nihil
1543 791 1643 822 facile

917 833 1086 873 probatur.
1111 833 1202 864 Orat.
1222 836 1273 868 29.
1298 833 1339 864 ad
1364 834 1446 865 Div.
1458 836 1512 865 vii.
1532 838 1580 866 15.
1602 835 1645 875 Ω.

919 877 970 907 Fr.
989 877 1022 906 ii.
1039 879 1069 907 4.

962 920 1062 951 Mors.
1097 920 1216 961 plural.
1248 920 1384 951 Tuscul.
1408 922 1429 951 i.
1463 924 1517 952 48.
1547 921 1645 952 clara

921 968 1047 994 mortes.

923 1043 934 1047 -
964 1007 1106 1044 Morsus,
1119 1017 1178 1047 pro
1203 1007 1314 1038 dolore
1331 1008 1456 1039 leviori.
1479 1007 1579 1038 Tusc.
1598 1007 1647 1038 iii.

922 1054 974 1082 34.
1000 1061 1124 1081 morsus
1147 1052 1263 1081 animi.
1293 1052 1350 1082 sed
1374 1053 1408 1081 in
1433 1061 1554 1091 genere
1586 1061 1648 1091 pro

922 1094 1044 1124 dolore.
1075 1095 1139 1124 Off.
1155 1095 1190 1124 ii.
1205 1099 1235 1129 7.
1260 1105 1383 1125 morsus
1406 1096 1546 1125 acriores
1567 1101 1647 1125 sunt

924 1138 1121 1168 intermissae
1137 1148 1235 1176 quam
1255 1145 1394 1169 retentae
1411 1139 1587 1168 libertatis.

965 1180 1046 1212 fisos.
1073 1181 1238 1215 Caecin.7.
1262 1182 1382 1212 deduci
1400 1182 1548 1212 moribus.
1566 1181 1646 1212 ibid.

925 1229 952 1256 l.
968 1225 1059 1255 facta
1072 1225 1117 1254 vis
1130 1230 1181 1255 est
1193 1226 1343 1256 moribus.
1361 1225 1400 1256 de
1411 1226 1441 1255 vi
1459 1225 1560 1263 civili,
1571 1233 1646 1264 quae

923 1269 1060 1305 dicitur,
1077 1268 1116 1298 de
1130 1278 1196 1306 qua
1209 1279 1269 1299 suo
1281 1269 1364 1299 loco.

965 1312 1087 1342 flletus.
1126 1312 1214 1343 Part.
1250 1316 1280 1343 3.
1314 1314 1351 1343 in
1382 1312 1494 1342 animo
1535 1311 1615 1351 quid
1631 1312 1644 1343 ἓ

923 1357 1016 1386 Orat.
1055 1356 1076 1385 i.
1120 1357 1172 1387 ⁶25.
1210 1357 1334 1396 ingenii
1371 1356 1493 1386 celeres
1534 1360 1648 1386 motus.

922 1400 1018 1430 Brut.
1052 1400 1104 1430 66.
1136 1404 1240 1430 motus
1278 1400 1409 1440 plenus,
1436 1399 1476 1429 de
1505 1400 1651 1430 actione.

924 1445 1013 1474 Sext.
1041 1446 1072 1476 7.
1096 1443 1208 1473 fuerat
1240 1443 1295 1473 ille
1326 1452 1434 1474 annus
1462 1443 1497 1473 in
1526 1452 1653 1483 magno

924 1487 1005 1527 reip.
1024 1491 1121 1516 motu.
1145 1487 1187 1517 cf.
1203 1487 1276 1517 Cat.
1292 1488 1325 1517 ii.
1344 1489 1374 1517 Ξῖ.

966 1530 1102 1567 ΆΙοῑένί,
1115 1529 1154 1559 dc
1171 1531 1317 1570 ingenio.
1340 1530 1441 1561 Acad.
1458 1530 1480 1561 i.
1498 1535 1530 1565 9.
1546 1530 1590 1561 cf.
1607 1530 1651 1561 ad

924 1575 1053 1605 Divers.
1078 1584 1130 1603 κν.
1156 1576 1207 1604 21.
1233 1578 1329 1604 acute
1353 1575 1550 1604 movebatur.
1573 1574 1592 1592 ³*
1607 1574 1649 1604 de

924 1618 1009 1648 visis.
1033 1617 1134 1647 Acad.
1155 1618 1196 1648 iv.
1218 1620 1267 1647 11.
1287 1618 1339 1648 15:
1360 1627 1435 1647 vere
1461 1618 1651 1648 inaniterne

925 1665 1102 1692 moveatur.
1119 1671 1239 1701 nempe
1255 1671 1330 1691 vere
1358 1671 1523 1691 movemur
1549 1662 1654 1691 inter-

924 1705 994 1742 diu,
1007 1704 1153 1735 inaniter
1163 1709 1267 1734 noctu
1280 1706 1319 1734 in
1327 1705 1523 1741 somniis,ex
1536 1705 1652 1744 vulga-

925 1749 952 1778 ri
970 1748 1105 1787 quidem
1122 1747 1290 1787 opinione.
1314 1748 1371 1778 scd
1394 1748 1584 1778 Academici
1601 1753 1653 1778 et-

926 1793 991 1822 iam
1006 1791 1151 1822 interdiu
1165 1792 1309 1822 inaniter
1320 1793 1437 1822 moveri
1449 1800 1506 1822 nos
1519 1796 1655 1831 putant.

925 1836 943 1854 ²*
962 1836 1032 1865 Fiu.
1054 1835 1088 1865 ii.
1109 1838 1159 1865 1-0.
1183 1835 1336 1875 voluptas
1352 1844 1490 1873 movens,
1514 1835 1655 1875 opponi-

924 1884 982 1910 tur
997 1879 1112 1909 stanti.
1143 1879 1162 1897 ⁴*
1175 1888 1251 1908 cum
1278 1888 1418 1919 praepos.
1434 1879 1480 1908 in.
1509 1878 1582 1909 Att.
1598 1879 1656 1910 vii.

928 1927 958 1954 5.
978 1924 1012 1952 in
1028 1922 1218 1952 valetudine
1234 1923 1374 1960 alicujus
1385 1922 1516 1952 moveri.
1539 1922 1559 1940 ²*
1575 1931 1653 1952 cum

926 1976 1066 2007 praepos.
1090 1976 1122 2003 a,
1140 1976 1198 2006 pro
1223 1967 1383 2006 accipere.
1408 1964 1487 1995 ibid.
1513 1966 1536 1995 i.
1561 1967 1610 1997 12.
1634 1975 1658 1996 a.

929 2010 1063 2040 Caecilio
1079 2019 1222 2039 numum
1236 2020 1359 2040 movere
1369 2019 1435 2039 non
1452 2014 1604 2048 possunt.
1620 2019 1652 2042 v.

930 2059 1001 2084 not.
1017 2053 1059 2083 cf.
1084 2053 1190 2083 Flacc.
1210 2057 1258 2088 19.
1275 2063 1351 2083 cum
1371 2063 1422 2082 ex.
1441 2052 1482 2082 N.
1497 2052 1541 2083 D.
1558 2053 1605 2082 iii.
1622 2054 1657 2084 2.

928 2108 966 2127 ex
980 2097 1149 2127 sententia
1164 2107 1217 2126 me
1234 2106 1404 2135 nunquam
1416 2096 1559 2126 movebit.
1582 2095 1602 2114 Ἐ
1614 2095 1659 2126 ad

931 2141 1002 2172 Att.
1018 2141 1074 2171 vii.
1099 2144 1139 2170 ut
1162 2150 1271 2170 meam
1297 2140 1352 2170 ille
1369 2140 1574 2170 sententiam
1587 2149 1654 2170 mo-

932 2189 1018 2221 vena
1047 2185 1067 2213 i.
1098 2183 1212 2220 faciat,
1230 2188 1270 2214 ut
1300 2188 1443 2219 mutem,
1473 2183 1658 2213 dimittam.

933 2232 951 2249 ’κ
969 2228 1025 2258 Or.
1042 2228 1075 2257 ii.
1088 2228 1139 2258 60.
1156 2226 1334 2257 ridiculum
1343 2230 1488 2257 movetur
1501 2227 1660 2256 acumine·

934 2275 994 2302 ἃς.
1012 2272 1032 2301 i.
1051 2281 1079 2301 e.
1096 2271 1213 2301 oritur.

977 2315 1104 2345 Asuero.
1130 2314 1252 2345 Caeein.
1268 2316 1321 2349 99.
1337 2313 1392 2344 hie
1407 2316 1459 2344 est
1472 2323 1585 2343 mucro
1600 2312 1665 2343 dea

933 2359 1093 2389 fensionis
1109 2362 1187 2388 tuae.

977 2402 1164 2440 Imaginor-i,
1175 2400 1270 2431 tarde
1286 2401 1412 2438 conari,
1424 2409 1563 2431 cessare.
1587 2399 1658 2430 Att.

933 2446 997 2476 xvi.
1019 2447 1067 2476 12.
1091 2445 1171 2475 dum
1197 2450 1237 2475 tu
1260 2445 1457 2483 muginmw's,
1485 2453 1547 2473 nec
1574 2443 1659 2478 mihi

934 2489 1099 2526 rescribis,
1112 2489 1183 2529 cepi
1202 2487 1379 2518 consilium
1392 2487 1626 2517 domesticum.

977 2533 1130 2570 filugitus
1146 2537 1254 2562 terrae.
1278 2531 1354 2562 Div.
1371 2531 1392 2560 i.
1412 2534 1462 2561 18.

977 2575 1158 2606 Mula-atus.
1181 2575 1278 2605 Brut.
1294 2576 1346 2606 22.
1369 2574 1547 2613 scriptores
1570 2572 1658 2603 male

933 2620 1081 2657 mulcati,
1105 2620 1161 2658 qui
1191 2618 1320 2657 assequi
1350 2617 1535 2647 dictantem
1562 2617 1661 2646 nimis

933 2663 1086 2693 celeriter
1100 2671 1167 2693 non
1182 2665 1348 2702 poterant.

975 2706 1206 2736 Malim-arius.
1245 2704 1326 2734 Coel.
1371 2706 1424 2736 28.
1464 2703 1661 2741 mulieraria

946 2759 979 2780 m
1009 2759 1069 2779 us:
1096 2749 1128 2778 b.
1153 2759 1183 2779 e.
1207 2749 1380 2778 amuliere
1395 2747 1507 2777 missa.
1527 2779 1531 2783 .

971 2792 1181 2823 Mauonicus.
1215 2791 1305 2822 Sext.
1328 2794 1381 2822 38.
1404 2791 1577 2821 mulimzica
1605 2798 1664 2829 pe—

931 2836 1026 2866 nula.

974 2879 1102 2916 Multa,
1126 2888 1225 2919 poena
1239 2877 1445 2918 pecuniaria.
1469 2876 1593 2907 Caecin.
1609 2877 1663 2906 33.

932 2923 1015 2964 legis
1031 2924 1148 2954 multa.
1171 2922 1266 2954 Verr.
1283 2922 1305 2952 i.
1322 2921 1376 2954 60.
1411 2921 1554 2951 multam
1570 2924 1664 2960 pott—
