<?xml version="1.0" encoding="UTF-8"?>
<!DOCTYPE html PUBLIC "-//W3C//DTD XHTML 1.0 Transitional//EN"
    "http://www.w3.org/TR/xhtml1/DTD/xhtml1-transitional.dtd">
<html xmlns="http://www.w3.org/1999/xhtml" xml:lang="en" lang="en">
 <head>
  <title>
</title>
<meta http-equiv="Content-Type" content="text/html;charset=utf-8" />
  <meta name='ocr-system' content='tesseract 3.04.00' />
  <meta name='ocr-capabilities' content='ocr_page ocr_carea ocr_par ocr_line ocrx_word'/>
</head>
<body>
  <div class='ocr_page' id='page_1' title='image "./operaomnia05ciceuoft/operaomnia05ciceuoft_0013.png"; bbox 0 0 1804 3235; ppageno 0'>
   <div class='ocr_carea' id='block_1_1' title="bbox 523 138 1613 195">
    <p class='ocr_par' dir='ltr' id='par_1_1' title="bbox 523 138 1613 195">
     <span class='ocr_line' id='line_1_1' title="bbox 523 138 1613 195; baseline -0.002 -13"><span class='ocrx_word' id='word_1_1' title='bbox 523 138 908 182; x_wconf 79' lang='lat' dir='ltr'>ED1T10N1s</span> <span class='ocrx_word' id='word_1_2' title='bbox 953 141 1219 183; x_wconf 73' lang='lat' dir='ltr'><strong>PRIMAE.</strong></span> <span class='ocrx_word' id='word_1_3' title='bbox 1589 160 1613 195; x_wconf 76' lang='lat'>:3</span> 
     </span>
    </p>
   </div>
   <div class='ocr_carea' id='block_1_2' title="bbox 74 253 1608 2976">
    <p class='ocr_par' dir='ltr' id='par_1_2' title="bbox 74 253 1608 2976">
     <span class='ocr_line' id='line_1_2' title="bbox 122 253 1608 317; baseline 0.001 -20"><span class='ocrx_word' id='word_1_4' title='bbox 122 255 289 297; x_wconf 78' lang='lat' dir='ltr'>tatione·</span> <span class='ocrx_word' id='word_1_5' title='bbox 316 253 510 296; x_wconf 82' lang='lat' dir='ltr'>satisfieri</span> <span class='ocrx_word' id='word_1_6' title='bbox 544 263 700 309; x_wconf 90' lang='lat' dir='ltr'>potest.</span> <span class='ocrx_word' id='word_1_7' title='bbox 760 254 888 300; x_wconf 85' lang='lat' dir='ltr'>Quod</span> <span class='ocrx_word' id='word_1_8' title='bbox 921 255 954 294; x_wconf 88' lang='lat' dir='ltr'>si</span> <span class='ocrx_word' id='word_1_9' title='bbox 987 256 1403 309; x_wconf 75' lang='lat' dir='ltr'>tantumGronovii,</span> <span class='ocrx_word' id='word_1_10' title='bbox 1428 263 1608 317; x_wconf 71' lang='lat' dir='ltr'>Graevij,</span> 
     </span>
     <span class='ocr_line' id='line_1_3' title="bbox 123 311 1608 371; baseline 0.005 -18"><span class='ocrx_word' id='word_1_11' title='bbox 123 311 374 362; x_wconf 84' lang='lat' dir='ltr'>Burmanni,</span> <span class='ocrx_word' id='word_1_12' title='bbox 394 321 438 352; x_wconf 85' lang='lat' dir='ltr'>et</span> <span class='ocrx_word' id='word_1_13' title='bbox 465 311 529 353; x_wconf 86' lang='lat' dir='ltr'>his</span> <span class='ocrx_word' id='word_1_14' title='bbox 558 311 714 352; x_wconf 82' lang='lat' dir='ltr'>similes</span> <span class='ocrx_word' id='word_1_15' title='bbox 743 311 825 352; x_wconf 79' lang='lat' dir='ltr'>hoc</span> <span class='ocrx_word' id='word_1_16' title='bbox 856 311 1054 353; x_wconf 87' lang='lat' dir='ltr'>instituto</span> <span class='ocrx_word' id='word_1_17' title='bbox 1086 323 1318 364; x_wconf 79' lang='lat' dir='ltr'>uterentur,</span> <span class='ocrx_word' id='word_1_18' title='bbox 1341 331 1520 371; x_wconf 86' lang='lat' dir='ltr'>quorum</span> <span class='ocrx_word' id='word_1_19' title='bbox 1544 334 1608 364; x_wconf 75' lang='lat' dir='ltr'>cst</span> 
     </span>
     <span class='ocr_line' id='line_1_4' title="bbox 120 367 1606 424; baseline 0.007 -16"><span class='ocrx_word' id='word_1_20' title='bbox 120 367 164 409; x_wconf 90' lang='lat' dir='ltr'>in</span> <span class='ocrx_word' id='word_1_21' title='bbox 197 368 279 410; x_wconf 87' lang='lat' dir='ltr'>hoc</span> <span class='ocrx_word' id='word_1_22' title='bbox 311 382 465 424; x_wconf 81' lang='lat' dir='ltr'><strong>genere</strong></span> <span class='ocrx_word' id='word_1_23' title='bbox 497 368 632 418; x_wconf 90' lang='lat' dir='ltr'>notio,</span> <span class='ocrx_word' id='word_1_24' title='bbox 654 369 727 422; x_wconf 91' lang='lat' dir='ltr'>qui</span> <span class='ocrx_word' id='word_1_25' title='bbox 757 368 994 409; x_wconf 82' lang='lat' dir='ltr'>discerncre</span> <span class='ocrx_word' id='word_1_26' title='bbox 1033 370 1143 411; x_wconf 91' lang='lat' dir='ltr'>bona</span> <span class='ocrx_word' id='word_1_27' title='bbox 1164 386 1187 410; x_wconf 89' lang='lat' dir='ltr'>a</span> <span class='ocrx_word' id='word_1_28' title='bbox 1212 371 1346 422; x_wconf 83' lang='lat' dir='ltr'>malis,</span> <span class='ocrx_word' id='word_1_29' title='bbox 1371 378 1606 419; x_wconf 73' lang='lat' dir='ltr'>neccssaria</span> 
     </span>
     <span class='ocr_line' id='line_1_5' title="bbox 118 425 1603 484; baseline 0.006 -19"><span class='ocrx_word' id='word_1_30' title='bbox 118 426 174 465; x_wconf 67' lang='lat' dir='ltr'>ab</span> <span class='ocrx_word' id='word_1_31' title='bbox 196 426 418 466; x_wconf 90' lang='lat' dir='ltr'>inutilibus</span> <span class='ocrx_word' id='word_1_32' title='bbox 442 435 628 481; x_wconf 85' lang='lat' dir='ltr'>possent,</span> <span class='ocrx_word' id='word_1_33' title='bbox 647 435 757 465; x_wconf 85' lang='lat' dir='ltr'>esset</span> <span class='ocrx_word' id='word_1_34' title='bbox 781 425 972 476; x_wconf 82' lang='lat' dir='ltr'>fortasse,</span> <span class='ocrx_word' id='word_1_35' title='bbox 988 436 1032 466; x_wconf 89' lang='lat' dir='ltr'>ut</span> <span class='ocrx_word' id='word_1_36' title='bbox 1056 427 1136 467; x_wconf 80' lang='lat' dir='ltr'>ista</span> <span class='ocrx_word' id='word_1_37' title='bbox 1155 428 1262 468; x_wconf 87' lang='lat' dir='ltr'>ratio</span> <span class='ocrx_word' id='word_1_38' title='bbox 1283 430 1418 484; x_wconf 77' lang='lat' dir='ltr'>magis</span> <span class='ocrx_word' id='word_1_39' title='bbox 1444 432 1512 473; x_wconf 83' lang='lat' dir='ltr'>illa</span> <span class='ocrx_word' id='word_1_40' title='bbox 1534 450 1603 475; x_wconf 81' lang='lat' dir='ltr'>su-</span> 
     </span>
     <span class='ocr_line' id='line_1_6' title="bbox 118 481 1606 539; baseline 0.007 -17"><span class='ocrx_word' id='word_1_41' title='bbox 118 482 275 537; x_wconf 85' lang='lat' dir='ltr'>periori</span> <span class='ocrx_word' id='word_1_42' title='bbox 304 492 446 538; x_wconf 89' lang='lat' dir='ltr'>posset</span> <span class='ocrx_word' id='word_1_43' title='bbox 478 481 661 537; x_wconf 88' lang='lat' dir='ltr'>probari.</span> <span class='ocrx_word' id='word_1_44' title='bbox 723 482 851 523; x_wconf 91' lang='lat' dir='ltr'>Nunc</span> <span class='ocrx_word' id='word_1_45' title='bbox 884 497 982 523; x_wconf 88' lang='lat' dir='ltr'>cum</span> <span class='ocrx_word' id='word_1_46' title='bbox 1012 484 1174 539; x_wconf 85' lang='lat' dir='ltr'>oppido</span> <span class='ocrx_word' id='word_1_47' title='bbox 1199 482 1320 539; x_wconf 74' lang='lat' dir='ltr'>pauci</span> <span class='ocrx_word' id='word_1_48' title='bbox 1353 487 1437 527; x_wconf 80' lang='lat' dir='ltr'>sint</span> <span class='ocrx_word' id='word_1_49' title='bbox 1467 504 1521 530; x_wconf 78' lang='lat' dir='ltr'>cx</span> <span class='ocrx_word' id='word_1_50' title='bbox 1555 506 1606 533; x_wconf 81' lang='lat' dir='ltr'>ca.</span> 
     </span>
     <span class='ocr_line' id='line_1_7' title="bbox 116 539 1600 600; baseline 0.005 -19"><span class='ocrx_word' id='word_1_51' title='bbox 116 539 263 590; x_wconf 72' lang='lat' dir='ltr'>classe,</span> <span class='ocrx_word' id='word_1_52' title='bbox 293 554 380 580; x_wconf 89' lang='lat' dir='ltr'>non</span> <span class='ocrx_word' id='word_1_53' title='bbox 410 549 475 580; x_wconf 87' lang='lat' dir='ltr'>est</span> <span class='ocrx_word' id='word_1_54' title='bbox 502 539 873 587; x_wconf 85' lang='lat' dir='ltr'>committendum,</span> <span class='ocrx_word' id='word_1_55' title='bbox 911 549 971 589; x_wconf 88' lang='lat' dir='ltr'>ut,</span> <span class='ocrx_word' id='word_1_56' title='bbox 1004 539 1084 581; x_wconf 86' lang='lat' dir='ltr'>hac</span> <span class='ocrx_word' id='word_1_57' title='bbox 1113 540 1286 581; x_wconf 79' lang='lat' dir='ltr'>licentia</span> <span class='ocrx_word' id='word_1_58' title='bbox 1314 544 1441 584; x_wconf 79' lang='lat' dir='ltr'>semel</span> <span class='ocrx_word' id='word_1_59' title='bbox 1472 545 1600 600; x_wconf 81' lang='lat' dir='ltr'>facta,</span> 
     </span>
     <span class='ocr_line' id='line_1_8' title="bbox 115 595 1598 656; baseline 0.007 -21"><span class='ocrx_word' id='word_1_60' title='bbox 115 595 225 636; x_wconf 80' lang='lat' dir='ltr'>male</span> <span class='ocrx_word' id='word_1_61' title='bbox 245 606 288 637; x_wconf 88' lang='lat' dir='ltr'>et</span> <span class='ocrx_word' id='word_1_62' title='bbox 310 597 455 652; x_wconf 89' lang='lat' dir='ltr'>inepte</span> <span class='ocrx_word' id='word_1_63' title='bbox 481 595 706 636; x_wconf 87' lang='lat' dir='ltr'>mutilandi</span> <span class='ocrx_word' id='word_1_64' title='bbox 730 596 885 637; x_wconf 88' lang='lat' dir='ltr'>laboris</span> <span class='ocrx_word' id='word_1_65' title='bbox 915 597 1040 638; x_wconf 86' lang='lat' dir='ltr'>alicui</span> <span class='ocrx_word' id='word_1_66' title='bbox 1064 598 1330 640; x_wconf 82' lang='lat' dir='ltr'>consuetudo</span> <span class='ocrx_word' id='word_1_67' title='bbox 1353 600 1598 656; x_wconf 74' lang='lat' dir='ltr'>invalescat,</span> 
     </span>
     <span class='ocr_line' id='line_1_9' title="bbox 113 653 1600 711; baseline 0.007 -19"><span class='ocrx_word' id='word_1_68' title='bbox 113 662 158 693; x_wconf 89' lang='lat' dir='ltr'>et</span> <span class='ocrx_word' id='word_1_69' title='bbox 191 654 307 694; x_wconf 89' lang='lat' dir='ltr'>orbis</span> <span class='ocrx_word' id='word_1_70' title='bbox 335 653 526 696; x_wconf 88' lang='lat' dir='ltr'>eruditus</span> <span class='ocrx_word' id='word_1_71' title='bbox 569 653 895 703; x_wconf 71' lang='lat' dir='ltr'>Sclireveliauis‚</span> <span class='ocrx_word' id='word_1_72' title='bbox 935 653 1356 711; x_wconf 81' lang='lat' dir='ltr'>Knippingianisquc</span> <span class='ocrx_word' id='word_1_73' title='bbox 1396 659 1600 704; x_wconf 81' lang='lat' dir='ltr'>similium</span> 
     </span>
     <span class='ocr_line' id='line_1_10' title="bbox 113 709 1598 767; baseline 0.007 -18"><span class='ocrx_word' id='word_1_74' title='bbox 113 709 352 752; x_wconf 85' lang='lat' dir='ltr'>editionum</span> <span class='ocrx_word' id='word_1_75' title='bbox 373 710 500 766; x_wconf 87' lang='lat' dir='ltr'>copia</span> <span class='ocrx_word' id='word_1_76' title='bbox 519 710 761 760; x_wconf 89' lang='lat' dir='ltr'>inundetur,</span> <span class='ocrx_word' id='word_1_77' title='bbox 775 711 931 765; x_wconf 80' lang='lat' dir='ltr'>quibus</span> <span class='ocrx_word' id='word_1_78' title='bbox 954 725 1103 766; x_wconf 85' lang='lat' dir='ltr'>parum</span> <span class='ocrx_word' id='word_1_79' title='bbox 1123 712 1317 767; x_wconf 85' lang='lat' dir='ltr'>profecto</span> <span class='ocrx_word' id='word_1_80' title='bbox 1337 713 1436 755; x_wconf 90' lang='lat' dir='ltr'>huic</span> <span class='ocrx_word' id='word_1_81' title='bbox 1455 719 1598 759; x_wconf 83' lang='lat' dir='ltr'>studio</span> 
     </span>
     <span class='ocr_line' id='line_1_11' title="bbox 112 766 1597 822; baseline 0.007 -16"><span class='ocrx_word' id='word_1_82' title='bbox 112 766 354 808; x_wconf 87' lang='lat' dir='ltr'>consultum</span> <span class='ocrx_word' id='word_1_83' title='bbox 376 768 501 809; x_wconf 79' lang='lat' dir='ltr'>foret.</span> <span class='ocrx_word' id='word_1_84' title='bbox 561 767 740 822; x_wconf 88' lang='lat' dir='ltr'>Optima</span> <span class='ocrx_word' id='word_1_85' title='bbox 761 768 851 808; x_wconf 90' lang='lat' dir='ltr'>sine</span> <span class='ocrx_word' id='word_1_86' title='bbox 880 767 1013 809; x_wconf 87' lang='lat' dir='ltr'>dubio</span> <span class='ocrx_word' id='word_1_87' title='bbox 1038 768 1145 809; x_wconf 89' lang='lat' dir='ltr'>ratio</span> <span class='ocrx_word' id='word_1_88' title='bbox 1167 769 1426 812; x_wconf 88' lang='lat' dir='ltr'>edendorum</span> <span class='ocrx_word' id='word_1_89' title='bbox 1449 784 1597 816; x_wconf 84' lang='lat' dir='ltr'>aucto-</span> 
     </span>
     <span class='ocr_line' id='line_1_12' title="bbox 111 824 1595 886; baseline 0.003 -24"><span class='ocrx_word' id='word_1_90' title='bbox 111 836 204 864; x_wconf 86' lang='lat' dir='ltr'>rum</span> <span class='ocrx_word' id='word_1_91' title='bbox 226 834 337 866; x_wconf 86' lang='lat' dir='ltr'>esset</span> <span class='ocrx_word' id='word_1_92' title='bbox 356 840 421 875; x_wconf 87' lang='lat' dir='ltr'>ea,</span> <span class='ocrx_word' id='word_1_93' title='bbox 442 825 566 879; x_wconf 87' lang='lat' dir='ltr'>cujus</span> <span class='ocrx_word' id='word_1_94' title='bbox 587 824 700 879; x_wconf 83' lang='lat' dir='ltr'>leges</span> <span class='ocrx_word' id='word_1_95' title='bbox 718 824 936 880; x_wconf 61' lang='lat' dir='ltr'>expositas</span> <span class='ocrx_word' id='word_1_96' title='bbox 968 839 1103 880; x_wconf 85' lang='lat' dir='ltr'>nuper</span> <span class='ocrx_word' id='word_1_97' title='bbox 1125 841 1150 866; x_wconf 90' lang='lat' dir='ltr'>a</span> <span class='ocrx_word' id='word_1_98' title='bbox 1172 825 1388 878; x_wconf 84' lang='lat' dir='ltr'>Crevcrio,</span> <span class='ocrx_word' id='word_1_99' title='bbox 1411 829 1453 870; x_wconf 91' lang='lat' dir='ltr'>in</span> <span class='ocrx_word' id='word_1_100' title='bbox 1487 845 1595 886; x_wconf 67' lang='lat' dir='ltr'>prae,</span> 
     </span>
     <span class='ocr_line' id='line_1_13' title="bbox 110 878 1595 936; baseline 0.007 -16"><span class='ocrx_word' id='word_1_101' title='bbox 110 878 274 924; x_wconf 88' lang='lat' dir='ltr'>fatione</span> <span class='ocrx_word' id='word_1_102' title='bbox 304 881 497 931; x_wconf 85' lang='lat' dir='ltr'>Liviana,</span> <span class='ocrx_word' id='word_1_103' title='bbox 519 881 714 936; x_wconf 79' lang='lat' dir='ltr'>legimus.</span> <span class='ocrx_word' id='word_1_104' title='bbox 776 880 932 922; x_wconf 80' lang='lat' dir='ltr'>Earum</span> <span class='ocrx_word' id='word_1_105' title='bbox 964 896 1130 922; x_wconf 86' lang='lat' dir='ltr'>summa</span> <span class='ocrx_word' id='word_1_106' title='bbox 1160 882 1253 924; x_wconf 84' lang='lat' dir='ltr'>haec</span> <span class='ocrx_word' id='word_1_107' title='bbox 1277 893 1355 933; x_wconf 81' lang='lat' dir='ltr'>est,</span> <span class='ocrx_word' id='word_1_108' title='bbox 1381 895 1425 926; x_wconf 88' lang='lat' dir='ltr'>ut</span> <span class='ocrx_word' id='word_1_109' title='bbox 1471 889 1595 930; x_wconf 86' lang='lat' dir='ltr'>›rimo</span> 
     </span>
     <span class='ocr_line' id='line_1_14' title="bbox 108 937 1592 994; baseline 0.007 -16"><span class='ocrx_word' id='word_1_110' title='bbox 108 937 261 978; x_wconf 88' lang='lat' dir='ltr'>critica</span> <span class='ocrx_word' id='word_1_111' title='bbox 296 939 508 979; x_wconf 82' lang='lat' dir='ltr'>subtilitas</span> <span class='ocrx_word' id='word_1_112' title='bbox 539 937 807 988; x_wconf 80' lang='lat' dir='ltr'>adhibeatur,</span> <span class='ocrx_word' id='word_1_113' title='bbox 839 947 1037 994; x_wconf 88' lang='lat' dir='ltr'>totusque</span> <span class='ocrx_word' id='word_1_114' title='bbox 1067 948 1218 980; x_wconf 83' lang='lat' dir='ltr'>auctor</span> <span class='ocrx_word' id='word_1_115' title='bbox 1246 955 1269 980; x_wconf 86' lang='lat' dir='ltr'>e</span> <span class='ocrx_word' id='word_1_116' title='bbox 1295 941 1433 983; x_wconf 89' lang='lat' dir='ltr'>Codd.</span> <span class='ocrx_word' id='word_1_117' title='bbox 1459 944 1592 988; x_wconf 51' lang='grc' dir='ltr'>Δ185.</span> 
     </span>
     <span class='ocr_line' id='line_1_15' title="bbox 107 994 1594 1058; baseline 0.003 -24"><span class='ocrx_word' id='word_1_118' title='bbox 107 994 341 1050; x_wconf 83' lang='lat' dir='ltr'>primisque</span> <span class='ocrx_word' id='word_1_119' title='bbox 361 995 622 1037; x_wconf 84' lang='lat' dir='ltr'>editionibus</span> <span class='ocrx_word' id='word_1_120' title='bbox 642 995 951 1036; x_wconf 83' lang='lat' dir='ltr'>constituatur:</span> <span class='ocrx_word' id='word_1_121' title='bbox 974 1010 999 1036; x_wconf 89' lang='lat' dir='ltr'>a</span> <span class='ocrx_word' id='word_1_122' title='bbox 1019 995 1246 1037; x_wconf 88' lang='lat' dir='ltr'>doctorum</span> <span class='ocrx_word' id='word_1_123' title='bbox 1265 997 1449 1040; x_wconf 87' lang='lat' dir='ltr'>virorum</span> <span class='ocrx_word' id='word_1_124' title='bbox 1473 1001 1594 1058; x_wconf 83' lang='lat' dir='ltr'>inge-</span> 
     </span>
     <span class='ocr_line' id='line_1_16' title="bbox 105 1050 1592 1112; baseline 0.007 -22"><span class='ocrx_word' id='word_1_125' title='bbox 105 1050 190 1091; x_wconf 89' lang='lat' dir='ltr'>niis</span> <span class='ocrx_word' id='word_1_126' title='bbox 211 1052 416 1107; x_wconf 86' lang='lat' dir='ltr'>profectae</span> <span class='ocrx_word' id='word_1_127' title='bbox 438 1052 772 1102; x_wconf 85' lang='lat' dir='ltr'>emendationes,</span> <span class='ocrx_word' id='word_1_128' title='bbox 792 1062 919 1108; x_wconf 85' lang='lat' dir='ltr'>prout</span> <span class='ocrx_word' id='word_1_129' title='bbox 938 1054 1044 1094; x_wconf 88' lang='lat' dir='ltr'>ratio</span> <span class='ocrx_word' id='word_1_130' title='bbox 1065 1052 1222 1103; x_wconf 89' lang='lat' dir='ltr'>tulerit,</span> <span class='ocrx_word' id='word_1_131' title='bbox 1239 1065 1313 1094; x_wconf 89' lang='lat' dir='ltr'>aut</span> <span class='ocrx_word' id='word_1_132' title='bbox 1332 1057 1592 1112; x_wconf 85' lang='lat' dir='ltr'>recipiantur</span> 
     </span>
     <span class='ocr_line' id='line_1_17' title="bbox 106 1107 1587 1166; baseline 0.008 -19"><span class='ocrx_word' id='word_1_133' title='bbox 106 1107 150 1147; x_wconf 94' lang='lat' dir='ltr'>in</span> <span class='ocrx_word' id='word_1_134' title='bbox 171 1118 440 1159; x_wconf 86' lang='lat' dir='ltr'>contextum,</span> <span class='ocrx_word' id='word_1_135' title='bbox 460 1117 534 1150; x_wconf 84' lang='lat' dir='ltr'>aut</span> <span class='ocrx_word' id='word_1_136' title='bbox 552 1119 963 1151; x_wconf 84' lang='lat' dir='ltr'>commemorentur:</span> <span class='ocrx_word' id='word_1_137' title='bbox 987 1109 1067 1151; x_wconf 89' lang='lat' dir='ltr'>loci</span> <span class='ocrx_word' id='word_1_138' title='bbox 1088 1110 1287 1166; x_wconf 84' lang='lat' dir='ltr'>depositi,</span> <span class='ocrx_word' id='word_1_139' title='bbox 1306 1123 1379 1153; x_wconf 86' lang='lat' dir='ltr'>aut</span> <span class='ocrx_word' id='word_1_140' title='bbox 1399 1116 1587 1159; x_wconf 87' lang='lat' dir='ltr'>nondum</span> 
     </span>
     <span class='ocr_line' id='line_1_18' title="bbox 103 1165 1589 1222; baseline 0.007 -18"><span class='ocrx_word' id='word_1_141' title='bbox 103 1165 345 1216; x_wconf 84' lang='lat' dir='ltr'>constituti,</span> <span class='ocrx_word' id='word_1_142' title='bbox 371 1167 636 1208; x_wconf 88' lang='lat' dir='ltr'>indicentur:</span> <span class='ocrx_word' id='word_1_143' title='bbox 669 1166 711 1206; x_wconf 92' lang='lat' dir='ltr'>in</span> <span class='ocrx_word' id='word_1_144' title='bbox 742 1166 999 1222; x_wconf 81' lang='lat' dir='ltr'>explicando</span> <span class='ocrx_word' id='word_1_145' title='bbox 1031 1175 1173 1207; x_wconf 87' lang='lat' dir='ltr'>autem</span> <span class='ocrx_word' id='word_1_146' title='bbox 1205 1167 1238 1207; x_wconf 84' lang='lat' dir='ltr'>is</span> <span class='ocrx_word' id='word_1_147' title='bbox 1271 1169 1420 1210; x_wconf 84' lang='lat' dir='ltr'>modus</span> <span class='ocrx_word' id='word_1_148' title='bbox 1450 1187 1589 1215; x_wconf 84' lang='lat' dir='ltr'>serve-</span> 
     </span>
     <span class='ocr_line' id='line_1_19' title="bbox 104 1223 1587 1285; baseline 0.007 -25"><span class='ocrx_word' id='word_1_149' title='bbox 104 1230 187 1273; x_wconf 89' lang='lat' dir='ltr'>tur,</span> <span class='ocrx_word' id='word_1_150' title='bbox 220 1233 267 1264; x_wconf 84' lang='lat' dir='ltr'>ut</span> <span class='ocrx_word' id='word_1_151' title='bbox 295 1224 478 1264; x_wconf 83' lang='lat' dir='ltr'>obscura</span> <span class='ocrx_word' id='word_1_152' title='bbox 507 1237 530 1263; x_wconf 92' lang='lat' dir='ltr'>e</span> <span class='ocrx_word' id='word_1_153' title='bbox 548 1223 716 1277; x_wconf 90' lang='lat' dir='ltr'>judicio</span> <span class='ocrx_word' id='word_1_154' title='bbox 747 1223 1062 1278; x_wconf 81' lang='lat' dir='ltr'>intelligentum</span> <span class='ocrx_word' id='word_1_155' title='bbox 1092 1223 1331 1274; x_wconf 90' lang='lat' dir='ltr'>hominum,</span> <span class='ocrx_word' id='word_1_156' title='bbox 1353 1237 1395 1267; x_wconf 88' lang='lat' dir='ltr'>et</span> <span class='ocrx_word' id='word_1_157' title='bbox 1427 1229 1469 1269; x_wconf 90' lang='lat' dir='ltr'>in</span> <span class='ocrx_word' id='word_1_158' title='bbox 1492 1232 1587 1285; x_wconf 89' lang='lat' dir='ltr'>qui-</span> 
     </span>
     <span class='ocr_line' id='line_1_20' title="bbox 103 1278 1586 1342; baseline 0.002 -24"><span class='ocrx_word' id='word_1_159' title='bbox 103 1278 182 1319; x_wconf 92' lang='lat' dir='ltr'>bus</span> <span class='ocrx_word' id='word_1_160' title='bbox 204 1279 283 1321; x_wconf 90' lang='lat' dir='ltr'>viri</span> <span class='ocrx_word' id='word_1_161' title='bbox 305 1281 347 1321; x_wconf 91' lang='lat' dir='ltr'>in</span> <span class='ocrx_word' id='word_1_162' title='bbox 367 1280 450 1322; x_wconf 90' lang='lat' dir='ltr'>hoc</span> <span class='ocrx_word' id='word_1_163' title='bbox 471 1294 625 1336; x_wconf 84' lang='lat' dir='ltr'>genere</span> <span class='ocrx_word' id='word_1_164' title='bbox 643 1280 759 1321; x_wconf 91' lang='lat' dir='ltr'>docti</span> <span class='ocrx_word' id='word_1_165' title='bbox 781 1289 856 1322; x_wconf 90' lang='lat' dir='ltr'>aut</span> <span class='ocrx_word' id='word_1_166' title='bbox 873 1281 1011 1321; x_wconf 88' lang='lat' dir='ltr'>editor</span> <span class='ocrx_word' id='word_1_167' title='bbox 1033 1280 1124 1336; x_wconf 87' lang='lat' dir='ltr'>ipse</span> <span class='ocrx_word' id='word_1_168' title='bbox 1143 1281 1372 1334; x_wconf 68' lang='lat' dir='ltr'>haeserunt,</span> <span class='ocrx_word' id='word_1_169' title='bbox 1388 1296 1462 1326; x_wconf 88' lang='lat' dir='ltr'>aut</span> <span class='ocrx_word' id='word_1_170' title='bbox 1480 1301 1586 1342; x_wconf 86' lang='lat' dir='ltr'>quo-</span> 
     </span>
     <span class='ocr_line' id='line_1_21' title="bbox 101 1337 1585 1394; baseline 0.002 -18"><span class='ocrx_word' id='word_1_171' title='bbox 101 1349 196 1377; x_wconf 89' lang='lat' dir='ltr'>rum</span> <span class='ocrx_word' id='word_1_172' title='bbox 216 1351 241 1377; x_wconf 92' lang='lat' dir='ltr'>e</span> <span class='ocrx_word' id='word_1_173' title='bbox 263 1338 446 1393; x_wconf 79' lang='lat' dir='ltr'>vulgatis</span> <span class='ocrx_word' id='word_1_174' title='bbox 475 1337 624 1378; x_wconf 86' lang='lat' dir='ltr'>lexicis</span> <span class='ocrx_word' id='word_1_175' title='bbox 654 1337 950 1392; x_wconf 81' lang='lat' dir='ltr'>interpretatio</span> <span class='ocrx_word' id='word_1_176' title='bbox 972 1337 1132 1378; x_wconf 89' lang='lat' dir='ltr'>hauriri</span> <span class='ocrx_word' id='word_1_177' title='bbox 1153 1352 1239 1379; x_wconf 90' lang='lat' dir='ltr'>non</span> <span class='ocrx_word' id='word_1_178' title='bbox 1263 1349 1418 1394; x_wconf 84' lang='lat' dir='ltr'>potest,</span> <span class='ocrx_word' id='word_1_179' title='bbox 1440 1357 1488 1383; x_wconf 82' lang='lat' dir='ltr'>ea</span> <span class='ocrx_word' id='word_1_180' title='bbox 1510 1359 1585 1386; x_wconf 70' lang='lat' dir='ltr'>ex-</span> 
     </span>
     <span class='ocr_line' id='line_1_22' title="bbox 101 1391 1584 1449; baseline 0.007 -16"><span class='ocrx_word' id='word_1_181' title='bbox 101 1391 314 1448; x_wconf 87' lang='lat' dir='ltr'>plicentur</span> <span class='ocrx_word' id='word_1_182' title='bbox 333 1404 376 1435; x_wconf 92' lang='lat' dir='ltr'>et</span> <span class='ocrx_word' id='word_1_183' title='bbox 396 1394 671 1435; x_wconf 79' lang='lat' dir='ltr'>illustrentur,</span> <span class='ocrx_word' id='word_1_184' title='bbox 703 1394 787 1435; x_wconf 87' lang='lat' dir='ltr'>Sed</span> <span class='ocrx_word' id='word_1_185' title='bbox 809 1409 907 1436; x_wconf 91' lang='lat' dir='ltr'>cum</span> <span class='ocrx_word' id='word_1_186' title='bbox 929 1394 1056 1449; x_wconf 86' lang='lat' dir='ltr'>hujus</span> <span class='ocrx_word' id='word_1_187' title='bbox 1080 1394 1190 1436; x_wconf 83' lang='lat' dir='ltr'>Livii</span> <span class='ocrx_word' id='word_1_188' title='bbox 1215 1395 1460 1440; x_wconf 84' lang='lat' dir='ltr'>Creveriani</span> <span class='ocrx_word' id='word_1_189' title='bbox 1484 1416 1584 1442; x_wconf 87' lang='lat' dir='ltr'>cen-</span> 
     </span>
     <span class='ocr_line' id='line_1_23' title="bbox 99 1450 1582 1512; baseline 0.007 -23"><span class='ocrx_word' id='word_1_190' title='bbox 99 1464 240 1492; x_wconf 87' lang='lat' dir='ltr'>suram</span> <span class='ocrx_word' id='word_1_191' title='bbox 270 1451 457 1493; x_wconf 87' lang='lat' dir='ltr'>in.Actis</span> <span class='ocrx_word' id='word_1_192' title='bbox 479 1450 755 1492; x_wconf 91' lang='lat' dir='ltr'>Eruditorum</span> <span class='ocrx_word' id='word_1_193' title='bbox 785 1466 921 1507; x_wconf 88' lang='lat' dir='ltr'>nuper</span> <span class='ocrx_word' id='word_1_194' title='bbox 949 1465 1186 1507; x_wconf 83' lang='lat' dir='ltr'>ageremus,</span> <span class='ocrx_word' id='word_1_195' title='bbox 1207 1452 1323 1503; x_wconf 84' lang='lat' dir='ltr'>satis,</span> <span class='ocrx_word' id='word_1_196' title='bbox 1346 1464 1394 1495; x_wconf 89' lang='lat' dir='ltr'>ut</span> <span class='ocrx_word' id='word_1_197' title='bbox 1414 1457 1582 1512; x_wconf 88' lang='lat' dir='ltr'>opinor,</span> 
     </span>
     <span class='ocr_line' id='line_1_24' title="bbox 98 1506 1582 1563; baseline 0.004 -16"><span class='ocrx_word' id='word_1_198' title='bbox 98 1506 337 1559; x_wconf 88' lang='lat' dir='ltr'>docuimus,</span> <span class='ocrx_word' id='word_1_199' title='bbox 359 1508 526 1550; x_wconf 81' lang='lat' dir='ltr'>facilius</span> <span class='ocrx_word' id='word_1_200' title='bbox 554 1522 658 1558; x_wconf 89' lang='lat' dir='ltr'>esse,</span> <span class='ocrx_word' id='word_1_201' title='bbox 680 1518 729 1548; x_wconf 90' lang='lat' dir='ltr'>ut</span> <span class='ocrx_word' id='word_1_202' title='bbox 758 1508 800 1549; x_wconf 90' lang='lat' dir='ltr'>in</span> <span class='ocrx_word' id='word_1_203' title='bbox 822 1509 939 1549; x_wconf 90' lang='lat' dir='ltr'>omni</span> <span class='ocrx_word' id='word_1_204' title='bbox 971 1522 1141 1563; x_wconf 81' lang='lat' dir='ltr'>genere,</span> <span class='ocrx_word' id='word_1_205' title='bbox 1166 1509 1225 1549; x_wconf 88' lang='lat' dir='ltr'>ita</span> <span class='ocrx_word' id='word_1_206' title='bbox 1255 1509 1298 1550; x_wconf 91' lang='lat' dir='ltr'>iu</span> <span class='ocrx_word' id='word_1_207' title='bbox 1330 1510 1426 1563; x_wconf 91' lang='lat' dir='ltr'>hoc,</span> <span class='ocrx_word' id='word_1_208' title='bbox 1451 1515 1582 1556; x_wconf 61' lang='lat' dir='ltr'>bonas</span> 
     </span>
     <span class='ocr_line' id='line_1_25' title="bbox 98 1562 1580 1621; baseline 0.007 -17"><span class='ocrx_word' id='word_1_209' title='bbox 98 1562 211 1620; x_wconf 84' lang='lat' dir='ltr'>leges</span> <span class='ocrx_word' id='word_1_210' title='bbox 241 1566 439 1617; x_wconf 86' lang='lat' dir='ltr'>scribere,</span> <span class='ocrx_word' id='word_1_211' title='bbox 459 1580 589 1621; x_wconf 84' lang='lat' dir='ltr'>quam</span> <span class='ocrx_word' id='word_1_212' title='bbox 617 1565 669 1605; x_wconf 88' lang='lat' dir='ltr'>ad</span> <span class='ocrx_word' id='word_1_213' title='bbox 699 1580 821 1606; x_wconf 89' lang='lat' dir='ltr'>usum</span> <span class='ocrx_word' id='word_1_214' title='bbox 844 1566 1086 1616; x_wconf 81' lang='lat' dir='ltr'>transferre,</span> <span class='ocrx_word' id='word_1_215' title='bbox 1105 1575 1148 1606; x_wconf 89' lang='lat' dir='ltr'>et</span> <span class='ocrx_word' id='word_1_216' title='bbox 1180 1567 1231 1607; x_wconf 87' lang='lat' dir='ltr'>ad</span> <span class='ocrx_word' id='word_1_217' title='bbox 1261 1581 1331 1607; x_wconf 84' lang='lat' dir='ltr'>cas</span> <span class='ocrx_word' id='word_1_218' title='bbox 1362 1569 1404 1609; x_wconf 90' lang='lat' dir='ltr'>in</span> <span class='ocrx_word' id='word_1_219' title='bbox 1435 1584 1580 1614; x_wconf 86' lang='lat' dir='ltr'>emen-</span> 
     </span>
     <span class='ocr_line' id='line_1_26' title="bbox 96 1621 1579 1686; baseline 0.007 -25"><span class='ocrx_word' id='word_1_220' title='bbox 96 1621 246 1664; x_wconf 89' lang='lat' dir='ltr'>dandis</span> <span class='ocrx_word' id='word_1_221' title='bbox 277 1622 619 1678; x_wconf 87' lang='lat' dir='ltr'>illustrandisque</span> <span class='ocrx_word' id='word_1_222' title='bbox 639 1632 831 1663; x_wconf 88' lang='lat' dir='ltr'>veterum</span> <span class='ocrx_word' id='word_1_223' title='bbox 863 1622 982 1663; x_wconf 89' lang='lat' dir='ltr'>libris</span> <span class='ocrx_word' id='word_1_224' title='bbox 1011 1636 1055 1663; x_wconf 91' lang='lat' dir='ltr'>se</span> <span class='ocrx_word' id='word_1_225' title='bbox 1086 1624 1425 1667; x_wconf 87' lang='lat' dir='ltr'>accommodare.</span> <span class='ocrx_word' id='word_1_226' title='bbox 1483 1629 1579 1686; x_wconf 79' lang='lat' dir='ltr'>Age</span> 
     </span>
     <span class='ocr_line' id='line_1_27' title="bbox 97 1679 1579 1736; baseline 0.006 -18"><span class='ocrx_word' id='word_1_227' title='bbox 97 1692 196 1720; x_wconf 91' lang='lat' dir='ltr'>vero</span> <span class='ocrx_word' id='word_1_228' title='bbox 218 1680 299 1731; x_wconf 69' lang='grc' dir='ltr'>ῥόα-ιι</span> <span class='ocrx_word' id='word_1_229' title='bbox 320 1679 450 1730; x_wconf 88' lang='lat' dir='ltr'>illam,</span> <span class='ocrx_word' id='word_1_230' title='bbox 470 1680 572 1734; x_wconf 89' lang='lat' dir='ltr'>quia</span> <span class='ocrx_word' id='word_1_231' title='bbox 601 1680 654 1720; x_wconf 87' lang='lat' dir='ltr'>de</span> <span class='ocrx_word' id='word_1_232' title='bbox 687 1694 841 1736; x_wconf 82' lang='lat' dir='ltr'>genere</span> <span class='ocrx_word' id='word_1_233' title='bbox 874 1680 1071 1720; x_wconf 84' lang='lat' dir='ltr'>universo</span> <span class='ocrx_word' id='word_1_234' title='bbox 1092 1689 1170 1729; x_wconf 85' lang='lat' dir='ltr'>est,</span> <span class='ocrx_word' id='word_1_235' title='bbox 1194 1680 1277 1721; x_wconf 89' lang='lat' dir='ltr'>huc</span> <span class='ocrx_word' id='word_1_236' title='bbox 1301 1682 1579 1728; x_wconf 80' lang='lat' dir='ltr'>transscriba-</span> 
     </span>
     <span class='ocr_line' id='line_1_28' title="bbox 96 1736 1578 1798; baseline 0.006 -23"><span class='ocrx_word' id='word_1_237' title='bbox 96 1749 211 1778; x_wconf 87' lang='lat' dir='ltr'>mus:</span> <span class='ocrx_word' id='word_1_238' title='bbox 244 1736 296 1778; x_wconf 91' lang='lat' dir='ltr'>In</span> <span class='ocrx_word' id='word_1_239' title='bbox 319 1736 400 1778; x_wconf 92' lang='lat' dir='ltr'>hoc</span> <span class='ocrx_word' id='word_1_240' title='bbox 422 1737 600 1778; x_wconf 88' lang='lat' dir='ltr'>consilio</span> <span class='ocrx_word' id='word_1_241' title='bbox 622 1751 708 1777; x_wconf 91' lang='lat' dir='ltr'>non</span> <span class='ocrx_word' id='word_1_242' title='bbox 730 1747 795 1778; x_wconf 86' lang='lat' dir='ltr'>est</span> <span class='ocrx_word' id='word_1_243' title='bbox 822 1737 1031 1793; x_wconf 84' lang='lat' dir='ltr'>profecto,</span> <span class='ocrx_word' id='word_1_244' title='bbox 1053 1737 1167 1792; x_wconf 90' lang='lat' dir='ltr'>quod</span> <span class='ocrx_word' id='word_1_245' title='bbox 1202 1739 1450 1794; x_wconf 83' lang='lat' dir='ltr'>reprehendi</span> <span class='ocrx_word' id='word_1_246' title='bbox 1481 1758 1578 1798; x_wconf 80' lang='lat' dir='ltr'>pos-</span> 
     </span>
     <span class='ocr_line' id='line_1_29' title="bbox 95 1793 1576 1850; baseline 0.006 -16"><span class='ocrx_word' id='word_1_247' title='bbox 95 1793 175 1835; x_wconf 80' lang='lat' dir='ltr'>sit:</span> <span class='ocrx_word' id='word_1_248' title='bbox 205 1808 344 1850; x_wconf 91' lang='lat' dir='ltr'>neque</span> <span class='ocrx_word' id='word_1_249' title='bbox 375 1794 554 1835; x_wconf 90' lang='lat' dir='ltr'>dubium</span> <span class='ocrx_word' id='word_1_250' title='bbox 575 1803 655 1844; x_wconf 92' lang='lat' dir='ltr'>est,</span> <span class='ocrx_word' id='word_1_251' title='bbox 675 1794 779 1849; x_wconf 89' lang='lat' dir='ltr'>quin</span> <span class='ocrx_word' id='word_1_252' title='bbox 801 1809 963 1845; x_wconf 81' lang='lat' dir='ltr'>omnes,</span> <span class='ocrx_word' id='word_1_253' title='bbox 984 1794 1057 1848; x_wconf 93' lang='lat' dir='ltr'>qui</span> <span class='ocrx_word' id='word_1_254' title='bbox 1089 1794 1140 1834; x_wconf 90' lang='lat' dir='ltr'>ad</span> <span class='ocrx_word' id='word_1_255' title='bbox 1175 1805 1369 1837; x_wconf 85' lang='lat' dir='ltr'>auctores</span> <span class='ocrx_word' id='word_1_256' title='bbox 1390 1798 1576 1843; x_wconf 87' lang='lat' dir='ltr'>edendos</span> 
     </span>
     <span class='ocr_line' id='line_1_30' title="bbox 94 1850 1578 1910; baseline 0.005 -18"><span class='ocrx_word' id='word_1_257' title='bbox 94 1851 318 1902; x_wconf 85' lang='lat' dir='ltr'>accedunt,</span> <span class='ocrx_word' id='word_1_258' title='bbox 351 1865 402 1892; x_wconf 91' lang='lat' dir='ltr'>eo</span> <span class='ocrx_word' id='word_1_259' title='bbox 441 1851 504 1892; x_wconf 91' lang='lat' dir='ltr'>uti</span> <span class='ocrx_word' id='word_1_260' title='bbox 535 1850 691 1902; x_wconf 85' lang='lat' dir='ltr'>velint3</span> <span class='ocrx_word' id='word_1_261' title='bbox 723 1852 852 1893; x_wconf 88' lang='lat' dir='ltr'>modo</span> <span class='ocrx_word' id='word_1_262' title='bbox 884 1861 997 1892; x_wconf 88' lang='lat' dir='ltr'>recte</span> <span class='ocrx_word' id='word_1_263' title='bbox 1035 1851 1097 1891; x_wconf 92' lang='lat' dir='ltr'>uti</span> <span class='ocrx_word' id='word_1_264' title='bbox 1129 1865 1181 1892; x_wconf 92' lang='lat' dir='ltr'>eo</span> <span class='ocrx_word' id='word_1_265' title='bbox 1212 1867 1360 1893; x_wconf 84' lang='lat' dir='ltr'>omnes</span> <span class='ocrx_word' id='word_1_266' title='bbox 1395 1858 1578 1910; x_wconf 78' lang='lat' dir='ltr'>possint.</span> 
     </span>
     <span class='ocr_line' id='line_1_31' title="bbox 97 1906 1577 1966; baseline 0.005 -18"><span class='ocrx_word' id='word_1_267' title='bbox 97 1906 209 1949; x_wconf 89' lang='lat' dir='ltr'>Nam</span> <span class='ocrx_word' id='word_1_268' title='bbox 232 1909 370 1965; x_wconf 89' lang='lat' dir='ltr'>primo</span> <span class='ocrx_word' id='word_1_269' title='bbox 393 1908 618 1964; x_wconf 90' lang='lat' dir='ltr'>plerisque,</span> <span class='ocrx_word' id='word_1_270' title='bbox 639 1909 768 1949; x_wconf 88' lang='lat' dir='ltr'>etiam</span> <span class='ocrx_word' id='word_1_271' title='bbox 799 1909 901 1950; x_wconf 82' lang='lat' dir='ltr'>satis</span> <span class='ocrx_word' id='word_1_272' title='bbox 924 1907 1076 1958; x_wconf 75' lang='lat' dir='ltr'>doctis,</span> <span class='ocrx_word' id='word_1_273' title='bbox 1100 1908 1271 1960; x_wconf 91' lang='lat' dir='ltr'>accidit,</span> <span class='ocrx_word' id='word_1_274' title='bbox 1294 1910 1337 1951; x_wconf 86' lang='lat' dir='ltr'>id</span> <span class='ocrx_word' id='word_1_275' title='bbox 1357 1913 1470 1966; x_wconf 90' lang='lat' dir='ltr'>quod</span> <span class='ocrx_word' id='word_1_276' title='bbox 1494 1916 1577 1956; x_wconf 78' lang='lat' dir='ltr'>sibi</span> 
     </span>
     <span class='ocr_line' id='line_1_32' title="bbox 92 1964 1578 2022; baseline 0.006 -18"><span class='ocrx_word' id='word_1_277' title='bbox 92 1965 298 2007; x_wconf 86' lang='lat' dir='ltr'>accidisse</span> <span class='ocrx_word' id='word_1_278' title='bbox 326 1980 440 2022; x_wconf 88' lang='lat' dir='ltr'>saepe</span> <span class='ocrx_word' id='word_1_279' title='bbox 469 1979 662 2016; x_wconf 88' lang='lat' dir='ltr'>numero,</span> <span class='ocrx_word' id='word_1_280' title='bbox 685 1966 728 2006; x_wconf 91' lang='lat' dir='ltr'>ni</span> <span class='ocrx_word' id='word_1_281' title='bbox 753 1965 953 2016; x_wconf 84' lang='lat' dir='ltr'>fallimur,</span> <span class='ocrx_word' id='word_1_282' title='bbox 976 1964 1257 2007; x_wconf 82' lang='lat' dir='ltr'>Casaubonus</span> <span class='ocrx_word' id='word_1_283' title='bbox 1279 1966 1578 2022; x_wconf 82' lang='lat' dir='ltr'>fatebatur,ut</span> 
     </span>
     <span class='ocr_line' id='line_1_33' title="bbox 92 2022 1577 2079; baseline 0.005 -17"><span class='ocrx_word' id='word_1_284' title='bbox 92 2036 188 2062; x_wconf 90' lang='lat' dir='ltr'>cum</span> <span class='ocrx_word' id='word_1_285' title='bbox 226 2022 385 2079; x_wconf 86' lang='lat' dir='ltr'>legeret</span> <span class='ocrx_word' id='word_1_286' title='bbox 414 2022 584 2073; x_wconf 90' lang='lat' dir='ltr'>librum,</span> <span class='ocrx_word' id='word_1_287' title='bbox 615 2022 696 2063; x_wconf 88' lang='lat' dir='ltr'>sibi</span> <span class='ocrx_word' id='word_1_288' title='bbox 728 2022 932 2063; x_wconf 83' lang='lat' dir='ltr'>facillima</span> <span class='ocrx_word' id='word_1_289' title='bbox 961 2022 1218 2073; x_wconf 76' lang='lat' dir='ltr'>viderentur,</span> <span class='ocrx_word' id='word_1_290' title='bbox 1249 2038 1344 2078; x_wconf 85' lang='lat' dir='ltr'>quae</span> <span class='ocrx_word' id='word_1_291' title='bbox 1384 2026 1577 2070; x_wconf 87' lang='lat' dir='ltr'>difficilia</span> 
     </span>
     <span class='ocr_line' id='line_1_34' title="bbox 90 2079 1574 2136; baseline 0.005 -17"><span class='ocrx_word' id='word_1_292' title='bbox 90 2079 309 2135; x_wconf 86' lang='lat' dir='ltr'>explicatu</span> <span class='ocrx_word' id='word_1_293' title='bbox 334 2089 378 2121; x_wconf 90' lang='lat' dir='ltr'>et</span> <span class='ocrx_word' id='word_1_294' title='bbox 406 2080 588 2121; x_wconf 87' lang='lat' dir='ltr'>obscura</span> <span class='ocrx_word' id='word_1_295' title='bbox 615 2093 707 2120; x_wconf 89' lang='lat' dir='ltr'>esse</span> <span class='ocrx_word' id='word_1_296' title='bbox 736 2079 993 2136; x_wconf 83' lang='lat' dir='ltr'>intelligeret</span> <span class='ocrx_word' id='word_1_297' title='bbox 1023 2088 1114 2120; x_wconf 88' lang='lat' dir='ltr'>tum</span> <span class='ocrx_word' id='word_1_298' title='bbox 1144 2080 1331 2130; x_wconf 89' lang='lat' dir='ltr'>demum,</span> <span class='ocrx_word' id='word_1_299' title='bbox 1353 2097 1451 2125; x_wconf 79' lang='lat' dir='ltr'>curn</span> <span class='ocrx_word' id='word_1_300' title='bbox 1482 2085 1574 2127; x_wconf 80' lang='lat' dir='ltr'>aliis</span> 
     </span>
     <span class='ocr_line' id='line_1_35' title="bbox 87 2136 1575 2192; baseline 0.005 -16"><span class='ocrx_word' id='word_1_301' title='bbox 87 2149 237 2178; x_wconf 86' lang='lat' dir='ltr'>eorum</span> <span class='ocrx_word' id='word_1_302' title='bbox 258 2151 403 2178; x_wconf 89' lang='lat' dir='ltr'>sensus</span> <span class='ocrx_word' id='word_1_303' title='bbox 433 2145 632 2178; x_wconf 88' lang='lat' dir='ltr'>accurate</span> <span class='ocrx_word' id='word_1_304' title='bbox 662 2137 968 2192; x_wconf 87' lang='lat' dir='ltr'>perspicueque</span> <span class='ocrx_word' id='word_1_305' title='bbox 988 2136 1268 2191; x_wconf 84' lang='lat' dir='ltr'>explicandus</span> <span class='ocrx_word' id='word_1_306' title='bbox 1289 2149 1413 2180; x_wconf 84' lang='lat' dir='ltr'>esset.</span> <span class='ocrx_word' id='word_1_307' title='bbox 1473 2141 1575 2184; x_wconf 88' lang='lat' dir='ltr'>Hoc</span> 
     </span>
     <span class='ocr_line' id='line_1_36' title="bbox 89 2194 1573 2253; baseline 0.005 -20"><span class='ocrx_word' id='word_1_308' title='bbox 89 2194 304 2246; x_wconf 87' lang='lat' dir='ltr'>omnibus,</span> <span class='ocrx_word' id='word_1_309' title='bbox 335 2208 457 2250; x_wconf 86' lang='lat' dir='ltr'>paene</span> <span class='ocrx_word' id='word_1_310' title='bbox 487 2194 643 2244; x_wconf 84' lang='lat' dir='ltr'>dicam,</span> <span class='ocrx_word' id='word_1_311' title='bbox 673 2194 844 2244; x_wconf 84' lang='lat' dir='ltr'>accidit,</span> <span class='ocrx_word' id='word_1_312' title='bbox 867 2194 939 2249; x_wconf 93' lang='lat' dir='ltr'>qui</span> <span class='ocrx_word' id='word_1_313' title='bbox 972 2203 1166 2234; x_wconf 85' lang='lat' dir='ltr'>auctores</span> <span class='ocrx_word' id='word_1_314' title='bbox 1197 2194 1435 2247; x_wconf 88' lang='lat' dir='ltr'>ediderunt,</span> <span class='ocrx_word' id='word_1_315' title='bbox 1464 2213 1573 2253; x_wconf 86' lang='lat' dir='ltr'>quos</span> 
     </span>
     <span class='ocr_line' id='line_1_37' title="bbox 87 2249 1573 2307; baseline 0.005 -16"><span class='ocrx_word' id='word_1_316' title='bbox 87 2264 175 2292; x_wconf 89' lang='lat' dir='ltr'>non</span> <span class='ocrx_word' id='word_1_317' title='bbox 197 2251 421 2307; x_wconf 86' lang='lat' dir='ltr'>aliquoties</span> <span class='ocrx_word' id='word_1_318' title='bbox 443 2251 534 2292; x_wconf 87' lang='lat' dir='ltr'>aliis</span> <span class='ocrx_word' id='word_1_319' title='bbox 556 2261 656 2292; x_wconf 88' lang='lat' dir='ltr'>sunt</span> <span class='ocrx_word' id='word_1_320' title='bbox 676 2251 958 2306; x_wconf 88' lang='lat' dir='ltr'>interpretati,</span> <span class='ocrx_word' id='word_1_321' title='bbox 977 2259 1024 2290; x_wconf 90' lang='lat' dir='ltr'>ut</span> <span class='ocrx_word' id='word_1_322' title='bbox 1043 2249 1168 2291; x_wconf 85' lang='lat' dir='ltr'>facile</span> <span class='ocrx_word' id='word_1_323' title='bbox 1189 2266 1408 2306; x_wconf 87' lang='lat' dir='ltr'>possemus</span> <span class='ocrx_word' id='word_1_324' title='bbox 1427 2256 1573 2298; x_wconf 88' lang='lat' dir='ltr'>multis</span> 
     </span>
     <span class='ocr_line' id='line_1_38' title="bbox 87 2307 1571 2364; baseline 0.005 -16"><span class='ocrx_word' id='word_1_325' title='bbox 87 2308 295 2364; x_wconf 84' lang='lat' dir='ltr'>exemplis</span> <span class='ocrx_word' id='word_1_326' title='bbox 326 2309 632 2358; x_wconf 85' lang='lat' dir='ltr'>demonstrare,</span> <span class='ocrx_word' id='word_1_327' title='bbox 663 2308 696 2348; x_wconf 89' lang='lat' dir='ltr'>si</span> <span class='ocrx_word' id='word_1_328' title='bbox 728 2307 845 2349; x_wconf 87' lang='lat' dir='ltr'>locus</span> <span class='ocrx_word' id='word_1_329' title='bbox 882 2317 1110 2363; x_wconf 85' lang='lat' dir='ltr'>pateretur.</span> <span class='ocrx_word' id='word_1_330' title='bbox 1171 2307 1361 2349; x_wconf 86' lang='lat' dir='ltr'>Omnino</span> <span class='ocrx_word' id='word_1_331' title='bbox 1397 2311 1571 2355; x_wconf 87' lang='lat' dir='ltr'>difficile</span> 
     </span>
     <span class='ocr_line' id='line_1_39' title="bbox 86 2364 1570 2423; baseline 0.004 -18"><span class='ocrx_word' id='word_1_332' title='bbox 86 2374 164 2417; x_wconf 88' lang='lat' dir='ltr'>est,</span> <span class='ocrx_word' id='word_1_333' title='bbox 185 2366 288 2421; x_wconf 92' lang='lat' dir='ltr'>quid</span> <span class='ocrx_word' id='word_1_334' title='bbox 310 2366 365 2407; x_wconf 93' lang='lat' dir='ltr'>sit</span> <span class='ocrx_word' id='word_1_335' title='bbox 382 2367 626 2415; x_wconf 88' lang='lat' dir='ltr'>obscurum,</span> <span class='ocrx_word' id='word_1_336' title='bbox 650 2365 808 2421; x_wconf 91' lang='lat' dir='ltr'>ubique</span> <span class='ocrx_word' id='word_1_337' title='bbox 831 2379 954 2420; x_wconf 82' lang='lat' dir='ltr'>posse</span> <span class='ocrx_word' id='word_1_338' title='bbox 975 2364 1177 2416; x_wconf 78' lang='lat' dir='ltr'>definire3</span> <span class='ocrx_word' id='word_1_339' title='bbox 1207 2366 1472 2423; x_wconf 86' lang='lat' dir='ltr'>dubiumque</span> <span class='ocrx_word' id='word_1_340' title='bbox 1492 2385 1570 2412; x_wconf 87' lang='lat' dir='ltr'>no-</span> 
     </span>
     <span class='ocr_line' id='line_1_40' title="bbox 85 2421 1568 2475; baseline 0.005 -13"><span class='ocrx_word' id='word_1_341' title='bbox 85 2421 150 2463; x_wconf 87' lang='lat' dir='ltr'>bis</span> <span class='ocrx_word' id='word_1_342' title='bbox 174 2422 355 2475; x_wconf 86' lang='lat' dir='ltr'>videtur,</span> <span class='ocrx_word' id='word_1_343' title='bbox 377 2434 521 2464; x_wconf 88' lang='lat' dir='ltr'>utrum</span> <span class='ocrx_word' id='word_1_344' title='bbox 551 2422 726 2463; x_wconf 87' lang='lat' dir='ltr'>indocto</span> <span class='ocrx_word' id='word_1_345' title='bbox 757 2437 810 2463; x_wconf 89' lang='lat' dir='ltr'>an</span> <span class='ocrx_word' id='word_1_346' title='bbox 839 2422 968 2462; x_wconf 86' lang='lat' dir='ltr'>docto</span> <span class='ocrx_word' id='word_1_347' title='bbox 991 2422 1257 2463; x_wconf 89' lang='lat' dir='ltr'>obscuriores</span> <span class='ocrx_word' id='word_1_348' title='bbox 1288 2422 1383 2464; x_wconf 87' lang='lat' dir='ltr'>libri</span> <span class='ocrx_word' id='word_1_349' title='bbox 1408 2435 1568 2469; x_wconf 86' lang='lat' dir='ltr'>veteres</span> 
     </span>
     <span class='ocr_line' id='line_1_41' title="bbox 82 2477 1569 2534; baseline 0.005 -15"><span class='ocrx_word' id='word_1_350' title='bbox 82 2479 322 2521; x_wconf 84' lang='lat' dir='ltr'>videantur.</span> <span class='ocrx_word' id='word_1_351' title='bbox 383 2480 500 2527; x_wconf 86' lang='lat' dir='ltr'>Quid</span> <span class='ocrx_word' id='word_1_352' title='bbox 522 2479 664 2528; x_wconf 83' lang='lat' dir='ltr'>enim?</span> <span class='ocrx_word' id='word_1_353' title='bbox 695 2477 816 2516; x_wconf 72' lang='grc' dir='ltr'>ὀπάνυ</span> <span class='ocrx_word' id='word_1_354' title='bbox 839 2478 1038 2520; x_wconf 79' lang='lat' dir='ltr'>Graevius</span> <span class='ocrx_word' id='word_1_355' title='bbox 1069 2478 1217 2534; x_wconf 87' lang='lat' dir='ltr'>plusne</span> <span class='ocrx_word' id='word_1_356' title='bbox 1237 2479 1501 2524; x_wconf 87' lang='lat' dir='ltr'>difficultatis</span> <span class='ocrx_word' id='word_1_357' title='bbox 1525 2485 1569 2526; x_wconf 89' lang='lat' dir='ltr'>in</span> 
     </span>
     <span class='ocr_line' id='line_1_42' title="bbox 82 2535 1566 2592; baseline 0.003 -15"><span class='ocrx_word' id='word_1_358' title='bbox 82 2536 274 2592; x_wconf 88' lang='lat' dir='ltr'>epistolis</span> <span class='ocrx_word' id='word_1_359' title='bbox 297 2537 591 2579; x_wconf 81' lang='lat' dir='ltr'>Ciceronianis</span> <span class='ocrx_word' id='word_1_360' title='bbox 613 2535 878 2591; x_wconf 82' lang='lat' dir='ltr'>explicandis</span> <span class='ocrx_word' id='word_1_361' title='bbox 893 2535 1008 2576; x_wconf 81' lang='lat' dir='ltr'>&#39;vidit</span> <span class='ocrx_word' id='word_1_362' title='bbox 1039 2544 1150 2586; x_wconf 90' lang='lat' dir='ltr'>ante,</span> <span class='ocrx_word' id='word_1_363' title='bbox 1173 2550 1301 2590; x_wconf 88' lang='lat' dir='ltr'>quam</span> <span class='ocrx_word' id='word_1_364' title='bbox 1328 2538 1371 2578; x_wconf 91' lang='lat' dir='ltr'>in</span> <span class='ocrx_word' id='word_1_365' title='bbox 1395 2538 1566 2582; x_wconf 88' lang='lat' dir='ltr'>Grono-</span> 
     </span>
     <span class='ocr_line' id='line_1_43' title="bbox 81 2592 1566 2650; baseline 0.004 -17"><span class='ocrx_word' id='word_1_366' title='bbox 81 2593 138 2634; x_wconf 85' lang='lat' dir='ltr'>vii</span> <span class='ocrx_word' id='word_1_367' title='bbox 161 2593 431 2650; x_wconf 83' lang='lat' dir='ltr'>disciplinam</span> <span class='ocrx_word' id='word_1_368' title='bbox 455 2602 640 2643; x_wconf 87' lang='lat' dir='ltr'>venerat,</span> <span class='ocrx_word' id='word_1_369' title='bbox 662 2607 730 2644; x_wconf 86' lang='lat' dir='ltr'>an,</span> <span class='ocrx_word' id='word_1_370' title='bbox 753 2602 979 2648; x_wconf 82' lang='lat' dir='ltr'>postquam</span> <span class='ocrx_word' id='word_1_371' title='bbox 1001 2593 1051 2632; x_wconf 89' lang='lat' dir='ltr'>ad</span> <span class='ocrx_word' id='word_1_372' title='bbox 1074 2592 1166 2647; x_wconf 87' lang='lat' dir='ltr'>ejus</span> <span class='ocrx_word' id='word_1_373' title='bbox 1193 2594 1491 2637; x_wconf 86' lang='lat' dir='ltr'>auctoritatem</span> <span class='ocrx_word' id='word_1_374' title='bbox 1522 2613 1566 2640; x_wconf 85' lang='lat' dir='ltr'>se</span> 
     </span>
     <span class='ocr_line' id='line_1_44' title="bbox 79 2648 1564 2709; baseline 0.001 -18"><span class='ocrx_word' id='word_1_375' title='bbox 79 2650 346 2693; x_wconf 86' lang='lat' dir='ltr'>contulerat?</span> <span class='ocrx_word' id='word_1_376' title='bbox 378 2651 524 2698; x_wconf 87' lang='lat' dir='ltr'>Quid?</span> <span class='ocrx_word' id='word_1_377' title='bbox 561 2650 691 2691; x_wconf 87' lang='lat' dir='ltr'>libros</span> <span class='ocrx_word' id='word_1_378' title='bbox 733 2664 888 2700; x_wconf 86' lang='lat' dir='ltr'>sacros,</span> <span class='ocrx_word' id='word_1_379' title='bbox 923 2649 1098 2704; x_wconf 84' lang='lat' dir='ltr'>quinam</span> <span class='ocrx_word' id='word_1_380' title='bbox 1131 2648 1296 2691; x_wconf 85' lang='lat' dir='ltr'>facilius</span> <span class='ocrx_word' id='word_1_381' title='bbox 1329 2653 1564 2709; x_wconf 82' lang='lat' dir='ltr'>intelligere</span> 
     </span>
     <span class='ocr_line' id='line_1_45' title="bbox 79 2706 1563 2763; baseline 0.004 -16"><span class='ocrx_word' id='word_1_382' title='bbox 79 2706 161 2748; x_wconf 84' lang='lat' dir='ltr'>sibi</span> <span class='ocrx_word' id='word_1_383' title='bbox 189 2708 414 2750; x_wconf 87' lang='lat' dir='ltr'>videntur?</span> <span class='ocrx_word' id='word_1_384' title='bbox 444 2707 656 2749; x_wconf 87' lang='lat' dir='ltr'>doctiores</span> <span class='ocrx_word' id='word_1_385' title='bbox 685 2721 739 2746; x_wconf 89' lang='lat' dir='ltr'>an</span> <span class='ocrx_word' id='word_1_386' title='bbox 769 2706 1054 2747; x_wconf 81' lang='lat' dir='ltr'>indoctiores?</span> <span class='ocrx_word' id='word_1_387' title='bbox 1087 2706 1215 2752; x_wconf 85' lang='lat' dir='ltr'>Quod</span> <span class='ocrx_word' id='word_1_388' title='bbox 1247 2721 1350 2763; x_wconf 87' lang='lat' dir='ltr'>ergo</span> <span class='ocrx_word' id='word_1_389' title='bbox 1380 2709 1479 2751; x_wconf 88' lang='lat' dir='ltr'>huic</span> <span class='ocrx_word' id='word_1_390' title='bbox 1503 2713 1563 2753; x_wconf 90' lang='lat' dir='ltr'>rei</span> 
     </span>
     <span class='ocr_line' id='line_1_46' title="bbox 77 2763 1563 2821; baseline 0.003 -16"><span class='ocrx_word' id='word_1_391' title='bbox 77 2764 268 2806; x_wconf 90' lang='lat' dir='ltr'>dicemus</span> <span class='ocrx_word' id='word_1_392' title='bbox 289 2779 379 2806; x_wconf 85' lang='lat' dir='ltr'>esse</span> <span class='ocrx_word' id='word_1_393' title='bbox 398 2765 656 2808; x_wconf 83' lang='lat' dir='ltr'>remedium?</span> <span class='ocrx_word' id='word_1_394' title='bbox 688 2763 827 2804; x_wconf 89' lang='lat' dir='ltr'>Nobis</span> <span class='ocrx_word' id='word_1_395' title='bbox 857 2763 1076 2804; x_wconf 86' lang='lat' dir='ltr'>mallemus</span> <span class='ocrx_word' id='word_1_396' title='bbox 1101 2763 1202 2804; x_wconf 89' lang='lat' dir='ltr'>dici.</span> <span class='ocrx_word' id='word_1_397' title='bbox 1262 2764 1360 2815; x_wconf 85' lang='lat' dir='ltr'>Sed,</span> <span class='ocrx_word' id='word_1_398' title='bbox 1389 2766 1438 2816; x_wconf 90' lang='lat' dir='ltr'>si,</span> <span class='ocrx_word' id='word_1_399' title='bbox 1459 2768 1563 2821; x_wconf 86' lang='lat' dir='ltr'>quid</span> 
     </span>
     <span class='ocr_line' id='line_1_47' title="bbox 75 2820 1561 2878; baseline 0.002 -17"><span class='ocrx_word' id='word_1_400' title='bbox 75 2821 324 2873; x_wconf 80' lang='lat' dir='ltr'>sentiamus,</span> <span class='ocrx_word' id='word_1_401' title='bbox 354 2822 583 2864; x_wconf 90' lang='lat' dir='ltr'>dicendum</span> <span class='ocrx_word' id='word_1_402' title='bbox 612 2822 681 2872; x_wconf 86' lang='lat' dir='ltr'>sit,</span> <span class='ocrx_word' id='word_1_403' title='bbox 709 2829 874 2861; x_wconf 89' lang='lat' dir='ltr'>mature</span> <span class='ocrx_word' id='word_1_404' title='bbox 908 2820 1203 2861; x_wconf 80' lang='lat' dir='ltr'>defaecandum</span> <span class='ocrx_word' id='word_1_405' title='bbox 1235 2831 1298 2861; x_wconf 87' lang='lat' dir='ltr'>est</span> <span class='ocrx_word' id='word_1_406' title='bbox 1327 2822 1561 2878; x_wconf 75' lang='lat' dir='ltr'>ingenium,</span> 
     </span>
     <span class='ocr_line' id='line_1_48' title="bbox 74 2877 1558 2936; baseline 0.002 -17"><span class='ocrx_word' id='word_1_407' title='bbox 74 2886 120 2919; x_wconf 80' lang='lat' dir='ltr'>et</span> <span class='ocrx_word' id='word_1_408' title='bbox 149 2878 374 2923; x_wconf 83' lang='lat' dir='ltr'>dialectica</span> <span class='ocrx_word' id='word_1_409' title='bbox 399 2878 799 2934; x_wconf 87' lang='lat' dir='ltr'>mathematicisque</span> <span class='ocrx_word' id='word_1_410' title='bbox 828 2877 1064 2934; x_wconf 83' lang='lat' dir='ltr'>disciplinis</span> <span class='ocrx_word' id='word_1_411' title='bbox 1096 2877 1156 2918; x_wconf 86' lang='lat' dir='ltr'>ita</span> <span class='ocrx_word' id='word_1_412' title='bbox 1187 2878 1486 2936; x_wconf 77' lang='lat' dir='ltr'>subigendum,</span> <span class='ocrx_word' id='word_1_413' title='bbox 1512 2892 1558 2922; x_wconf 87' lang='lat' dir='ltr'>ut</span> 
     </span>
     <span class='ocr_line' id='line_1_49' title="bbox 782 2940 858 2976; baseline 0.013 -1"><span class='ocrx_word' id='word_1_414' title='bbox 782 2948 808 2975; x_wconf 75' lang='grc' dir='ltr'><em>Β</em></span> <span class='ocrx_word' id='word_1_415' title='bbox 832 2940 858 2976; x_wconf 71' lang='lat'><strong>2</strong></span> 
     </span>
    </p>
   </div>
  </div>
 </body>
</html>
