1804 3178
661 155 809 191 mnu
839 160 1116 192 msrontctls.

188 247 232 284 P.
255 248 426 292 Popillius,
445 247 479 280 C.
502 247 539 280 F.
563 247 608 280 P.
634 247 680 280 N.
712 248 804 280 Verr.
825 250 868 281 iv.

143 295 197 327 50.
225 293 263 326 P.
278 294 404 334 Rupilii
422 291 551 333 collega
565 292 600 322 iu
624 292 822 331 Consulatu,
837 304 869 324 ιι.

138 342 257 370 beni.
272 349 302 368 ι·.
321 336 452 369 1''ell.ii.
467 339 510 370 7³
532 335 667 366 Cluent.
688 339 741 368 35.
771 336 870 367 Doni.

143 384 197 413 ³1.
226 392 246 411 a
268 382 307 412 C.
330 379 480 411 Graccho
503 378 575 418 lege
597 379 666 409 lata
683 380 715 409 in
732 379 871 410 exilium

142 424 306 455 mittitur.
334 424 430 464 Quir.
453 433 485 462 p.
508 422 590 452 ned.
614 426 646 454 3.
677 422 753 453 Seu.
777 433 808 463 p.
832 424 871 454 R.

147 470 196 499 15.
227 467 322 498 Brut.
346 470 399 498 34.
429 466 619 496 restituitur
643 467 813 505 rogatione
829 467 873 498 L.

143 508 265 542 Bestiae
275 509 406 550 trib.p1.
419 509 576 539 Brut.‘25.
599 518 665 540 non
683 510 871 541 indisertus.

142 554 248 587 Hunc
257 558 422 594 putarunt
441 552 514 583 Viri
529 553 610 582 docti
629 554 760 593 quidam
779 555 872 584 iutel-

144 598 204 637 ligi
213 607 275 638 pro
294 596 398 628 Balbo
413 605 440 626 c.
461 599 509 626 11.
538 597 642 636 ibique
660 607 720 636 pro
744 597 781 627 C.
799 597 871 627 La·-

143 648 204 671 nas
225 650 289 671 esse
311 639 481 679 leg-endum
507 639 541 669 P.
565 638 697 676 Laruas,
719 645 755 671 ul
779 641 872 671 habel

142 683 331 721 Manutius,
347 684 496 722 inprimis
517 684 592 712 cum
615 683 654 714 de
682 684 714 713 C.
740 683 873 724 Popillii

143 728 238 760 uilio
252 728 301 757 nil
315 727 390 766 ipsis
405 731 575 757 constaret.
604 727 718 766 IVeque
731 727 872 757 absurda

141 775 196 802 'est
213 771 276 801 ista
296 768 492 811 conjectura.
538 769 631 800 N'om
660 770 694 800 P.
719 775 752 800 et
778 771 815 800 C.
840 772 873 800 in

144 813 306 855 Popilius,
329 818 426 854 alque
451 814 556 844 eodem
580 815 635 843 hoc
656 812 811 852 confundi
833 824 874 844 ea:

141 856 274 889 'auena
293 860 345 889 35.
371 858 580 895 intelllgitur,
594 857 649 886 ubi
671 858 745 887 olim
769 857 806 887 C.
830 858 873 887 le-

141 901 283 942 gebatur
299 910 361 940 pro
377 901 412 931 Ρ.
460 901 575 939 Neque
598 904 706 930 tamen
731 899 767 930 C.
792 898 874 940 reje-

140 946 257 976 cerim.
288 943 400 974 Potest
415 944 501 974 enim
517 944 654 982 intelligi
669 943 708 973 ‹le
722 953 765 980 eo,
782 945 838 983 qui
852 954 874 974 a

150 988 242 1019 Coelio
263 996 429 1027 oppressus
449 991 507 1023 est,
524 991 555 1016 et
569 988 637 1017 sine
652 987 745 1018 dubio
759 989 874 1018 exulu-

144 1033 203 1062 m't.
220 1030 283 1061 vid.
300 1030 338 1060 C.
354 1029 513 1070 Popillius
531 1030 568 1060 C.
587 1029 620 1061 F.

193 1073 238 1105 P.
270 1071 444 1113 Popillius,
470 1072 603 1104 cluent.
635 1074 687 1105 36.
726 1083 800 1104 reus
834 1073 873 1104 de

140 1117 295 1154 'ambitm
311 1116 502 1147 damnatur.

191 1160 324 1197 Porcia,
346 1159 417 1190 Att.
442 1170 494 1190 xv.
523 1162 570 1190 11.
599 1158 648 1192 M.
678 1160 804 1191 Catonis
826 1170 874 1190 so·

144 1214 214 1242 ror,
229 1203 369 1236 Domitii
383 1203 583 1234 Ahenobarbi
595 1213 688 1234 uxor.
711 1203 789 1234 ibid.
803 1205 872 1234 xiii.

146 1250 200 1282 37.
216 1250 270 1278 48.
301 1247 372 1286 ejus
393 1246 552 1277 laudatio.

190 1290 347 1328 Porcina,
372 1289 520 1320 Herenn.
545 1291 587 1320 iv.
615 1291 645 1322 5.
676 1294 799 1321 orator.
830 1294 876 1322 est

151 1333 186 1365 C.
201 1333 367 1366 AEmilius
383 1333 537 1364 Porcina.

189 1377 340 1414 Porcius,
354 1376 448 1407 Font.
468 1380 497 1408 5.
522 1377 561 1408 de
578 1375 714 1408 cohorte
731 1375 779 1407 M.
792 1375 876 1407 Fon-

147 1421 224 1458 teii,
239 1425 299 1451 aut
314 1421 468 1461 portitor.

191 1464 233 1496 L.
250 1463 388 1494 Porcius
412 1463 557 1494 Licinus.
586 1463 683 1495 Brut.
709 1466 758 1495 15.
789 1463 876 1494 Con-

145 1506 199 1538 sul
223 1517 300 1538 cum
324 1507 359 1537 P.
378 1506 531 1545 Claudio,
547 1517 626 1538 ann.
650 1515 765 1537 nexix.
790 1507 878 1538 Lici-

146 1559 210 1582 nus
224 1551 426 1581 scribendum
441 1560 516 1587 esse,
534 1561 595 1581 non
615 1550 778 1584 Licinius,
794 1555 878 1581 recte

145 1598 276 1624 monent
293 1593 366 1624 Viri
380 1594 461 1624 docti
476 1595 520 1624 cul
539 1595 612 1626 Liv.
629 1595 739 1625 xxxix.
756 1596 808 1626 332.

193 1637 235 1668 L.
261 1636 400 1667 Porcius
422 1637 558 1674 Nasica,
579 1638 636 1668 Or.
662 1637 696 1667 ii.
722 1638 775 1668 64.
807 1637 878 1676 ejus

145 1680 296 1711 facetum
313 1690 509 1721 responsum
527 1681 647 1712 Catoni
665 1680 804 1711 Censori
821 1681 879 1711 da-

147 1729 234 1755 tum.

192 1767 353 1806 Porsena,
377 1766 467 1798 Sext.
493 1770 547 1800 ⁶21.
579 1777 658 1799 eum
686 1767 877 1799 interficere

151 1817 294 1842 conatur
308 1811 350 1852 Ω.
367 1811 512 1842 Mucius.

175 1855 375 1892 *Por-eunus,
399 1855 480 1886 Nat.
507 1855 551 1886 D.
576 1855 610 1886 ii.
634 1855 687 1886 26.
725 1854 833 1893 Deus,
857 1864 880 1885 α

143 1903 245 1940 portu
259 1898 375 1929 dictus.

192 1941 326 1973 Posides
351 1941 476 1980 Matre,
493 1941 697 1973 Solentinus.
727 1941 820 1973 Verr.
845 1942 879 1972 ii.

193 2027 396 2065 Posidonius,
414 2028 509 2060 offic.
532 2029 578 2059 iii.
595 2031 627 2059 2.
658 2029 797 2059 Panaetii
815 2028 881 2058 ‹lis-

148 2071 292 2112 eipulus.
322 2072 393 2102 Att.
412 2072 446 2102 ii.
467 2075 495 2103 1.
520 2073 769 2102 commentariis
787 2073 881 2102 Cice-

149 2116 239 2146 ronis
263 2114 386 2146 Graeeis
410 2114 449 2145 de
475 2115 661 2146 Consulatu
679 2125 738 2145 suo
756 2116 880 2146 abster-

148 2163 244 2190 retur
266 2168 286 2188 a
307 2157 482 2189 scribendo
505 2158 547 2190 de
566 2158 696 2189 eodem.
724 2159 825 2189 Tusc.
844 2159 879 2189 ii.

148 2203 203 2234 25.
229 2201 358 2233 dolores
374 2201 508 2233 fortiter
522 2201 599 2232 fert.
630 2201 709 2232 Nat.
729 2202 772 2232 D.
789 2203 810 2232 i.
827 2205 882 2234 44.

147 2244 233 2277 liber
255 2255 284 2276 v.
321 2245 362 2275 de
386 2250 507 2276 natura
531 2245 681 2276 deorum.
711 2245 788 2276 Div.
812 2246 832 2275 i.
850 2249 881 2277 3.

150 2289 297 2328 quinque
328 2288 426 2319 libros
452 2289 492 2320 de
518 2289 731 2320 Divinatione
762 2288 881 2319 edidit.

150 2332 225 2363 ibid.
235 2332 268 2362 ii.
280 2333 332 2363 21.
345 2333 635 2372 prognosticorum
645 2341 759 2362 causas
770 2342 882 2372 perse-

148 2376 275 2415 quitur.
294 2375 369 2406 z'bid.
385 2376 419 2406 ii.
441 2379 490 2407 15.
519 2376 641 2406 statuit
663 2376 815 2406 homines
839 2376 882 2407 ad

149 2418 276 2450 hostias
300 2418 419 2449 deduci
446 2420 477 2449 vi
500 2418 644 2458 quadam
660 2419 829 2449 sentiente
846 2426 882 2450 et

150 2461 263 2494 divina
285 2472 345 2503 per
367 2468 480 2493 totum
507 2462 672 2493 mundum
699 2462 784 2493 fusa.
806 2463 881 2493 ibid.

150 2506 173 2536 i.
192 2508 244 2536 30.
274 2506 307 2536 ii.
329 2508 378 2537 15.
411 2507 591 2536 morientes
608 2505 754 2536 divinare
772 2510 881 2546 putat.

150 2547 232 2580 Nat.
256 2548 298 2580 D.
323 2549 358 2579 ii.
383 2551 436 2580 34.
468 2550 539 2589 ejus
563 2549 704 2590 sphaera.
719 2549 795 2580 ibid.
812 2549 833 2580 i.
850 2553 881 2581 3.

142 2592 302 2623 ‘instituit
325 2592 533 2623 Ciceronem.
564 2593 635 2623 Att.
660 2593 695 2623 ii.
716 2596 743 2623 1.
774 2592 881 2623 Rhodi

150 2635 243 2666 vivit.
269 2634 353 2666 rat.
380 2638 411 2666 3.
452 2637 523 2677 ejus
549 2636 720 2667 sententia
745 2635 786 2667 de
812 2636 882 2667 fato

153 2677 421 2720 reprehenditur.

194 2721 396 2760 Possidorus,
431 2721 526 2755 Verr.
565 2723 612 2754 iii.
650 2725 704 2754 42².
749 2721 882 2762 legatus

142 2762 461 2797 Thermitanorum.

197 2807 380 2846 Postumia,
397 2810 439 2840 ad
461 2809 539 2841 Div.
563 2810 606 2841 iv.
629 2811 661 2842 2.
692 2809 764 2840 Att.
781 2818 812 2839 v.
829 2809 883 2840 521.

152 2849 257 2882 Servii
273 2851 409 2892 Sulpicii
426 2863 520 2884 uxor.

197 2893 397 2932 Postumius,
422 2896 463 2926 ad
484 2897 563 2928 Div.
590 2897 631 2927 vi.
662 2897 711 2927 12.
745 2894 883 2926 Caesaris

154 2936 446 2971 familiarissimus.
472 2939 546 2972 Att.
560 2949 591 2972 v.
608 2941 662 2972 21.
684 2949 735 2971 xv.
753 2941 785 2970 2.
808 2948 884 2980 pro-

1552 153 1626 195 1111

913 256 1047 280 curator
1062 249 1216 282 ludorum
1232 250 1375 290 Octavii,
1391 254 1446 284 ml
1460 256 1499 286 ibi
1515 254 1631 287 Postu-

912 303 986 324 nius
1003 294 1133 323 dicitur.

958 336 1147 367 Postumius
1163 337 1346 373 Cominius,
1364 338 1455 369 Bzilb.
1472 342 1522 371 93.
1546 342 1630 372 son·

911 378 964 410 sul
981 390 1056 409 cuin
1075 381 1130 419 Sp.
1147 379 1258 417 Cassio
1272 391 1303 410 u.
1320 390 1420 411 ccix.

958 422 1001 453 P.
1027 423 1228 459 Poslumius,
1248 423 1314 452 Pin.
1333 424 1365 454 ii.
1381 427 1434 455 2⁴2.
1466 425 1564 456 homo
1580 438 1632 456 vo-

913 465 1195 506 luptuosissimum
1255 466 1409 497 Davisius
1445 472 1558 509 recepit
1595 482 1633 502 ex

913 510 1128 540 emendatione
1142 510 1303 548 ‚bi-atigeri
1317 511 1341 540 C
1346 534 1353 541 .
1370 510 1501 542 llirrius
1520 514 1639 545 Postu·

915 553 1013 584 mins.

957 598 996 628 A.
1024 596 1213 627 Postumius
1236 597 1385 634 Albinus,
1412 598 1504 629 err.
1535 600 1556 630 i.
1582 602 1635 631 41.

916 640 1041 671 Censor
1056 650 1133 670 cum
1145 641 1186 680 Ω.
1205 640 1317 670 Fnlvio
1333 653 1363 671 a.
1381 650 1515 672 numm.

955 684 997 714 A.
1021 684 1219 721 Postumius,
1236 684 1315 714 Nat.
1340 684 1380 714 l).
1406 685 1438 714 ii.
1462 688 1492 716 ¹2.
1525 686 1639 716 Dicto.-

914 731 967 757 tor
983 726 1017 757 in
1034 727 1120 757 bello
1136 737 1211 757 cuin
1235 727 1446 765 Tusculanis,
1463 740 1494 758 a.
1512 737 1636 760 ccum.

920 780 978 810 quo
993 778 1076 800 anno
1087 774 1116 800 el
1130 772 1143 799 l
1152 772 1245 800 'onsul
1259 782 1332 801 cum
1351 771 1389 802 T.
1403 772 1637 811 1·'1·1·giuiosu‹'e.

964 813 994 843 C.
1013 813 1213 850 Postumius,
1231 815 1306 844 Div.
1324 815 1344 844 i.
1361 817 1412 845 33.
1444 815 1618 855 haruspex.

965 858 1021 887 Cn.
1052 857 1249 894 Postumius,
1279 857 1370 888 verr.
1403 859 1423 888 i.
1461 863 1514 894 39.
1552 860 1639 890 Civis

916 900 1012 931 Rom.
1029 901 1084 939 qui
1100 900 1209 930 Verris
1234 902 1389 941 pecunias
1413 902 1639 934 extraordina-

916 945 979 974 rias
997 944 1165 973 traetmit.
1183 945 1247 974 vid.
1269 945 1409 975 Curtius.

964 988 1020 1017 Cn.
1039 987 1243 1024 Postumius,
1262 986 1393 1018 Μαι-οη.
1416 990 1468 1022 27.
1498 989 1642 1020 subscri·

915 1034 992 1070 ptor
1015 1030 1150 1070 Sulpicii
1176 1037 1293 1061 eontra
1311 1032 1500 1071 Murenam,
1516 1039 1640 1074 praetu·

916 1083 986 1104 ram
1006 1075 1092 1113 petit
1108 1073 1267 1104 Cicerone
1285 1074 1439 1105 Consule.

959 1117 1007 1147 M.
1026 1117 1227 1156 Postumius,
1245 1118 1337 1149 verr.
1361 1119 1394 1149 ii.
1418 1121 1466 1150 18.
1496 1125 1642 1159 quaestor

915 1160 1041 1190 verris.

961 1204 1004 1233 P.
1023 1204 1212 1234 Postumius
1233 1203 1414 1243 Tubertus,
1430 1204 1510 1245 Leg.
1533 1207 1568 1237 ii.
1586 1208 1641 1239 23.

917 1257 947 1276 ι’.
966 1247 1139 1277 Tuberlus.

963 1290 1006 1320 P.
1025 1289 1227 1327 Postumius,
1245 1290 1286 1320 ad
1308 1290 1385 1321 Div.
1405 1291 1447 1322 iv.
1468 1294 1515 1323 12.
1544 1291 1642 1324 fami·

918 1333 1007 1363 liaris
1025 1333 1071 1363 M.
1090 1333 1250 1364 Marcelli.

962 1377 1004 1417 Q.
1037 1376 1239 1414 Postumius,
1269 1377 1362 1408 Verr.
1393 1378 1415 1408 i·
1453 1380 1505 1413 39.
1551 1379 1644 1411 Civio

917 1419 1014 1451 Roin.
1031 1421 1086 1459 qui
1103 1420 1213 1450 Verris
1238 1421 1395 1460 pecunias
1418 1422 1645 1453 extraordina-

919 1464 982 1493 rias
996 1464 1174 1494 tractabat.
1190 1473 1220 1494 v.
1240 1464 1387 1495 Curtius.

962 1507 1005 1548 Q.
1023 1507 1226 1542 Postumius,
1243 1508 1343 1537 Dom.
1357 1511 1411 1539 44.
1434 1509 1590 1548 apolius,
1607 1514 1646 1540 ut

919 1554 964 1581 cst
987 1553 1021 1580 in
1038 1552 1153 1590 prima
1175 1550 1378 1582 Manunana
1399 1555 1429 1582 et
1454 1552 1646 1591 Graeviana,

918 1594 960 1634 Q.
977 1594 1069 1624 Seius
1088 1594 1275 1624 Postumus.

964 1636 1020 1676 Sp.
1040 1637 1240 1674 Postumius,
1258 1637 1334 1667 Sen.
1354 1639 1403 1668 12.
1429 1637 1554 1670 Consul
1567 1649 1646 1674 cum

919 1680 958 1711 T.
975 1681 1126 1718 Veturio,
1143 1691 1174 1711 a.
1193 1688 1357 1712 ccccxlx.

966 1724 1004 1754 T.
1029 1723 1230 1760 Postumius,
1248 1722 1343 1754 Brut.
1367 1727 1419 1758 77.
1450 1725 1556 1756 bonus
1572 1736 1645 1756 ora—

919 1774 986 1805 tor,
1017 1767 1159 1798 bellator
1187 1767 1380 1804 acerrimus,
1404 1768 1490 1807 juris
1520 1769 1646 1809 publici

921 1811 1152 1851 peritissimus.
1192 1810 1426 1852 Proelorsuit,
1449 1822 1481 1842 α.
1506 1820 1646 1844 Dcxcw.

920 1864 951 1884 v.
969 1854 1160 1885 Postumus.
1289 1860 1293 1868 “

965 1897 1232 1935 Postumulenus,
1256 1897 1297 1928 ad
1327 1897 1404 1929 Div.
1434 1897 1477 1929 vi.
1504 1901 1555 1930 10.
1591 1908 1647 1930 co*

921 1950 1066 1981 gnomen
1082 1940 1218 1972 familiae
1233 1942 1404 1972 Romanae.

965 1984 1154 2021 Postumus,
1172 1985 1242 2015 Att.
1258 1986 1311 2015 vii.
1334 1987 1381 2015 15.
1412 1985 1442 2014 ei
1465 1984 1577 2015 Sicilia
1592 1985 1649 2015 de·

922 2028 1072 2058 cernitur
1099 2038 1119 2058 a
1147 2030 1274 2058 Senatu
1303 2028 1400 2058 initio
1424 2027 1499 2058 belli
1530 2028 1646 2059 civilis.

927 2071 1090 2102 Corradus
1111 2071 1150 2102 de
1171 2071 1211 2102 T.
1236 2071 1407 2102 Postumio
1425 2072 1594 2110 intelligit,
1609 2072 1649 2102 de

922 2125 982 2154 quo
997 2119 1083 2145 ante.
1114 2114 1260 2154 Pighius
1275 2115 1320 2146 ad
1333 2124 1364 2145 α.
1383 2122 1518 2144 Dcxcw.

967 2158 1158 2194 Postumus,
1202 2167 1373 2197 cognomen
1419 2157 1646 2196 Rabiriorum,

928 2200 1126 2232 Curtiorum.
1142 2200 1197 2242 &a

967 2245 1116 2282 Potamo,
1134 2245 1167 2274 in
1193 2244 1302 2275 Caecil.
1325 2248 1356 2277 9.
1387 2244 1495 2274 scriba
1514 2244 1555 2286 Ω.
1576 2244 1648 2276 (Ζε-

924 2287 991 2319 ciiii
1009 2289 1183 2328 quaestoris
1201 2289 1235 2318 in
1252 2287 1376 2318 Sicilia.

967 2331 1012 2362 P.
1031 2332 1185 2369 Potitius,
1202 2331 1294 2362 Vcrr.
1312 2332 1333 2361 i.
1353 2332 1404 2361 51.
1436 2330 1588 2362 Senator.

967 2375 1154 2413 Putemus,
1171 2374 1212 2404 ad
1238 2375 1312 2405 Div.
1330 2374 1398 2404 xiii.
1419 2376 1468 2405 15.
1500 2379 1596 2414 pater
1611 2378 1647 2405 et

925 2418 1025 2449 filius.

968 2462 1167 2498 Pam—iceles,
1192 2460 1231 2490 de
1259 2460 1336 2491 Div.
1363 2461 1385 2490 i.
1413 2461 1465 2492 36.
1504 2459 1651 2492 eaelator.

923 2506 978 2536 ulei
1001 2510 1111 2535 tamen
1136 2504 1400 2541 lViulwlmonno,
1416 2503 1504 2535 Hist.
1523 2505 1652 2534 artium

917 2559 954 2589 p.
985 2551 1059 2579 343.
1105 2548 1276 2587 legendum
1314 2548 1445 2578 videtur
1481 2547 1651 2578 Pasiteles.

924 2592 1000 2621 ibid.
1017 2593 1050 2621 ii.
1067 2593 1119 2622 24.
1149 2590 1325 2621 Praxitelia
1341 2591 1462 2631 capita.
1489 2591 1652 2621 laudatur

918 2639 1081 2676 praterea
1097 2634 1138 2664 ad
1155 2634 1303 2664 llerenn.
1327 2634 1369 2664 iv.
1386 2634 1416 2664 6.
1449 2633 1543 2665 Verr.
1561 2633 1602 2664 iv.
1618 2635 1650 2665 2.

926 2681 985 2708 (ke.

970 2721 1168 2757 Preciunus,
1199 2719 1240 2750 ad
1270 2720 1347 2751 Div.
1378 2720 1433 2750 vii.
1465 2723 1495 2751 8.
1532 2719 1651 2758 Jctus,

924 2764 1015 2806 apud
1049 2764 1206 2796 Coesurem.
1234 2764 1399 2801 gratiosus
1429 2768 1459 2794 et
1493 2762 1653 2794 Ciceronis

925 2809 1061 2838 amicus.
1107 2808 1236 2838 Numen
1252 2808 1374 2838 indicat
1389 2817 1406 2838 e
1418 2811 1514 2846 genle
1529 2806 1652 2838 Praecia

925 2853 960 2882 in
975 2852 1079 2881 aliam
1095 2852 1248 2882 transisse
1262 2852 1437 2891 adoptione.

971 2893 1013 2925 L.
1032 2894 1180 2931 Procius,
1197 2894 1289 2925 Verr.
1313 2904 1343 2924 v.
1358 2894 1411 2925 62.
1440 2901 1540 2935 eques
1554 2891 1651 2924 Rom.

928 2937 1118 2978 negotiator
1133 2938 1401 2979 Panormitanus.
