1800 3131
163 123 246 161 286

162 219 338 261 public-ein
354 219 488 255 albo,ut
501 222 626 259 praetor
637 218 800 258 edictum,
813 219 895 250 alte-

163 273 239 294 rum
258 264 360 294 domi.
393 260 529 303 Efferri
551 263 750 303 simpliciter
772 263 896 294 dicitur

158 317 219 348 pro
232 305 347 348 efferri
357 307 467 337 domo.
483 315 512 336 v.
521 306 616 337 Viros
625 307 739 338 doctos
749 307 790 337 ad
804 307 895 338 Suet.

161 350 279 381 Claud.
294 354 347 385 49.
364 355 399 381 et
415 360 496 390 quos
512 350 556 380 ibi
568 350 720 381 laudant.
736 351 755 370 ²*
767 351 894 381 afferre.

159 394 280 425 dicere.
303 395 419 425 Oniii.
437 398 486 425 11.
510 403 577 424 non
588 394 697 425 solum
710 394 889 425 videndum

158 444 222 476 est,
241 443 279 469 ut
301 439 401 469 verba
423 435 602 478 efferamus
624 448 675 475 ea,
692 448 766 477 quae
791 447 890 468 nemo

152 482 230 521 jure
247 482 478 523 reprehendat.
495 481 538 512 N.
556 481 598 512 D.
617 482 637 512 i.
655 484 706 513 ⁶25.
731 481 794 511 hoc
818 492 891 521 pcr-

158 536 246 566 saepe
262 526 386 564 facitis,
402 531 453 563 ut,
471 534 547 556 cum
565 525 690 563 ahquid
707 535 773 554 non
797 534 890 555 vero-

155 570 265 600 simile
282 570 413 605 dicatis‚
431 574 466 599 ct
489 569 634 608 effugere
659 568 889 608 reprehensio-

155 623 234 644 nem
251 614 374 652 vclitis,
389 611 537 654 efferatis
553 611 690 650 aliquid,
707 612 794 650 quod
817 621 888 641 om-

155 658 236 688 nino
260 668 301 688 ne
328 658 398 688 fleri
414 656 548 696 quidem
566 656 688 695 possit:
713 655 771 685 ubi
786 656 888 686 Davi-

154 703 223 732 sius
240 702 388 742 reposuit
402 713 408 729 :
435 700 591 729 afferatis.

198 745 405 786 Effieaeitas.
441 743 544 773 Tusc.
574 743 616 772 iv.
653 743 701 773 13.
740 742 886 783 corporis

153 790 259 826 nervi,
283 789 368 818 vires
391 791 426 816 et
448 785 635 827 efficacitas.
661 786 761 817 Petit.
786 787 885 817 Com.

151 836 183 864 3.
222 835 355 863 tantum
386 830 488 860 habet
515 831 549 860 in
576 827 713 860 libidine
740 832 820 861 artis
850 836 886 860 et

152 876 366 917 efficacitatis,
385 880 423 904 ut
445 884 546 914 prope
563 875 598 904 in
614 879 792 914 parentum
811 885 885 914 gre-

153 921 227 950 miis
244 923 460 959 praetextatos
478 919 595 948 liberos
613 919 851 958 constuprarit.

198 963 348 1004 szffi'eax,
380 963 477 993 rebus
516 961 668 1000 gerendis
700 966 810 1002 aptus.
843 961 884 992 ad

150 1008 227 1038 Div.
244 1007 311 1037 viii.
333 1010 379 1037 10.
397 1006 486 1036 nosti
502 1005 715 1043 Marcellum,
733 1011 767 1036 et
783 1015 881 1045 qnam

149 1061 268 1092 parum
286 1050 405 1091 rgffi'eaz·
420 1050 458 1080 sii
469 1072 476 1080 .

194 1094 351 1136 Efficere,
375 1094 415 1124 de
441 1094 527 1133 agris
551 1092 724 1133 eleganter
747 1092 883 1131 dicitur,

147 1142 188 1169 ut
201 1139 328 1169 efferre.
354 1138 447 1168 Verr.
462 1138 510 1168 iii.
523 1138 576 1168 63.
602 1138 671 1177 agri
683 1145 759 1167 vero
774 1136 882 1167 Leon-

148 1183 212 1213 tini
230 1183 286 1223 qui
301 1182 487 1223 plurimum
502 1181 610 1221 efficit.
629 1180 707 1211 ibid.
725 1181 777 1212 86.
802 1181 883 1220 quid

148 1227 254 1257 aratio
269 1225 447 1263 sustinere,
465 1223 550 1265 quid’
560 1225 643 1265 pati,
661 1223 740 1264 quid
758 1223 883 1265 effi'cere

148 1271 265 1311 possit.
293 1270 371 1300 ibid.
394 1272 448 1304 47.
476 1278 555 1308 ager
580 1268 679 1310 efficit
707 1269 766 1310 (sc.
794 1268 883 1307 quod

146 1311 284 1353 seritur)
314 1324 391 1344 cum
418 1317 548 1343 octavo.
575 1313 634 1343 sed
659 1313 704 1342 ibi
733 1311 882 1342 Graevius

147 1358 307 1395 malebat,
331 1367 408 1388 cum
432 1357 601 1394 Manutio,
624 1357 760 1395 reficit3
787 1357 883 1394 cujus

147 1402 393 1433 emendationis
410 1401 589 1431 necessitas
606 1400 700 1430 nulla
714 1406 776 1430 est.
802 1400 880 1431 ibid.

145 1447 197 1478 56.
221 1450 356 1477 tantum
370 1445 595 1475 decumanum
608 1443 793 1484 professum
811 1454 881 1474 esse

147 1500 187 1520 ex
211 1490 321 1520 edicto
342 1489 403 1519 sibi
429 1488 553 1526 deberi,
571 1493 736 1526 quantum
753 1488 808 1518 ille
825 1488 882 1518 bo-

146 1535 197 1564 nis
229 1535 298 1564 suis
325 1532 481 1563 omnibus
507 1531 634 1573 efficere
659 1541 726 1561 non
754 1537 877 1571 posset.

145 1578 276 1608 Similia
291 1578 355 1614 his,
372 1585 575 1616 quamquam
593 1576 628 1605 in
643 1575 709 1605 alia
725 1585 772 1613 rc,
786 1576 876 1606 haec:

145 1622 239 1652 Verr.
255 1622 302 1651 iii.
320 1624 372 1652 33.
397 1620 498 1651 Liciti
522 1623 601 1649 sunt
624 1628 729 1658 usque
746 1629 798 1656 eo,
817 1620 876 1658 (sc.

144 1666 179 1696 in
195 1666 413 1696 decumarum
431 1663 599 1701 auctione)
621 1663 729 1702 quoad
751 1673 785 1693 se
809 1663 878 1703 effi-

141 1719 214 1740 cere
236 1719 331 1750 posse
355 1708 623 1738 arbitrabantur:
649 1716 685 1736 so
709 1706 808 1746 lange
831 1708 878 1736 sie

144 1754 201 1783 das
216 1753 379 1793 gebotcne
396 1751 518 1781 wieder
534 1750 653 1780 heraus
671 1760 714 1780 zu
734 1751 876 1790 bringen

141 1797 340 1836 gedachten.
352 1796 448 1825 *Am
463 1795 504 1824 vi.
523 1797 551 1824 1.
569 1804 609 1824 ea
622 1795 752 1824 tributa
763 1795 828 1831 vix,
843 1794 878 1824 in

143 1841 250 1871 soenus
267 1840 416 1879 Pompeii
434 1838 522 1878 quod
542 1838 621 1868 satis
644 1838 700 1875 sit,
718 1838 875 1879 efficiunt.

142 1885 220 1915 ibid.
249 1894 311 1914 nec
341 1884 375 1914 id
403 1883 482 1913 satis
508 1881 651 1923 efficitur
676 1882 710 1911 in
739 1892 875 1912 usuram

142 1936 363 1959 menstruam.
374 1927 434 1957 *de
445 1926 705 1966 disputantibus.
716 1925 818 1956 Tusc.
829 1926 875 1956 iii.

140 1976 193 2008 ⁶29.
214 1973 274 2002 hoc
287 1972 426 2002 student
440 1969 575 2010 efficere.
601 1969 717 1999 Parad.
732 1969 873 2000 Prooem.

144 2020 157 2047 l
167 2042 172 2047 .
183 2017 266 2047 Cato
277 2015 417 2046 minutis
427 2013 773 2053 interrogatiunculis,
782 2015 876 2053 quasi

140 2061 288 2100 punctis„
301 2058 389 2098 quod
399 2058 586 2099 proposuit,
598 2056 706 2098 efficit.
723 2057 741 2076 *Ψ
751 2057 872 2088 facere.

139 2105 224 2135 Phil.
249 2105 313 2134 xiv.
337 2106 368 2134 3.
393 2112 468 2142 quae
491 2100 530 2132 L.
555 2101 720 2147 antonius
744 2102 779 2131 in
796 2101 873 2131 Par-

138 2149 306 2179 mensium
333 2146 490 2177 uxoribus
513 2143 666 2185 eff'eeerit.
696 2144 792 2175 Brut.
818 2148 872 2180 78.

138 2194 251 2232 itaque
274 2196 388 2221 tantos
410 2199 584 2230 processus
605 2188 773 2230 efficiebat.
791 2199 869 2222 cum

137 2248 158 2267 a
183 2246 244 2277 pro
269 2236 462 2275 impetrare.
494 2233 564 2263 Att.
591 2243 622 2264 x.
654 2235 704 2263 10.
737 2233 826 2272 quod
852 2243 871 2263 a

141 2281 286 2312 Curione
302 2276 487 2319 effeceram.

181 2323 366 2365 Effingere.
392 2323 482 2352 Sext.
509 2323 562 2351 35.
592 2319 707 2361 ffugi
732 2320 868 2359 sangui-

137 2378 215 2400 nem
240 2367 387 2407 spongiis
411 2376 428 2396 e
452 2364 535 2394 foro.
553 2363 619 2394 alia
634 2362 788 2403 exempla
803 2363 868 2394 vid.

136 2423 190 2453 ap.
219 2411 333 2449 cujac.
357 2410 435 2440 Obs.
463 2408 531 2438 xiii.
563 2411 611 2439 13.
641 2407 800 2438 Ceterum
828 2408 868 2437 de

135 2457 198 2487 hoc
214 2455 312 2485 verbo
327 2453 392 2484 vid.
410 2452 528 2483 Heins.
544 2452 586 2482 ad
609 2451 705 2482 Ovid.
730 2449 867 2481 Hei-oid.

137 2503 189 2532 90.
208 2502 278 2530 135.

179 2541 354 2583 Effligere,
370 2540 519 2582 perdere.
544 2538 613 2569 Att.
626 2538 669 2569 ix.
685 2541 735 2573 19.
757 2538 866 2568 filium

133 2588 225 2619 misit
247 2586 288 2616 ad
308 2584 520 2624 effligendam
536 2582 597 2613 Cn.
615 2582 824 2622 Pompeium.
838 2592 868 2612 v.

134 2630 241 2662 Graev.
258 2629 301 2659 ad
317 2629 348 2659 h.
366 2629 387 2659 l.
417 2629 491 2659 Hoc
507 2627 645 2657 verbum
663 2635 729 2656 non
746 2630 798 2656 est
814 2635 865 2666 ap.

133 2674 318 2707 Nizolium.

112 2727 114 2729 ’
174 2717 340 2758 Effluere,
355 2715 445 2745 exire
467 2715 502 2745 in
530 2714 661 2754 vulgus.
686 2713 786 2744 Dom.
811 2713 865 2744 46.

134 2762 245 2795 multa
269 2771 310 2791 cx
334 2762 443 2789 vestra
465 2758 642 2799 disciplina
662 2756 815 2798 effluunt,
831 2762 867 2787 et

134 2807 176 2838 ad
193 2815 288 2837 aures
305 2808 434 2833 nostras
450 2807 663 2842 permanant.
679 2800 866 2832 *defluere

130 2852 207 2883 Div.
235 2850 256 2880 i.
283 2851 335 2878 43.
369 2845 536 2885 quondam
563 2846 660 2876 lactis
687 2845 794 2875 imber
818 2843 865 2884 ef-

119 2894 214 2937 fluie.
239 2891 394 2924 Davisius
418 2889 501 2929 legit
524 2889 676 2927 defluxit,
701 2889 789 2929 quod
813 2893 864 2918 est

130 2937 297 2969 usitatius.
329 2944 436 2973 neque
464 2938 580 2964 tamen
607 2932 753 2963 alterum
780 2933 863 2973 reje-

685 130 831 160 INDEX
863 128 1160 159 LATINITATIS.

939 220 1053 250 cerim.
1088 219 1176 250 Nam
1201 223 1236 249 et
1258 215 1383 250 effundi
1407 217 1513 252 imber
1535 221 1673 254 dieitur.

939 263 1006 303 legi
1022 264 1124 294 etiam
1142 262 1276 303 effluere
1291 263 1330 293 de
1350 270 1454 301 veste,
1471 267 1582 295 nescio
1599 266 1668 297 ubi.

940 307 1019 337 ibid.
1051 310 1103 342 ⁶29.
1137 307 1285 337 abundat
1314 311 1414 346 atque
1444 307 1561 348 effluit,
1592 309 1667 339 edd.

939 356 1023 381 vett.
1039 361 1166 381 omnes.
1189 350 1397 381 *abundare
1421 352 1478 382 Or.
1501 355 1548 382 13.
1571 351 1668 392 ffl‘·

933 404 988 424 em
1003 395 1135 424 dicendi
1159 405 1274 434 genus.
1321 394 1473 426 Nizolius
1494 405 1532 425 ex
1550 395 1625 427 Div.
1643 397 1666 426 i.

935 439 988 472 29.
1026 437 1141 469 laudat
1161 451 1166 468 :
1203 438 1350 468 abundat
1381 443 1415 469 et
1444 437 1552 479 effluit
1568 451 1578 468 .-
1607 439 1666 469 sed

932 481 1177 512 emendatiores
1189 482 1263 512 edd.
1277 482 1400 512 habent
1410 483 1527 513 affluit.
1539 482 1559 501 ¹*
1569 481 1665 513 Brut.

933 525 985 555 61.
1012 534 1107 555 mens
1135 524 1261 565 ffum-
1287 526 1319 556 h.
1346 536 1374 555 e.
1403 526 1565 556 memoria
1585 536 1665 556 eum

932 567 1106 598 destituit:
1132 569 1186 598 cui
1210 569 1317 599 simile
1341 575 1392 600 est
1416 570 1499 600 illud
1522 570 1561 600 ad
1585 570 1663 600 Div.

930 612 973 642 vi.
996 615 1044 645 19.
1069 617 1165 642 tanta
1181 619 1231 642 est
1250 614 1445 644 intimorum
1465 613 1663 651 multitudo,

928 660 970 685 ut
992 665 1032 685 ex
1054 655 1105 685 his
1129 655 1247 694 aliquis
1272 657 1382 697 potius
1404 656 1534 698 affluat,
1559 664 1660 697 quam

931 709 1017 729 novo
1034 699 1078 729 sit
1094 699 1217 729 aditus.

971 742 1195 783 Effloreseere.
1231 742 1324 773 Orat.
1349 743 1383 773 ii.
1406 747 1458 778 78.
1488 744 1662 775 exordium

928 786 1026 817 debet
1049 786 1242 827 efflorescere
1264 796 1304 816 ex
1327 797 1447 817 causa:
1473 787 1494 818 i.
1517 797 1547 818 e.
1572 788 1663 826 duci,

931 838 1032 860 nasci.

970 871 1146 914 Effisgere.
1164 875 1245 913 Leg.
1257 874 1289 904 ii.
1303 877 1333 904 3.
1350 873 1524 913 eleganter
1537 874 1662 905 dicitur

928 917 1071 955 debitor,
1089 929 1108 948 a
1131 929 1195 957 quo
1219 928 1279 958 per
1294 917 1494 948 oblivionem
1511 927 1578 948 non
1592 919 1663 948 exi-

927 961 1020 1000 gitur
1035 962 1190 1001 pecunia,
1203 962 1326 1001 quique
1342 962 1389 991 ita
1405 971 1479 991 eam
1495 961 1658 993 lucratur.

970 1003 1166 1045 Efficgz'um.
1192 1005 1269 1035 Nat.
1294 1006 1337 1035 D.
1362 1006 1394 1035 ii.
1419 1008 1472 1039 47.
1498 1005 1579 1036 alias
1601 1006 1660 1037 ha-

928 1049 1004 1079 bere
1020 1047 1148 1088 effugia
1164 1059 1363 1089 pennarum.

969 1090 1168 1132 Effumkre,
1186 1093 1226 1123 de
1239 1099 1329 1122 terra
1344 1098 1377 1122 et
1394 1093 1494 1132 agris,
1509 1098 1549 1123 ut
1564 1094 1659 1124 effer-

925 1146 972 1167 re.
1005 1137 1062 1167 Or.
1083 1140 1131 1167 15.
1167 1140 1295 1175 segetes
1310 1136 1473 1166 foecundae
1489 1142 1524 1167 et
1538 1138 1657 1168 uberes

925 1190 991 1210 non
1009 1180 1117 1211 solum
1141 1180 1267 1219 fruges,
1283 1190 1397 1210 verum
1414 1179 1531 1210 herbas
1554 1182 1657 1212 etiam

923 1222 1112 1264 effundunt.
1137 1225 1233 1255 Brut.
1257 1228 1288 1258 9.
1318 1221 1460 1263 effrmdit
1482 1224 1553 1255 haec
1576 1230 1658 1256 aetas

924 1268 1010 1298 hanc
1036 1269 1165 1308 copiam
1193 1272 1375 1297 oratorum.
1402 1267 1473 1298 *de
1499 1269 1656 1309 prodigis.

922 1313 1038 1351 Agrar.
1064 1312 1085 1342 i.
1111 1315 1139 1343 5.
1164 1309 1373 1351 effundamus
1388 1313 1554 1343 aerarium.
1577 1313 1658 1343 *di-

925 1357 1071 1386 mittere.
1095 1356 1136 1386 ad
1152 1356 1227 1386 Div.
1244 1356 1266 1386 i.
1283 1359 1314 1390 9.
1338 1352 1507 1395 effamrlere
1527 1356 1655 1387 odium.

921 1399 1101 1440 *perdere
1118 1400 1159 1429 ad
1176 1399 1252 1430 Div.
1269 1399 1302 1429 ii.
1322 1400 1371 1429 16.
1395 1397 1564 1439 effimdere
1582 1410 1658 1440 gra-

920 1444 1004 1474 tiam
1020 1444 1208 1474 collectam.
1226 1446 1246 1465 *
1259 1443 1299 1473 de
1316 1443 1504 1474 dicentibus
1516 1454 1567 1481 ea,
1581 1454 1656 1483 quae

921 1492 999 1518 ante
1015 1488 1233 1524 reticuerant,
1249 1494 1307 1516 aut
1323 1487 1462 1517 reticere
1479 1487 1655 1519 debebant.

920 1531 992 1561 Att.
1017 1533 1080 1561 xvi.
1106 1535 1136 1565 7.
1161 1530 1286 1560 Brutus
1310 1528 1428 1570 efficdit
1452 1530 1509 1561 illa
1527 1533 1655 1569 omnia,

921 1585 995 1614 quae
1025 1579 1189 1605 tacuerat.
1213 1575 1271 1605 Or.
1302 1575 1323 1604 i.
1353 1576 1405 1605 34.
1435 1572 1539 1614 effcm'l
1561 1576 1654 1606 vobis

921 1620 1047 1656 omnia,
1065 1629 1138 1659 quae
1155 1619 1328 1648 habebam.
1352 1618 1460 1649 Flaoc.
1478 1622 1527 1652 17.
1555 1620 1652 1650 testis

919 1660 1051 1702 eff'udie,
1081 1672 1154 1702 quae
1181 1662 1300 1699 voluit,
1327 1663 1450 1692 onmia.
1474 1662 1650 1693 *nimium

920 1716 990 1737 esse
1003 1707 1038 1737 in
1056 1717 1090 1736 rc
1103 1706 1224 1745 aliqua.
1240 1705 1356 1735 Parad.
1375 1708 1404 1736 3.
1419 1709 1447 1736 1.
1463 1716 1506 1736 an
1522 1711 1653 1747 tempe-

921 1754 1050 1780 rantem
1068 1760 1145 1780 eum
1163 1750 1263 1787 dices,
1277 1749 1331 1788 qui
1350 1759 1384 1779 se
1400 1750 1434 1779 in
1452 1749 1564 1789 aliqua
1578 1750 1654 1781 libi-

920 1794 998 1824 dine
1028 1794 1247 1830 continuerit‚
1278 1794 1313 1823 in
1345 1793 1457 1832 aliqua
1485 1791 1652 1834 eff'uderit.

918 1838 1022 1868 *Ate
1043 1838 1085 1868 iv.
1108 1842 1139 1870 9.
1165 1837 1342 1877 Pompeius
1366 1838 1401 1867 in
1425 1847 1484 1868 nos
1504 1844 1555 1868 est
1573 1847 1649 1869 sua·

919 1882 1052 1912 vissime
1068 1879 1200 1921 efficsus.
1219 1891 1246 1911 ν.
1264 1881 1391 1911 effusio.

963 1924 1109 1966 Effiesio,
1133 1925 1282 1955 studium
1309 1925 1440 1964 insigne
1468 1924 1650 1956 liberaliter

917 1970 1127 2008 officioseque
1143 1969 1290 2007 aliquem
1304 1968 1484 1999 tractandi.
1503 1969 1575 2000 Att.
1591 1970 1648 2001 vii.

917 2017 947 2044 3.
979 2023 1191 2053 nequaquam
1221 2013 1302 2042 satis
1325 2022 1386 2052 pro
1411 2014 1494 2042 meis
1520 2014 1650 2052 officiis,

915 2067 976 2097 pro
992 2058 1095 2097 ipsius
1112 2058 1146 2087 in
1164 2056 1243 2086 alios
1260 2053 1413 2096 effusione
1428 2055 1523 2086 illum
1541 2057 1576 2087 in
1593 2067 1647 2088 me

916 2101 1088 2131 liberalem
1104 2101 1217 2130 fuisse.
1240 2100 1259 2119 ²*
1270 2100 1311 2130 de
1323 2100 1496 2130 affectibus
1514 2099 1648 2131 laetiori-

916 2146 987 2175 bus.
1010 2145 1111 2176 Tusc.
1126 2145 1169 2174 iv.
1187 2147 1239 2175 31.
1264 2144 1381 2174 eodem
1397 2144 1478 2174 vitio
1494 2150 1545 2174 est
1560 2142 1647 2184 effu-

912 2190 958 2219 ,ςέο
974 2189 1077 2219 animi
1094 2189 1129 2219 in
1146 2188 1278 2225 laetitia,
1294 2198 1359 2227 quo
1381 2189 1416 2218 in
1439 2186 1551 2218 dolore
1568 2198 1648 2219 con-

911 2234 1046 2265 tractio.

957 2274 1111 2316 Effntc're
1133 2276 1205 2306 sine
1227 2275 1331 2305 subst.
1354 2285 1415 2315 pro
1431 2275 1569 2314 garrire,
1584 2285 1647 2307 nu-

914 2321 997 2360 gari.
1021 2320 1102 2351 Nat.
1119 2321 1163 2351 D.
1180 2320 1214 2350 ii.
1232 2322 1284 2353 37.

956 2362 1096 2406 Ejeecz'o,
1113 2363 1153 2394 dc
1169 2362 1279 2393 exilio.
1296 2362 1337 2393 ad
1352 2362 1425 2393 Att.
1441 2363 1476 2393 ii.
1491 2365 1540 2394 18.
1556 2373 1647 2394 mor-

912 2411 982 2438 tem
998 2414 1034 2438 et
1048 2405 1233 2448 ejectionem
1248 2408 1421 2437 timemus.

955 2450 1103 2492 Εἰπέ-ιω,
1128 2451 1230 2481 homo
1257 2451 1408 2491 privatus
1436 2450 1533 2480 rebus
1562 2451 1643 2490 suis,

911 2494 1014 2526 ducta
1031 2495 1228 2534 metaphora
1244 2505 1264 2524 a
1279 2494 1462 2533 naufragis,
1478 2494 1533 2533 qui
1551 2492 1644 2534 ejecti

911 2539 1080 2570 dicuntur.
1110 2540 1207 2570 Rosc.
1232 2538 1308 2568 Am.
1336 2548 1364 2568 c.
1391 2538 1443 2569 26.
1471 2538 1513 2568 ef.
1539 2538 1644 2570 Gron.

909 2583 951 2614 ad
967 2583 1038 2614 Liv.
1056 2583 1132 2614 xliv.
1158 2586 1205 2617 19.
1228 2582 1346 2621 Quint.
1371 2584 1418 2615 19.
1442 2578 1563 2622 ejectus
1584 2582 1644 2613 ho-

910 2637 976 2657 mo.
1009 2627 1196 2666 *rejectus
1229 2625 1300 2656 Fin.
1325 2635 1356 2654 v.
1383 2627 1413 2656 8.
1437 2622 1545 2667 ejecta?
1567 2636 1642 2656 sen-

907 2671 1038 2701 tentiae.
1053 2681 1084 2701 v.
1101 2671 1233 2710 ejicere.
1255 2669 1275 2687 *
1286 2673 1446 2699 exsertus.
1470 2669 1528 2699 Or.
1540 2669 1575 2700 ii.
1588 2670 1642 2701 66.

905 2711 1009 2754 ejecta
1022 2715 1150 2754 lingua.
1173 2713 1268 2743 *Pis
1285 2717 1316 2748 9.
1341 2712 1482 2743 cadaver
1490 2710 1640 2754 ejectum,

909 2758 998 2797 quod
1013 2758 1219 2798 insepultum
1234 2757 1403 2795 abjectum
1418 2760 1479 2786 est.

951 2800 1097 2844 Ejz'cere,
1117 2801 1264 2840 rejicere.
1286 2800 1351 2830 Off.
1374 2801 1396 2830 i.
1419 2804 1473 2831 41.
1500 2799 1642 2840 Cynico-

908 2853 982 2876 rum
999 2846 1086 2876 ratio
1100 2849 1152 2875 est
1166 2843 1332 2886 ejicienda.
1349 2844 1390 2874 cf.
1415 2845 1474 2874 Or.
1489 2844 1511 2874 i.
1530 2846 1581 2875 39.
1599 2844 1641 2874 ad

907 2889 979 2919 Att.
993 2890 1028 2919 ii.
1046 2891 1097 2919 ²24.
1123 2898 1226 2928 eoque
1249 2888 1354 2926 magis
1375 2887 1408 2917 id
1424 2886 1560 2930 ejectam
1578 2893 1640 2918 est.

905 2932 925 2952 *Ρ
937 2932 1001 2965 Sed
1016 2933 1169 2974 inprimis
1190 2932 1314 2963 dicitur
1329 2931 1369 2962 de
1384 2932 1438 2970 iis,
1453 2931 1511 2971 qui
1525 2931 1640 2972 explo-
