1804 3178
637 95 782 125 mnnx
814 95 913 124 LAT!
920 96 946 124 N
954 97 1106 126 rmus.

132 180 288 213 utitutam
305 184 397 226 cupit
409 182 494 215 Plin.
507 182 570 223 Ep.
585 182 630 213 iii.
643 186 672 214 5.
685 183 742 213 ubi
757 182 855 221 vulgo

130 228 204 255 est:
243 230 315 256 erat
342 227 451 258 somni
482 226 678 266 parcissimi.
725 235 857 266 recepe-

131 275 277 308 runtque
287 269 419 301 Cortius
432 274 466 299 et
481 269 645 298 Gesnerus
660 281 667 299 t
685 269 784 306 male,
803 280 855 300 me

125 310 252 350 judice.
263 313 407 344 rationes
423 311 487 342 vid.
503 312 537 341 in
551 311 612 352 Ep.
624 311 761 343 Gesneri
778 313 855 342 sub-

126 353 222 393 jecta
236 355 344 386 Plinio
368 355 494 396 ipsius;
523 355 557 384 in
574 364 639 394 qua
654 356 716 385 etsi
743 355 856 386 defen-

130 396 181 427 dit
196 407 271 429 eam
284 398 553 429 emendationem
569 404 687 429 contra
705 400 851 429 rationes

129 449 234 478 meas,
256 446 371 472 tamen
388 439 469 471 mihi
487 441 634 470 nondum
664 443 851 482 persuadet.

130 488 169 513 ut
185 493 295 514 veram
310 489 439 525 putem.
462 483 481 501 ⁶
497 494 572 514 cuin
590 486 694 523 gennit.
719 486 800 524 ng.
818 487 850 515 ii.

128 526 182 557 26.
217 527 296 558 civis
333 526 468 557 tuendae
502 528 646 558 civitatis
675 530 849 569 paratissi-

128 578 212 600 mus.

172 611 383 651 Parentalia,
397 613 535 650 inferlm,
551 617 583 644 et
597 614 730 653 quidem
743 615 851 655 publi-

127 664 195 686 σεε
219 655 252 686 h.
264 665 293 686 e.
309 656 441 697 publica
460 660 669 694 auctoritate,
692 664 725 688 et
742 658 850 697 publi-

125 707 165 728 ce
191 698 406 731 celebrandae.
429 701 512 730 Phil.
530 702 550 730 i.
574 703 604 731 6.
621 701 686 731 vid.
710 702 851 731 Guthcr.

123 740 199 772 Jur.
211 742 302 773 Man.
319 743 352 773 ii.
371 745 419 774 12.
436 744 477 774 cf.
489 749 677 784 parentare.
691 744 755 774 Sed
771 749 849 774 sunt

124 785 228 815 etiam
245 789 435 826 parentalia
451 789 592 828 privata,
611 797 684 826 quae
709 797 728 817 a
744 788 850 827 priva-

124 828 169 858 tis
184 830 371 869 agebantur
388 831 424 861 in
451 836 667 871 cognatorum
695 832 849 861 memori-

124 881 191 903 am.

169 914 370 954 Par-entare,
385 921 436 947 est
453 917 586 947 inferias
606 916 712 946 facere
729 917 763 946 in
778 927 847 947 me-

124 959 279 998 moriam,
307 960 466 990 honorem
493 962 627 990 mortui.
662 960 746 990 Phil.
773 961 793 990 i.
819 962 849 992 6.

124 1002 221 1041 cujus
245 1003 434 1043 sepulcrum
463 1013 626 1043 nusquam
654 1009 758 1040 extet,
789 1004 844 1034 nbi

119 1049 324 1087 parentetur.
347 1046 427 1086 Leg.
445 1047 479 1077 ii.
501 1049 553 1077 ⁶21.
578 1046 684 1076 hostia
700 1048 845 1076 maxima

117 1093 308 1129 parentare.
345 1093 364 1111 ⁸*
380 1090 495 1120 ulcisci
523 1097 664 1120 mortem
693 1089 844 1130 alicujus.

123 1131 231 1162 Flacc.
247 1135 301 1164 38.
318 1140 532 1173 parentemus
549 1133 708 1171 Cethego.

167 1173 308 1207 Parens.
331 1177 395 1208 Off.
414 1178 434 1207 i.
461 1179 512 1208 2‘2.
532 1178 732 1216 parentiores
754 1186 846 1206 exer-

123 1219 222 1250 citus.

167 1262 340 1293 Parentes.
364 1261 435 1294 Inv.
462 1263 483 1293 i.
508 1266 559 1294 54.
593 1267 702 1302 patres
729 1272 766 1293 ac
783 1271 847 1302 pa-

121 1311 250 1336 rentes.-
273 1309 353 1336 sunt
367 1303 436 1343 avij
449 1310 548 1346 atque
575 1306 629 1336 alii
656 1306 726 1345 ejus
745 1315 845 1345 gene-

121 1349 167 1380 ris
182 1349 330 1388 cognati,
346 1359 426 1388 quos
453 1350 498 1379 sic
526 1360 545 1380 a
566 1350 714 1390 patribus
741 1350 844 1380 etiam

120 1393 199 1423 Jcti
216 1392 440 1432 distinguunt.

165 1435 306 1467 Parere.
329 1436 409 1475 Leg.
439 1436 460 1465 i.
486 1437 538 1466 ⁶21.
561 1436 682 1474 requiri
713 1435 843 1476 placere

121 1479 296 1516 terminos,
313 1489 394 1518 quos
411 1480 562 1509 Socrates
582 1479 724 1518 pergerit,
741 1479 845 1517 iisque

114 1532 246 1564 parere.
280 1523 300 1541 ³*
313 1532 373 1563 pro
401 1532 573 1562 apparere,
611 1522 843 1559 demonstrari,

119 1566 257 1596 verbum
273 1565 402 1596 forense
426 1566 614 1604 antiquum.
636 1565 732 1596 Rosc.
749 1565 843 1595 Com.

119 1612 152 1640 4.
169 1605 196 1640 si
206 1614 314 1648 paret.
841 1634 846 1637 .

166 1652 308 1690 Parere,
325 1652 488 1688 invenire,
503 1652 700 1690 excogitare.
712 1651 783 1681 Fin.
797 1651 843 1681 iii.

125 1698 153 1726 1.
175 1697 275 1726 verba
282 1695 457 1736 parienda.
481 1695 538 1725 Or.
554 1695 587 1724 ii.
605 1696 657 1728 ⁶27.
681 1703 754 1733 quae
769 1699 844 1724 tota

121 1739 162 1769 ab
185 1744 315 1770 oratore
337 1740 539 1778 pariuntur,
562 1737 841 1776 excogitationem

122 1792 189 1812 non
204 1782 329 1813 hahent
342 1781 523 1813 difficilem.
548 1781 589 1810 ad
616 1781 691 1810 Div.
720 1781 760 1810 iv.
792 1783 841 1811 13.

120 1835 195 1865 quae
218 1825 669 1866 ipse—ingenio—peperisti.
686 1823 727 1854 cf.
743 1823 844 1864 Wop-

122 1869 201 1900 ken.
224 1869 318 1900 Lect.
332 1868 421 1898 Tull.
437 1869 459 1898 i.
480 1870 528 1899 16.
558 1868 576 1885 ⁴⁶
590 1866 703 1897 Paullo
729 1867 843 1897 durius

120 1912 254 1942 videtur
278 1911 374 1948 illud,
396 1912 461 1941 Off.
489 1912 521 1941 ii.
549 1915 579 1944 9.
614 1910 697 1946 haec,
724 1910 843 1949 quibus

120 1956 217 1986 rebus
229 1957 414 1995 pariuntur
429 1964 449 1984 a
470 1953 623 1993 singulis,
639 1952 762 1983 eisdem
775 1953 843 1984 sere

120 2009 141 2028 a
152 1998 370 2029 multitudine
383 2013 389 2030 z
414 1997 447 2027 h.
462 2008 491 2027 e.
507 2007 566 2037 per
581 2006 654 2036 qua!
671 1998 843 2036 consequi-

122 2051 211 2079 mur,
236 2047 275 2072 ut
299 2040 420 2080 singuli
446 2050 484 2070 ca
501 2040 593 2069 nobis
618 2040 768 2070 tribuant
783 2041 843 2070 &c-

120 2085 177 2116 ubi
199 2095 230 2115 v.
257 2084 292 2115 F.
319 2084 508 2114 Fabricius:
533 2084 628 2118 cuius
645 2088 759 2113 tamen
785 2093 842 2113 ex-

119 2128 233 2169 empla
260 2137 326 2158 non
354 2132 434 2157 sunt
463 2127 595 2156 similia.
626 2126 699 2156 *de
725 2127 844 2157 causis.

118 2172 220 2203 Tusc.
237 2182 268 2202 v.
285 2173 316 2203 2.
338 2176 377 2201 tu
392 2171 489 2201 urbes
501 2170 663 2209 piper-Isti.

165 2215 347 2252 Pam-hm,
363 2214 419 2253 qui
434 2214 576 2244 redemit
593 2213 777 2243 necessaria
794 2211 843 2243 le·

121 2259 221 2299 gatis,
238 2258 432 2299 peregrinis,
444 2263 478 2287 et
491 2256 675 2296 hospitibus
692 2256 750 2286 διο.
761 2265 844 2296 prae-

119 2301 238 2332 benda.
267 2302 337 2332 Att.
355 2301 424 2331 xiii.
440 2302 471 2332 2.
503 2300 628 2331 Sestius
644 2304 768 2336 noster,
779 2309 842 2339 pa-

119 2347 235 2377 rochus
249 2344 413 2386 publicus.
428 2355 458 2374 v.
476 2343 556 2373 lntt.
574 2342 614 2372 ad
631 2342 747 2373 Horat.
771 2343 841 2373 Sat.

121 2389 215 2420 i.'56.
240 2388 284 2419 cf.
306 2387 392 2418 infra
418 2388 452 2417 in
475 2385 635 2425 Vectigal.
659 2386 842 2416 Burmann.

120 2431 162 2462 de
176 2431 339 2472 Vectigal.
364 2441 392 2462 c.
408 2432 439 2462 6.
463 2441 494 2471 p.
511 2433 563 2464 93.
582 2429 655 2459 add.
672 2429 706 2458 in
725 2429 842 2469 praebi-

119 2478 185 2506 tor.

164 2517 346 2549 Parricida
361 2517 494 2547 civium.
512 2515 611 2546 Catil.
628 2515 648 2545 i.
664 2517 713 2546 1‘2.

164 2561 394 2595 Parricidium
418 2560 614 2590 fraternum.
639 2557 772 2589 Cluent.
794 2561 843 2588 11.

121 2614 241 2645 nempe
257 2605 381 2636 dieitur
389 2603 429 2634 de
441 2604 530 2634 omni
543 2602 645 2639 coede,
661 2611 727 2640 qua
739 2602 841 2632 etiam

118 2647 236 2687 religio
250 2649 398 2688 pietatis,
413 2651 472 2678 aut
494 2646 632 2677 aliorum
660 2645 841 2676 officiorum

120 2690 273 2722 violatur.

164 2733 268 2771 Pare,
290 2734 327 2764 in
356 2742 459 2765 scena
487 2737 538 2763 est
566 2740 717 2772 persona,
740 2740 840 2770 quam

120 2777 193 2817 quis
223 2777 370 2817 suscepit
392 2776 566 2816 agendam.
590 2776 623 2806 in
652 2774 764 2805 Caecil.
792 2776 840 2804 15.

120 2823 249 2851 actores
264 2819 485 2850 secundarum
509 2828 543 2850 et
566 2820 741 2849 tertiarum
758 2826 841 2858 par-

117 2864 203 2895 tium
216 2876 225 2894 s
250 2862 338 2895 unde
351 2862 472 2896 deinde
487 2863 530 2896 ad
545 2862 610 2893 alia
624 2860 838 2894 transfertur.

880 1005 1037 1042 jungitur
1051 1005 1196 1044 quidam.

1531 95 1616 144 379

900 182 1005 214 Flacc.
1034 186 1087 218 (Ξῖ.
1111 194 1221 217 servus
1250 190 1428 229 primarum
1452 196 1610 233 partium.

897 227 1007 266 ‘pars
1033 228 1134 258 virilis
1165 230 1254 260 verr.
1283 233 1325 262 iii.
1353 238 1382 264 3.
1409 236 1472 266 vid.
1499 239 1609 269 virili«.

897 270 915 287 ⁸
931 280 1050 309 geum,
1080 266 1328 311 species.'0r.1t.
1356 278 1376 307 i.
1409 280 1438 308 6.
1457 290 1538 319 pars
1563 282 1611 311 di-

896 313 1004 343 cendi.
1026 313 1141 354 Topic.
1153 319 1183 348 7.
1208 316 1326 347 ἴοι-[ητις
1342 321 1396 358 qui
1413 322 1497 353 idem
1515 329 1611 363 putat

896 365 980 393 esse,
996 357 1082 395 quod
1093 363 1217 398 partes,
1233 361 1403 393 confundit
1419 372 1523 396 arteni
1551 369 1610 397 ὄιο.

895 406 928 429 et
946 405 1060 430 tamen
1077 410 1163 440 soepe
1180 403 1225 431 sic
1242 412 1319 433 usus
1346 405 1412 444 ipse
1439 415 1499 438 est.
1522 419 1551 441 v,
1580 420 1609 440 c.

896 442 1028 473 invent.
1053 444 1075 474 i.
1107 446 1158 475 23.
1194 445 1309 476 vai-tit.
1336 451 1387 482 ³7-
1411 450 1451 480 ad
1479 452 1553 483 Div.
1578 463 1607 484 v.

937 529 1118 569 Par-ticeps,
1157 541 1234 561 cum
1272 531 1398 563 duobus
1443 537 1606 573 genitivis.

890 571 981 602 Verr.
1006 573 1027 602 i.
1055 576 1103 603 15.
1136 574 1288 605 Consulis
1313 578 1476 617 particeps
1504 582 1611 610 omni-

891 626 946 645 um
966 626 1073 646 rerum
1088 617 1199 647 fueris.

936 659 1084 695 Partim,
1108 670 1182 690 cum
1208 663 1374 702 praeposit.
1398 672 1449 694 ex.
1473 664 1553 704 Leg.
1574 666 1607 696 ii.

893 705 940 735 17.
959 703 1086 741 partim
1103 714 1140 733 cx
1166 704 1230 734 illis
1246 706 1373 743 jacent.
1389 707 1429 736 cf.
1454 707 1532 747 Agr.
1561 710 1607 739 iii.

894 748 940 775 14.
964 756 992 775 v.
1011 746 1154 776 Gronov.
1171 748 1249 777 Obs.
1269 749 1314 778 iii.
1332 751 1362 779 ⁵2.
1385 750 1404 767 ‘
1420 760 1496 781 cum
1514 753 1608 791 geni-

889 789 967 818 tivo.
1001 790 1095 819 Offic.
1123 790 1155 819 ii.
1178 793 1229 821 21.
1248 794 1372 830 partim
1401 803 1514 824 corum
1550 796 1607 826 Or.

889 832 923 860 ii.
940 835 993 862 40.
1017 832 1134 863 Partit.
1163 836 1214 864 24.
1240 835 1331 864 Prov.
1351 836 1449 867 Cons.
1469 840 1517 868 10.
1541 848 1607 877 quo

888 875 985 905 modo
1001 880 1035 905 et
1050 875 1104 905 alii
1120 876 1240 906 dixi-rc.
1258 888 1286 907 v.
1299 878 1440 909 Gronov.
1464 881 1543 911 Obs.
1560 882 1606 912 iii.

888 919 917 947 2.
941 919 1141 949 *interdum
1168 920 1269 950 semel
1298 926 1430 952 tantum
1458 925 1549 963 poni,
1565 934 1605 955 ex

887 961 944 990 illo
968 962 1038 1001 ipso
1059 962 1129 992 loco
1153 962 1245 1003 (Leg.
1271 965 1303 994 ii.
1332 967 1392 1003 ¹7.)
1421 973 1524 1004 patet,
1548 968 1606 999 ubi

1241 1008 1293 1037 Sic
1310 1014 1359 1039 cst
1383 1010 1483 1039 etiam
1509 1010 1604 1041 Offic.

888 1048 908 1077 i.
921 1051 972 1077 ⁴5.
999 1048 1150 1086 quaedam
1167 1050 1214 1079 ita
1229 1050 1324 1088 soeda,
1342 1054 1467 1090 partim
1484 1053 1531 1082 ita
1548 1054 1605 1083 fla-

885 1091 1014 1129 gitiosa.
1039 1090 1148 1122 Etiam
1165 1092 1247 1123 alius
1264 1094 1446 1133 jungi,ja¹u
1463 1096 1497 1126 in
1509 1095 1605 1128 Leni-

885 1144 924 1163 co
943 1134 1034 1163 Fabri
1048 1134 1311 1166 demonstratum
1328 1143 1389 1167 est.
1560 1133 1563 1136 ⁵

930 1176 1072 1207 Partiri.
1096 1178 1153 1208 Or.
1170 1179 1215 1209 iii.
1232 1180 1261 1209 G.
1282 1182 1416 1218 parciter
1425 1191 1601 1222 expressa!-

885 1230 948 1259 que
965 1222 1152 1258 sententiae,
1171 1221 1191 1251 i.
1208 1233 1236 1251 c.
1253 1222 1429 1253 distinctae.

931 1263 1071 1293 Parme.
1093 1264 1150 1294 Or.
1167 1267 1218 1296 28.

931 1306 1084 1337 Partitio.
1108 1307 1187 1346 Leg.
1210 1308 1243 1338 ii.
1270 1310 1322 1340 20.
1340 1311 1391 1339 21.
1426 1309 1484 1340 Est
1500 1319 1604 1350 genus

886 1349 999 1388 legati,
1030 1360 1094 1389 quo
1125 1350 1302 1390 legatarius
1327 1358 1460 1383 tantuin
1501 1354 1603 1394 capit,

885 1398 1047 1432 quantum
1070 1393 1163 1423 heres
1186 1395 1212 1424 si
1230 1405 1316 1425 unus
1332 1403 1396 1433 est,
1413 1402 1471 1427 aut
1487 1406 1601 1427 omnes

887 1436 998 1473 simul,
1022 1436 1049 1466 si
1072 1436 1181 1476 plures
1204 1444 1304 1476 sunt;
1337 1439 1383 1468 ita
1406 1448 1538 1480 nempe,
1563 1443 1602 1470 ut

885 1479 978 1509 heres
1002 1480 1139 1518 quisque
1155 1480 1328 1511 dimidium
1345 1482 1414 1519 ejus
1439 1484 1542 1522 partis
1569 1483 1599 1513 ei

886 1522 955 1560 det,
971 1532 1069 1561 quam
1086 1533 1124 1552 ex
1149 1523 1332 1555 hereditate
1348 1525 1446 1565 cepit.
1464 1535 1496 1556 v.
1520 1526 1603 1556 Gro-

886 1575 959 1595 nov.
978 1567 1063 1595 Sest.
1075 1567 1117 1596 iv.
1134 1569 1164 1599 7.

928 1608 1089 1639 Partitur.
1116 1609 1149 1639 in
1169 1608 1281 1639 Vatin.
1309 1613 1339 1641 5.
1372 1610 1497 1641 habent
1526 1611 1600 1642 edd.

885 1662 933 1692 pr.
946 1662 975 1682 ν.
985 1657 1060 1682 not.

930 1695 1068 1732 Parcus,
1085 1694 1123 1725 de
1148 1705 1249 1725 mare.
1271 1696 1372 1727 Tusc.
1388 1697 1421 1727 ii.
1448 1700 1478 1729 8.
1502 1698 1602 1728 Deia-

884 1740 956 1768 nira
985 1738 1082 1768 OEnei
1118 1743 1223 1779 partu
1266 1739 1366 1769 edita.
1413 1741 1467 1771 Sic
1495 1741 1601 1771 Graeci

882 1781 991 1812 τίκα-ιιι
1011 1781 1112 1811 etiam
1129 1782 1168 1811 de
1193 1786 1300 1822 patre.
1321 1792 1349 1812 v.
1374 1783 1494 1814 Davies
1511 1784 1552 1814 ad
1568 1784 1602 1815 h.

883 1825 904 1855 l.
930 1830 963 1855 et
978 1825 1092 1854 Virum
1124 1825 1222 1857 Doct.
1253 1825 1287 1855 in
1314 1826 1499 1856 Miscellan.
1523 1827 1603 1858 Obs.

884 1878 956 1907 quae
987 1878 1067 1898 cura
1103 1867 1171 1898 Cel.
1206 1868 1357 1899 Dorvillii
1395 1869 1602 1908 prodierunt.

883 1911 955 1942 Vol.
968 1912 987 1941 i.
1007 1921 1038 1950 p.
1053 1913 1127 1945 409.
1150 1911 1169 1928 ff
1184 1910 1294 1942 foetus.
1328 1912 1384 1942 Or.
1403 1913 1501 1944 itoe.
1523 1912 1601 1942 serae

878 1960 997 1994 partus
1011 1963 1086 1984 suos
1103 1954 1256 1992 diligunt.
1287 1954 1385 1985 Tusc.
1405 1965 1432 1985 v.
1459 1957 1511 1989 27.
1543 1965 1602 1995 pro

878 2003 982 2038 parm
999 2006 1058 2027 suo
1078 2003 1299 2037 propugnant.

927 2040 1097 2075 paremio,
1111 2041 1333 2080 metaphorice
1351 2040 1390 2070 de
1407 2050 1441 2071 re
1458 2043 1603 2079 matura,

884 2094 957 2114 mox
989 2088 1150 2123 eruptura
1180 2084 1213 2113 in
1244 2083 1363 2114 lucem.
1388 2084 1519 2114 Muren.
1548 2087 1602 2118 39.

883 2126 1067 2166 periculum
1100 2131 1298 2166 conceptum
1335 2136 1418 2166 resp.
1442 2128 1602 2166 parturit.

884 2170 967 2200 Phil.
984 2171 1017 2199 ii.
1040 2173 1122 2199 extr.
1148 2171 1275 2199 utinam
1301 2169 1490 2209 reipublicae
1511 2169 1603 2201 dolor

883 2214 1001 2253 pariat,
1019 2213 1105 2251 quod
1123 2213 1193 2251 jam
1219 2212 1273 2242 diu
1295 2214 1456 2252 parturit.
1479 2213 1498 2231 θ
1513 2212 1604 2243 labo-

885 2266 966 2286 rare.
990 2256 1070 2286 Lael.
1102 2259 1150 2286 13.
1173 2256 1350 2286 securitate
1377 2255 1443 2286 frui
1471 2257 1601 2286 animun

884 2309 950 2330 non
968 2304 1089 2339 potest,
1105 2299 1132 2329 si
1155 2302 1326 2338 tamquam
1343 2300 1493 2338 parturit
1514 2308 1602 2329 unu·

885 2352 943 2383 pro
955 2342 1117 2382 pluribus.

928 2386 1078 2416 Pascere.
1102 2386 1134 2414 in
1153 2394 1186 2415 re
1209 2384 1360 2424 augurali
1376 2393 1450 2415 aves
1462 2393 1604 2424 pascun—

882 2433 951 2466 tur,
968 2429 1043 2459 Div.
1058 2429 1092 2458 ii.
1112 2431 1164 2458 34.
1187 2438 1263 2458 cum
1280 2427 1372 2457 avide
1387 2427 1486 2457 offam
1501 2428 1603 2468 pultis

882 2473 1052 2509 devorant,
1080 2477 1117 2501 ut
1142 2470 1325 2511 tripudium
1353 2470 1423 2500 fiat.
1446 2470 1612 2513 ‘pascere-

884 2515 1007 2545 dicitur
1020 2515 1060 2544 de
1075 2514 1126 2551 iis,
1142 2514 1198 2553 qui
1215 2523 1283 2544 rem
1304 2513 1493 2552 pecuariam
1510 2523 1607 2545 exer-

882 2563 971 2588 cent.
993 2557 1086 2588 Verr.
1100 2558 1133 2587 ii.
1147 2560 1178 2588 3.
1197 2557 1252 2596 qui
1268 2560 1376 2594 arent,
1393 2557 1450 2595 qui
1463 2561 1605 2597 pascant

882 2602 940 2631 &c.
956 2601 1051 2632 Offic.
1068 2601 1102 2630 ii.
1118 2602 1171 2631 25.
1201 2600 1284 2630 bene
1305 2608 1450 2640 pascere.
1481 2600 1604 2640 *pasci

880 2654 939 2685 pro
955 2645 1063 2674 vivere
1079 2653 1119 2673 ex
1136 2653 1169 2672 re
1185 2643 1305 2682 aliqua.
1337 2641 1400 2673 Off.
1424 2643 1459 2673 ii.
1479 2646 1526 2674 ll.
1543 2643 1600 2683 qui

881 2687 1004 2718 scelere
1020 2691 1055 2716 et
1071 2685 1234 2716 maleficio
1242 2689 1439 2726 pascuntur.

927 2730 1070 2761 Pascua.
1092 2729 1171 2769 Agr.
1194 2730 1214 2759 i.
1241 2732 1267 2759 1.
1292 2734 1407 2759 utrum
1432 2728 1519 2759 hanc
1541 2728 1598 2759 sil-

880 2783 954 2804 vam
967 2774 1001 2803 in
1014 2771 1138 2802 relictis
1148 2771 1469 2813 possessionibm,an
1479 2772 1514 2802 in
1523 2780 1601 2802 cen-

878 2826 989 2847 sorum
1008 2817 1152 2856 pascuis,
1168 2815 1351 2846 invenisti?
1377 2814 1409 2846 b.
1425 2824 1455 2844 e.
1482 2823 1556 2854 quo
1578 2823 1600 2846 ι

878 2860 1068 2892 censoribus
1084 2859 1247 2892 locantur.
1262 2869 1293 2890 v.
1308 2858 1483 2900 scriptura.
