1790 3219
611 61 756 91 mnnx
786 61 919 89 LATIN
928 61 1064 90 rmus
1071 78 1081 88 .

137 147 231 181 Sum.
262 160 326 182 esse
349 160 424 181 cum
442 150 510 181 viro
525 149 683 180 dicuntur
698 157 827 179 uxores.

82 191 210 231 .Quint.
242 197 294 226 ⁶24.
341 195 449 225 Roscii
481 203 572 224 soror
599 196 643 223 est
681 201 758 221 cum
797 191 833 220 P.

93 236 245 275 Quintio.
285 238 382 268 ‘Atn
408 238 451 268 xi.
474 240 505 268 4.
543 237 570 266 si
597 234 695 266 modo
713 233 835 274 ficturi

96 289 225 319 numus,
243 291 288 311 sc.
301 281 395 317 salvi,
410 280 484 310 vivi.
506 279 572 309 ‘cle
589 279 694 319 pretio
711 287 838 314 rerum,

96 324 219 361 vendi,-
237 325 387 354 venalem
411 332 492 353 csse.
523 322 615 352 Verr.
639 322 685 352 iii.
710 324 763 355 75.
792 325 837 351 ese

98 367 228 397 modius
253 375 305 398 ns.
330 367 469 397 duobus.
508 375 538 394 v.
561 364 662 396 Grou.
686 365 771 394 Sest.
795 365 838 395 iv.

105 412 131 439 1.
161 410 284 441 *dctis
307 420 371 440 esse
393 409 552 439 dicuntur
578 418 641 445 res,
666 418 746 447 quas
770 417 841 437 cor-

98 453 226 492 porales
257 457 390 490 vocant,
420 462 481 482 non
511 463 566 484 exn
609 451 841 492 incorporales.

97 495 213 536 Topie.
229 500 260 528 5.
288 496 370 528 Esse
393 506 433 526 ea
455 495 541 533 «lico,
558 506 632 535 quse
657 496 747 525 cerni
768 499 841 524 tan-

98 540 172 577 give
189 545 340 580 possunt,
356 542 395 569 ut
416 539 571 577 fundum,
589 540 675 569 mdes
692 540 751 568 «Sec.
781 549 843 568 uon

99 592 164 613 esse
186 592 298 613 rursus
320 592 360 613 ea
384 582 471 620 dico,
492 592 565 622 quit⁸
589 583 683 622 tangi
707 582 844 612 alcmon-

103 626 239 656 strarive
263 635 329 656 non
353 632 505 666 possunt,
523 627 611 656 cerui
635 632 751 656 tamen
775 625 845 655 ani—

100 677 156 698 mo
172 673 273 709 atque
290 669 434 709 intelligi
451 675 603 710 possunt,
621 677 659 700 ut
682 669 708 698 si
726 678 844 699 usuca-

100 713 247 752 pionem,
264 713 289 743 si
314 713 470 749 tutelam,
486 714 513 743 si
539 717 672 752 gentem
693 712 843 741 definias.

100 755 166 785 vid.
185 756 283 786 Caius
308 756 459 787 institut.
482 757 515 786 ii.
537 759 563 786 1.
593 757 611 774 ¹*
625 756 721 786 Rosc.
738 756 776 785 Α.
792 757 845 785 40.

101 799 288 837 maleficiis,
327 810 400 839 quie
438 800 472 830 in
511 799 567 830 illo
605 802 736 830 constat
771 807 845 829 esse.

100 842 197 875 Brut.
214 843 268 874 62.
291 844 345 873 cui
361 844 470 875 Titius
487 852 610 873 nomen
626 847 682 872 est.

146 886 297 924 Sumere,
321 887 355 917 in
379 897 413 917 re
437 887 631 927 pecuniaria
656 889 708 916 est
734 894 846 915 versu-

104 939 176 960 ram
202 930 322 960 facere.
358 930 429 960 Att.
457 930 524 960 xiii.
551 930 581 960 6.
620 939 719 969 quam
746 939 848 969 pecu-

105 974 196 1003 niam
212 977 305 1004 tutor
321 978 483 1004 sumserat
505 974 539 1003 in
564 973 699 1003 Achaia.
730 972 847 1002 *eme-

105 1025 152 1053 re,
168 1025 369 1056 comparare.
393 1017 435 1047 ad
450 1017 527 1048 Div.
541 1017 594 1047 vii.
606 1018 659 1048 23.
682 1017 768 1046 tanti
785 1016 848 1046 ista

105 1064 250 1098 quatuor
279 1064 338 1090 aut
363 1062 510 1100 quinque
540 1061 694 1091 sumsisti.
740 1059 847 1089 Graeci

103 1103 230 1144 pariter
251 1103 297 1134 sic
321 1103 440 1134 dicunt
463 1103 496 1134 τὸ
517 1103 686 1143 λοιμζαίνυν.
717 1102 848 1133 *susci-

105 1155 183 1186 pere
199 1146 312 1176 Vatin.
334 1149 382 1178 ll.
405 1157 533 1178 sumere
549 1147 752 1177 inimicitias.
776 1146 848 1176 Att.

107 1199 136 1220 v.
157 1193 184 1220 1.
217 1200 258 1220 ex
278 1191 407 1221 ratione
429 1195 539 1222 sumta
561 1191 710 1221 offensio.
737 1190 849 1230 *prae-

107 1233 217 1264 missae
243 1233 422 1274 syllogismi
453 1234 614 1264 dicuntur
639 1233 738 1264 sumi.
777 1233 848 1264 fin.

107 1277 155 1307 iii.
173 1280 203 1308 8.
236 1277 324 1316 quod
339 1278 546 1308 efficiebatur
561 1288 601 1308 ex
618 1277 761 1314 duobus,
775 1286 850 1315 quae

107 1326 204 1351 erant
236 1326 358 1351 sumta.
394 1321 495 1352 Acad.
527 1322 568 1351 iv.
599 1323 652 1352 21.
689 1321 716 1351 si
747 1329 768 1350 a
797 1330 850 1350 me

105 1373 261 1401 sumsero,
285 1370 333 1402 et,
355 1374 428 1404 quae
451 1370 487 1394 tu
516 1364 598 1394 mihi
622 1364 692 1401 das,
717 1373 853 1404 accepe-

109 1418 166 1445 ro3
192 1417 300 1438 meam
316 1409 519 1438 seutentiam
537 1418 647 1438 veram
659 1407 822 1447 judicem.

154 1451 305 1482 Summa.
343 1451 455 1482 Rabir.
482 1451 572 1482 Post.
597 1454 629 1482 4.
658 1460 791 1482 summa
813 1451 853 1480 li-

108 1494 215 1525 tium:
239 1494 280 1525 de
303 1495 522 1525 aestimatione
547 1494 628 1532 litis,
647 1495 688 1524 de
711 1504 776 1533 qua
798 1503 853 1524 su-

108 1547 180 1578 pra.
207 1538 373 1569 *TuscuL
390 1539 436 1569 iii.
454 1540 506 1569 23.
538 1537 609 1568 haec
624 1538 731 1568 oratio
747 1538 786 1568 de
802 1538 854 1578 ip-

108 1591 149 1612 sa
175 1591 306 1613 summa
336 1581 415 1612 mali
443 1580 528 1612 nihil
557 1581 715 1612 detrahit.
753 1581 854 1611 *Ata

109 1635 164 1656 xv.
179 1628 220 1656 .l.
253 1625 295 1655 ad
315 1635 501 1656 summam:
523 1624 557 1655 h.
578 1635 607 1656 e.
631 1631 670 1656 ut
686 1625 775 1656 brevi
798 1634 853 1655 me

109 1668 298 1709 expediam.
328 1678 357 1698 v.
374 1672 444 1699 not.
465 1668 571 1699 Graev.
600 1668 672 1706 *id,
696 1679 762 1708 quo
784 1671 856 1699 tota

111 1722 163 1742 res
177 1711 277 1749 redit,
293 1722 358 1751 quo
380 1715 454 1743 tota
474 1713 681 1750 continetur,
697 1712 856 1752 quemad-

112 1755 250 1786 modum
267 1756 302 1785 in
318 1755 502 1786 rationibus
523 1765 654 1786 summa
668 1756 783 1786 omnia
798 1765 856 1786 no-

113 1800 206 1830 mina
220 1799 384 1829 continet.
407 1799 449 1830 ad
464 1799 540 1830 Div.
553 1809 586 1829 x.
600 1801 652 1830 25.
671 1800 722 1838 cuj
729 1809 766 1829 us
782 1809 858 1830 sen-

112 1843 231 1873 tentiae
246 1841 318 1872 hoec
334 1849 386 1873 est
406 1852 548 1874 summa.
580 1842 658 1873 ibid.
675 1843 718 1873 vi.
736 1846 768 1877 7.
800 1853 858 1873 cu-

106 1886 165 1925 jus
185 1895 317 1917 summa
339 1890 391 1916 est
413 1886 575 1923 criminis,
598 1885 687 1926 quod
709 1892 858 1916 armatus

113 1929 301 1960 adversario
329 1928 497 1961 maledixi.
534 1930 605 1960 Att.
627 1941 658 1960 x.
683 1933 714 1961 5.
748 1939 858 1960 sermo

113 1973 256 2003 eandem
271 1973 340 2003 fere
357 1972 473 2004 habuit
485 1982 663 2004 summam.
688 1973 860 2004 *Summa

115 2015 307 2057 reipublicae
321 2020 373 2046 est
388 2026 454 2053 res,
470 2026 490 2047 a
504 2026 571 2055 qua
591 2017 680 2047 salus
695 2018 858 2047 universae

114 2060 306 2101 reipublicae
331 2060 466 2100 pendet.
498 2059 592 2091 Verr.
615 2060 650 2090 ii.
677 2063 726 2092 10.
758 2061 862 2101 perti-

116 2107 175 2134 net
189 2103 252 2134 hoc
275 2103 316 2134 ad
338 2113 503 2134 summam
526 2104 726 2144 reipublicae.
758 2104 858 2135 Catil.

116 2147 164 2178 iii.
181 2147 213 2178 6.
242 2146 394 2178 consului
411 2151 580 2185 senatum,
597 2147 637 2177 de
652 2156 783 2178 summa
798 2148 862 2179 rei-

69 2215 73 2220 .
116 2190 260 2231 publicae
274 2190 354 2229 quid
378 2191 448 2221 fieri
472 2190 629 2230 placeret.
673 2191 789 2222 Sermo
812 2195 863 2222 est

117 2234 158 2265 de
187 2234 418 2274 conjuratione
456 2233 665 2272 Catilinaria,
696 2240 731 2265 et
764 2235 861 2266 sociis

118 2277 276 2309 Catilinae
299 2277 488 2318 puniendis.
532 2277 682 2308 Graevius
705 2278 748 2308 ibi
769 2288 863 2318 repo-

117 2322 206 2352 suit:
231 2320 272 2352 de
286 2330 419 2352 summa
434 2320 614 2360 republica.
645 2320 704 2351 sed
726 2326 761 2352 et
779 2321 863 2352 illud

117 2370 250 2396 rectum
280 2374 364 2402 esse,
391 2364 507 2394 multis
538 2363 699 2405 exemplis
729 2364 865 2395 demon-

119 2408 217 2439 nti-ari
231 2411 356 2449 potest,
373 2411 408 2438 et
423 2406 520 2438 hodie
543 2412 677 2438 constat
698 2408 786 2439 inter
807 2408 865 2439 do-

120 2455 203 2483 ctos.
232 2451 304 2482 1nv.
321 2452 342 2482 i.
362 2451 410 2482 16.
441 2461 481 2481 ea
503 2460 576 2490 quae
596 2451 718 2482 dicturi
740 2452 864 2483 erimus

120 2495 207 2526 ——ad
221 2504 385 2526 summam
400 2494 591 2535 rcipublicae
615 2495 794 2535 pertinere.
823 2495 865 2526 ad

122 2539 200 2571 Div.
226 2539 296 2569 xiii.
322 2538 376 2570 68.
417 2547 479 2578 ego
509 2537 552 2568 ad
581 2542 628 2576 te,
654 2538 694 2568 de
722 2539 863 2579 reipubl.

121 2591 254 2613 summa
277 2581 358 2622 quid
387 2582 545 2619 sentiam,
571 2590 637 2611 non
667 2591 755 2622 saepe
785 2583 866 2612 scri-

121 2625 213 2664 bam,
235 2628 371 2667 propter
393 2624 579 2665 periculum
604 2625 766 2664 ejusmodi
791 2625 867 2656 lite-

121 2677 248 2700 rarum.
277 2669 337 2700 διο.
384 2668 467 2699 Haec
483 2678 614 2708 quoque
630 2669 715 2699 ratio
731 2668 866 2708 elegans

123 2715 175 2742 est
212 2711 324 2743 Plane.
354 2713 406 2744 22.
452 2712 674 2750 denunciasti,
710 2712 788 2751 quid
825 2712 866 2743 de

122 2764 255 2786 namma
269 2755 460 2795 reipublicae
481 2756 637 2786 sentires:
662 2765 735 2795 pro,
752 2758 866 2786 utrum

124 2797 293 2839 popularis
307 2808 407 2836 esses,
424 2808 466 2830 an
484 2799 708 2840 optimatibus
730 2799 868 2830 faveres.

124 2841 168 2874 ad
177 2840 273 2874 Brut.
285 2842 382 2884 epist.
393 2846 516 2883 poster.
526 2846 556 2875 5.
572 2842 728 2877 voluntas
741 2851 819 2877 mea
829 2842 869 2875 de

877 2453 959 2483 .Or.
987 2454 1021 2483 ii.
1048 2455 1101 2484 20.

1532 51 1617 91 445

871 158 1003 179 summa
1033 150 1113 187 reip.
1139 158 1270 189 semper
1295 149 1410 180 cadem
1436 150 1514 187 suit,
1542 160 1618 190 qum

872 195 941 221 tua.
989 191 1073 221 item
1097 201 1226 221 summa
1251 194 1330 233 reip.
1346 193 1468 223 dicitur
1483 205 1542 234 pro
1565 204 1617 224 re-

873 233 1007 274 publica
1046 235 1197 264 univcrsa
1235 236 1333 266 Doni.
1367 239 1394 266 1.
1442 237 1529 276 quod
1560 247 1617 268 vos

875 278 1052 308 Pontifices
1077 277 1209 307 eosdem
1235 285 1268 308 ct
1293 279 1505 318 religionibus
1529 281 1618 311 Deo-

874 331 948 351 rum
980 320 1220 351 immortalium
1252 327 1286 351 ct
1314 334 1448 353 stenima·
1477 323 1618 363 reipubl.

875 374 1015 405 praeesse
1045 363 1243 402 volucrunt3
1277 370 1314 394 ut
1345 368 1540 406 amplissimi
1572 368 1618 397 ci-

877 416 932 438 ves
950 417 1053 447 remp.
1070 407 1153 436 bene
1177 408 1335 446 gerendo,
1354 411 1527 447 pontifices
1544 410 1621 440 reli-

878 452 992 490 giones
1029 451 1198 491 sapienter
1233 451 1496 490 interpretando,
1534 463 1622 484 rem-

878 494 969 535 publ.
1000 498 1247 524 conservarent.
1293 494 1470 526 *Summa
1507 507 1619 528 rerum

880 538 1002 569 dicitur
1028 538 1068 568 ‹le
1098 539 1232 568 summo'
1260 538 1398 577 imperio
1429 539 1461 568 iu
1494 540 1624 579 republ.

880 582 975 612 Rosc.
992 582 1030 612 A.
1048 583 1100 612 32.
1129 581 1209 611 dum
1229 581 1255 610 is
1278 581 1313 610 in
1336 581 1408 611 aliis
1432 582 1527 612 rebus
1551 586 1624 614 erat

880 632 1075 665 occiipatuS‚
1102 626 1158 664 qui
1185 634 1349 654 summam
1380 634 1490 655 rerum
1517 625 1623 656 admi-

880 669 1052 699 nistrabat.
1076 668 1233 699 *stenima
1249 668 1465 708 philosophia!
1482 674 1532 699 est
1548 669 1625 699 uni-

881 722 973 742 versa
998 712 1217 752 philosophia,
1234 716 1304 749 aut,
1321 712 1406 751 quod
1430 716 1481 742 est
1500 713 1535 742 in
1552 712 1625 752 phi-

880 754 1030 795 losophia
1054 756 1274 795 praecipuum.
1304 755 1375 786 Fin.
1402 755 1435 785 ii.
1459 758 1511 790 27.
1543 765 1626 795 quo-

882 799 973 829 niam
1009 799 1118 828 omnis
1155 808 1284 829 summu
1330 798 1546 839 philosophiae
1582 799 1625 830 ad

882 842 977 872 beate
1004 841 1184 872 vivendum
1212 842 1366 879 refertur,
1393 842 1491 882 idque
1517 852 1624 873 unum

881 891 1077 925 expetentes
1101 885 1251 915 homines
1275 895 1308 916 se
1332 885 1372 916 ad
1396 885 1458 916 hoc
1474 886 1626 917 studium

882 928 1110 960 contulerunt.
1139 929 1220 959 *Sic
1242 939 1372 959 summa
1394 929 1539 961 hominis
1562 933 1627 968 est,

883 973 971 1011 qnod
1002 973 1036 1003 in
1068 972 1201 1002 homine
1233 973 1459 1013 principatum
1485 974 1627 1004 obtinet.

884 1016 955 1046 Fin.
981 1026 1010 1046 v.
1041 1019 1091 1047 14.
1130 1016 1164 1046 in
1195 1015 1329 1046 homine
1356 1021 1470 1047 autem
1495 1026 1629 1049 summo>

881 1061 990 1090 omnis
1014 1060 1118 1090 animi
1141 1062 1204 1097 est,
1221 1067 1256 1090 et
1278 1060 1311 1089 in
1336 1061 1462 1098 animo,
1478 1061 1629 1092 rationis.

884 1103 970 1133 Item
988 1103 1057 1133 Fiu.
1075 1103 1109 1133 ii.
1125 1105 1177 1133 31.
1208 1112 1412 1142 quamquam
1432 1113 1471 1133 ea
1485 1104 1629 1144 epistola

884 1156 960 1176 cum
976 1156 1106 1177 summa
1121 1146 1192 1184 ejus
1215 1146 1400 1187 philosophi
1420 1146 1512 1177 nullo
1529 1147 1629 1179 modo

884 1190 1108 1230 congruebat:
1142 1189 1174 1220 h.
1200 1199 1230 1220 e.
1260 1200 1338 1220 cum
1365 1191 1535 1231 praecipua
1555 1191 1629 1231 ejus

885 1234 1066 1271 sententia,
1090 1243 1165 1272 quae
1193 1237 1228 1264 et
1256 1233 1291 1264 in
1321 1234 1392 1274 ipsa
1420 1234 1631 1275 philosophia

886 1278 1041 1307 universa
1056 1278 1281 1317 principatum
1297 1280 1406 1315 tenet,
1418 1287 1538 1318 nempe
1551 1288 1630 1309 cum

886 1321 1057 1352 sententia
1071 1321 1140 1358 ejus
1156 1320 1196 1350 de
1219 1330 1352 1351 summo
1376 1322 1474 1352 bono.
1499 1321 1632 1352 *Sum-

887 1374 942 1395 ma
973 1365 1110 1394 rationis
1140 1363 1198 1395 Or.
1230 1364 1266 1395 ii.
1299 1367 1347 1396 18.
1381 1369 1434 1395 est
1462 1365 1633 1397 conclusio

887 1408 1161 1438 ratiocinationis.
1197 1407 1266 1448 *9.
1284 1408 1335 1438 Fr.
1354 1408 1401 1439 iii.
1419 1411 1450 1439 5.
1481 1409 1515 1439 in
1539 1409 1635 1441 omni

886 1461 1028 1489 summa,
1049 1456 1089 1481 ut
1113 1461 1241 1490 mones,
1264 1451 1358 1482 valde
1383 1461 1436 1482 me
1460 1452 1502 1482 ad
1523 1453 1634 1484 otium

887 1504 1072 1535 pacemque
1095 1501 1270 1525 converto:
1302 1495 1336 1526 h.
1359 1504 1388 1526 e.
1415 1495 1450 1525 in
1477 1496 1569 1527 omni
1595 1505 1635 1527 re

888 1538 952 1569 hoc
974 1547 1138 1569 summum
1169 1538 1268 1577 duco,
1290 1538 1354 1569 hoc
1379 1539 1534 1580 inprimis
1557 1549 1634 1581 ago,

888 1586 929 1613 ut
945 1592 998 1612 me
1015 1581 1056 1612 ad
1072 1591 1188 1622 pacem
1206 1587 1409 1613 convertam.

936 1625 1148 1656 Summanus.
1179 1625 1251 1657 Att.
1268 1636 1299 1657 x.
1318 1629 1345 1658 1.
1376 1625 1440 1656 nisi
1460 1625 1544 1657 forte
1569 1626 1636 1660 iste

892 1668 1095 1700 Summanus
1109 1670 1139 1700 ei
1154 1673 1267 1709 potest
1280 1670 1490 1710 persuadere.
1518 1670 1635 1701 Sermo

892 1717 942 1743 est
959 1712 1000 1743 de
1018 1713 1158 1744 Caesare.
1198 1713 1262 1743 Sed
1277 1713 1333 1744 alii
1348 1713 1475 1744 habent
1488 1723 1637 1745 summa-

893 1758 974 1787 rius.
997 1755 1053 1787 alii
1069 1756 1166 1787 aliter
1177 1755 1356 1796 legendum
1368 1761 1525 1793 censent:
1547 1761 1637 1789 tam·

894 1809 1009 1839 quam,
1026 1800 1257 1839 nummarius;
1282 1801 1361 1840 quia
1382 1801 1417 1831 iu
1433 1800 1550 1831 eadem
1565 1802 1637 1842 epi-

895 1843 982 1874 stola
995 1843 1108 1884 paullo
1132 1848 1211 1874 ante
1234 1849 1345 1875 emtus
1368 1845 1563 1884 pacificator
1585 1844 1638 1875 di-

896 1888 994 1917 citur.
1037 1888 1090 1917 Sic
1108 1887 1392 1927 numariijudices
1409 1892 1490 1918 sunt
1504 1888 1539 1918 in
1556 1887 1637 1919 Clu-

896 1932 1034 1961 entiana
1053 1930 1086 1961 h.
1102 1940 1131 1961 e.
1145 1931 1290 1971 pecunia
1311 1932 1393 1962 emti
1416 1936 1452 1961 et
1474 1932 1638 1973 corrupti.

895 1974 948 2006 De
965 1974 1148 2005 Summano
1161 1974 1257 2013 Jove,
1274 1985 1304 2007 v.
1321 1974 1394 2005 Ind.
1413 1974 1504 2005 Hist.

939 2017 1087 2049 Summe.
1122 2018 1241 2058 Quint.
1273 2022 1322 2053 19.
1351 2028 1479 2049 summe
1504 2021 1639 2051 constat

895 2061 1056 2092 officium.
1072 2061 1177 2093 ib.21.
1193 2072 1319 2093 summe
1330 2063 1578 2104 concupiscere.
1593 2062 1639 2094 ib.

894 2107 947 2137 24.
970 2115 1095 2136 summe
1110 2109 1234 2145 petere.

942 2148 1132 2180 Summissio
1154 2148 1326 2180 orationis.
1358 2148 1416 2180 Or.
1431 2150 1484 2180 25.
1514 2152 1566 2179 est
1587 2151 1639 2179 te-

898 2193 1020 2222 nuitas.
1050 2196 1088 2223 ut
1112 2196 1148 2223 et
1171 2193 1348 2224 summisse
1376 2192 1486 2223 dicere
1511 2195 1564 2222 est
1588 2195 1640 2223 te-

900 2236 1024 2267 nuiter.
1052 2247 1055 2250 ·

945 2279 1115 2310 Summus.
1141 2278 1241 2311 Arch.
1267 2281 1298 2311 8.
1326 2280 1448 2310 summi
1472 2278 1640 2318 homines,

902 2322 942 2353 de
959 2322 1109 2354 eruditis.
1139 2325 1158 2344 *ι
1171 2323 1286 2354 omnia
1306 2332 1437 2354 summa
1452 2322 1574 2362 facere,
1589 2327 1642 2355 est

901 2366 1010 2396 facere
1028 2370 1192 2405 quantum
1209 2367 1323 2407 possis.
1346 2367 1417 2397 Att.
1430 2376 1482 2398 xv.
1503 2369 1552 2398 13.
1568 2375 1642 2398 sese

901 2409 942 2440 de
974 2410 1191 2440 attributione
1220 2410 1334 2440 omnia
1357 2419 1489 2441 summa
1511 2408 1643 2441 fecisse.

1142 2454 1192 2484 sin
1220 2453 1399 2492 videbitur,
1424 2463 1502 2484 cum
1527 2454 1644 2484 omnia

902 2506 1031 2527 summa
1065 2497 1196 2534 fecerit,
1224 2501 1342 2527 tamen
1379 2496 1421 2527 ad
1457 2496 1642 2528 mediocres

903 2545 1050 2570 oratores
1067 2550 1138 2571 esse
1154 2545 1332 2570 venturus:
1355 2540 1413 2570 ubi
1428 2539 1554 2571 frustra
1567 2540 1641 2573 Jac.

904 2583 1048 2613 Gronov.
1064 2587 1098 2614 et
1115 2583 1270 2614 Pearcius
1286 2583 1475 2614 rescribunt
1489 2593 1641 2615 summe:

905 2636 982 2657 cum
1004 2627 1181 2666 vulgatum
1201 2627 1343 2657 eandem
1365 2627 1433 2658 vim
1457 2627 1593 2666 habeat,
1609 2632 1646 2659 et

904 2670 1092 2709 elegantius
1122 2671 1177 2701 sit.
1230 2670 1361 2711 Nempe
1391 2670 1548 2701 Pearcius
1575 2681 1644 2702 nou

906 2714 1059 2753 capiebat
1087 2713 1187 2752 hujus
1214 2713 1368 2745 formulae
1399 2715 1480 2753 vim,
1511 2715 1568 2754 qui
1598 2715 1646 2746 ita

906 2757 1205 2797 interpretabatur,
1216 2761 1256 2788 ut
1267 2767 1397 2788 summa
1410 2758 1524 2789 omnia
1537 2757 1648 2792 facere

907 2804 1008 2838 esset,
1024 2809 1095 2831 esse
1118 2801 1305 2842 perfectum
1328 2802 1364 2832 in
1379 2802 1419 2832 iis
1436 2801 1546 2838 rebus,
1564 2811 1646 2840 quas

908 2845 985 2885 quis
999 2843 1211 2886 aggreditur:
1235 2844 1324 2887 quod
1332 2850 1391 2879 ‘est
1412 2844 1546 2880 falsum.
1590 2844 1648 2879 Li-
