1815 3209
187 192 246 231 56

187 292 241 335 lis,
266 292 530 336 oppido-Siciliae
559 293 813 326 mediterraneae
837 296 925 326 inter

190 336 364 368 Himeram
382 338 520 369 fluvium
536 342 571 368 et
587 337 794 369 Crimissum.
811 357 823 366 -

235 380 357 420 Tritia,
373 382 415 412 ad
432 382 504 413 Att.
527 382 571 412 vi.
595 383 626 414 2.
656 382 734 413 urbs
758 383 927 413 maritima

187 422 334 456 Achaiae.

233 467 398 507 Troezene,
412 469 491 500 urbs
506 467 682 509 Argolidis.

235 511 384 552 Trogini,
397 513 436 544 dc
452 513 565 544 Divin.
582 513 616 543 ii.
627 516 678 547 37.
705 513 925 552 Trqginorum

189 556 374 605 tetrarchia
403 556 527 587 dicitur
556 557 715 587 Deiotaro
746 567 765 586 a
785 557 925 587 ‘Caesare

190 603 318 645 erepta.
363 600 428 630 Sed
457 610 556 630 nemo
584 606 736 630 veterum
768 600 926 638 Troginos

191 648 376 674 memorat:
401 643 490 674 unde
512 643 544 674 J.
567 644 751 673 Gronovius
777 643 924 673 Trocmo-

189 688 270 716 r‘um
291 687 501 726 conjiciebat.
523 697 554 718 v.
570 686 690 717 Cellar.
713 687 752 716 G.
769 687 807 717 A.
833 687 879 716 iii.
894 688 926 716 4.

191 730 314 761 Davies
331 731 372 760 ad
388 731 420 761 h.
437 730 459 760 l.

237 774 454 814 Troglodyece,
470 774 509 804 de
526 774 674 805 Divinat.
687 774 720 803 ii.
734 776 787 804 44.
810 771 924 813 populi

189 816 310 847 Africae
326 818 464 855 varii,in
480 817 647 857 speluncis
660 817 810 847 babitare
826 816 927 847 soliti.

189 860 312 891 Errant
325 862 428 898 enim,
438 862 494 900 qui
507 870 612 891 unum
622 866 750 891 certum
763 860 925 902 populum

189 903 252 934 hoc
269 905 403 934 nomine
420 904 484 934 dici
500 909 633 945 putant.

237 945 350 987 ija,
367 948 444 978 urbs
459 947 597 978 Troadis
614 943 648 978 in
664 937 742 978 Ᾰςίει
757 948 889 978 minori.

235 989 433 1031 Trojamwn,
450 991 521 1022 Att.
544 992 587 1022 ix.
616 994 663 1022 13.
692 991 771 1021 villa
795 991 829 1021 in
846 1000 925 1030 agro

190 1035 411 1073 Laurentino,
428 1035 519 1066 dicta
539 1036 578 1066 ab
598 1035 679 1065 urbe
694 1034 795 1073 Troia
813 1035 848 1064 in
870 1044 925 1063 eo-

189 1079 264 1108 dem
282 1088 372 1118 agre.

235 1122 460 1159 Tromentina,
488 1121 529 1151 ad
555 1121 627 1152 Att.
654 1122 695 1152 iv.
728 1122 777 1152 16.
818 1120 925 1151 tribus

188 1165 303 1205 populi
328 1165 424 1203 Rom.
448 1166 630 1204 rusticana,
655 1176 675 1196 a
697 1175 815 1206 campo
841 1165 926 1195 Tro-

187 1213 304 1239 mento.
334 1209 462 1239 Festus.

233 1253 491 1292 Trophonianzcs,
508 1252 550 1283 ad
565 1252 636 1283 Att.
657 1253 698 1283 vi.
721 1255 752 1284 2.
784 1252 818 1283 T
814 1253 926 1291 ropho-

186 1298 289 1327 niana
307 1299 456 1327 narratio
471 1302 522 1327 est
538 1297 578 1327 de
595 1308 647 1335 eo,
663 1297 720 1336 qui
736 1297 771 1327 in
787 1302 923 1326 antrum

188 1339 363 1380 Trophonii
393 1340 578 1378 descendit,
609 1340 697 1380 quod
727 1341 762 1372 in
796 1339 926 1370 Boeotia

185 1384 262 1414 fuit.

231 1427 453 1458 Truentinum
476 1433 635 1465 castrum,
652 1428 694 1458 ad
714 1427 784 1458 Att.
800 1428 867 1458 viii.
887 1427 922 1456 in

186 1480 266 1509 agro
286 1472 420 1509 Piceno,
436 1472 594 1512 oppidum
620 1471 662 1501 ad
684 1472 808 1502 ostium
832 1471 923 1501 fluvii

187 1515 347 1554 Truenti,
365 1515 452 1545 unde
470 1525 593 1546 nomen
610 1516 749 1555 accepit.

229 1559 339 1595 Tusci,
356 1559 457 1588 iidem
475 1559 530 1598 qui
547 1559 691 1589 Etrusci.

230 1602 470 1640 Tusculanum,
496 1603 659 1643 praediurn
692 1602 861 1632 Ciceronis
887 1602 921 1632 in

184 1655 263 1685 agro
278 1646 579 1686 Tusculano,saepe
594 1654 810 1676 memoratur.
840 1646 922 1677 Tus-

183 1691 295 1720 culum
313 1693 363 1720 est
380 1690 456 1720 urbs
474 1690 572 1720 Latii.
603 1690 831 1720 Tusculanum
851 1690 922 1720 Cae-

183 1734 277 1770 saris,
294 1733 333 1763 de
350 1733 443 1763 Orat.
460 1735 493 1763 ii.
510 1737 540 1765 3.
574 1734 803 1764 Tusculanum
825 1734 921 1764 Cras-

183 1777 224 1814 si,
242 1777 283 1807 ad
298 1778 369 1808 Att.
390 1778 430 1807 iv.
456 1778 503 1807 16.
535 1777 774 1815 Tusculanum,
792 1777 833 1807 ad
849 1777 920 1808 Att.

183 1821 205 1851 i.
228 1823 275 1851 14.
306 1821 468 1861 praedinm
485 1820 675 1860 Q.Fra†1·is.

230 1864 332 1902 Tyba,
346 1865 387 1894 ad
400 1865 474 1894 Div.
486 1862 537 1894 ᾖεν.
554 1867 579 1894 l.
602 1871 696 1894 trans
708 1864 917 1904 Euphraten,

182 1907 249 1938 Sive
266 1909 370 1945 vicus,
387 1909 453 1938 sive
470 1908 546 1938 urbs
560 1908 675 1944 fuerit,
687 1909 841 1947 ignotum
858 1912 920 1938 est.

230 1951 263 1982 T
257 1954 354 1991 gleba,
381 1951 473 1982 Verr.
501 1952 542 1982 iv.
569 1955 620 1982 53.
645 1961 719 1992 pars
746 1953 922 1992 Syracusa-

182 2005 269 2025 rum.

229 2039 463 2076 Tyndaritani,
479 2039 521 2069 ad
536 2038 607 2068 Att.
623 2049 675 2068 xv.
692 2040 722 2069 ΕΞ.
738 2048 757 2068 a
771 2039 922 2078 Tyndari

184 2092 209 2112 s.
228 2081 427 2121 Dmdaride,
443 2083 524 2113 urbe
537 2082 657 2113 Sieiliae
668 2082 709 2112 ad
721 2082 917 2113 Heliconem

186 2136 331 2156 amnem.

232 2169 403 2208 Tyrrhena
433 2180 528 2208 gens,
559 2174 610 2200 est
646 2170 800 2208 Etrusca,
832 2170 921 2209 quod

186 2213 324 2244 Etruria
338 2214 439 2244 etiam
459 2213 643 2253 Tyrrhenia
660 2213 751 2243 dicta
765 2218 827 2244 est.

233 2255 352 2297 Τμνιιε,
369 2258 446 2287 urbs
464 2258 635 2288 Phoenices
651 2257 770 2298 prima.

537 2349 577 2380 V.

231 2430 338 2467 Vada,
356 2429 397 2459 ad
420 2429 494 2460 Div.
518 2430 560 2459 xi.
585 2440 636 2469 ep.
664 2433 712 2461 10.
742 2434 821 2460 sunt
837 2430 922 2460 vada

185 2474 332 2511 Sabatia,
348 2474 470 2503 Sabata
492 2483 517 2503 s.
539 2473 748 2504 §ab-ntorum.
796 2473 920 2504 Sabata

185 2513 257 2547 erat
273 2517 432 2557 oppidum
450 2517 670 2554 maritimum,
687 2518 722 2546 in
738 2527 796 2547 ora
808 2517 920 2547 Genu-

183 2561 268 2597 cnsi,
299 2561 519 2600 praecipuum‚
557 2570 624 2590 non
660 2560 758 2600 longe
792 2562 922 2591 Savona

185 2605 324 2640 distans,
352 2605 405 2634 cui
427 2604 581 2642 adjacent
606 2605 714 2644 campi
741 2604 918 2645 palustres,

184 2648 241 2687 qui
257 2648 351 2677 Vada
365 2648 537 2684 dicuntur,
559 2655 593 2677 ct
609 2648 691 2678 vada
707 2648 917 2679 Sabatini-um

181 2701 241 2721 seu
258 2691 401 2721 Sabatia.
419 2690 549 2721 Cluvcr.
567 2690 640 2721 Ital.
656 2691 735 2722 Ant.
751 2693 772 2722 i.
790 2695 820 2723 8.

227 2735 406 2771 Valentini,
436 2734 528 2765 Verr.
557 2745 586 2763 v.
622 2736 670 2765 16.
701 2746 720 2766 a
751 2736 917 2774 Valentia,

181 2778 303 2818 oppido
326 2778 550 2815 Bruttiorum,
577 2779 665 2816 quod
690 2784 724 2809 et
755 2779 857 2809 Vibmz
883 2785 917 2809 et

183 2822 268 2851 Vibo
287 2821 438 2851 Valentia
454 2821 594 2851 dicitur:
613 2823 836 2862 munkipium
852 2823 919 2853 suit

181 2864 245 2895 illis
260 2865 478 2904 temporibus.
494 2874 522 2895 v.
543 2865 633 2895 Vibo.

226 2909 369 2946 Vardoei,
386 2908 427 2938 ad
442 2909 517 2939 Div.
534 2918 563 2939 v.
580 2919 631 2949 ep.
647 2913 678 2944 9.
700 2908 814 2950 populi
838 2909 920 2940 Dal-

181 2952 306 2982 matiae.

226 2995 405 3026 Vaticanus
430 3005 521 3035 ager,
546 2995 663 3036 Agrar.
690 2995 722 3026 ii.
751 2999 802 3027 35.
829 2996 918 3027 circa

680 199 827 233 INDEX
855 199 1222 236 GEOGRA‘Pmcth.

964 301 1115 328 montem
1128 297 1330 328 Vaticanum
1344 303 1437 329 trans
1445 297 1592 332 Tiberim
1601 300 1705 340 juxta

966 339 1120 371 Romam.

1010 383 1092 421 Veii,
1130 384 1206 414 urbs
1251 385 1404 416 Etruriae.
1449 385 1546 416 Unde
1585 387 1700 418 Veiens

963 436 1064 465 agenn·
1087 433 1122 457 ct
1140 427 1294 467 Veientes,
1311 429 1453 470 populus
1469 430 1627 468 Etruriae,
1642 441 1701 462 cu-

958 470 1014 509 jus
1032 476 1133 510 caput
1148 471 1231 502 Vcii.

1011 513 1193 552 Veientium,
1209 515 1251 545 ad
1272 515 1343 546 Att.
1362 517 1404 548 iv.

967 556 1064 587 Rom.

1012 600 1116 637 Velia,
1132 602 1291 641 oppidum
1315 602 1487 640 Lucaniae,
1509 603 1700 643 proximum

967 643 1067 673 fluvio
1084 642 1197 674 Haleti
1211 657 1218 674 ε
1243 646 1285 675 ad
1304 646 1391 685 quod
1410 651 1462 677 cst
1479 651 1594 687 portus
1610 645 1700 676 Veli-

966 695 1040 716 nus.

1012 729 1117 767 Velia,
1147 731 1187 760 ad
1211 731 1281 762 Att.
1302 733 1356 762 vii.
1385 736 1433 763 13.
1464 733 1555 772 regio
1579 731 1702 763 editior

966 773 1093 811 Romae,
1111 774 1262 804 Palatino
1280 776 1386 805 monti
1402 777 1598 816 propinqua.

1012 817 1182 855 Velienses,
1199 828 1257 859 pro
1275 819 1372 849 Corn.
1389 818 1492 849 Balbo
1504 821 1556 850 24.
1581 818 1701 849 incolae

964 862 1076 900 oppidi
1091 861 1205 892 Veliae.

1012 905 1141 943 Velina,
1172 905 1214 935 ad
1238 905 1310 935 Att.
1337 905 1378 935 iv.
1409 908 1458 936 15.
1485 905 1594 936 tribus
1622 915 1701 946 pop.

965 947 1061 978 Rom.

1013 991 1146 1022 Velinus
1168 994 1271 1029 laem,
1295 993 1336 1023 ad
1357 992 1428 1023 Att.
1451 992 1493 1022 iv.
1517 994 1566 1022 15.
1596 1001 1702 1032 prope

965 1034 1108 1072 Veliam,
1124 1036 1253 1066 urbem.

1012 1077 1208 1118 Veanrtzm',
1246 1079 1364 1109 inoolae
1401 1079 1513 1119 oppidi
1549 1075 1701 1119 Veanri‘,

967 1122 1054 1160 quod
1077 1127 1127 1151 est
1150 1128 1338 1153 extremum
1364 1123 1555 1163 Campaniae
1576 1123 1611 1152 in
1627 1132 1701 1163 sep-

965 1166 1165 1203 tentriones,
1181 1166 1290 1196 nobile
1307 1166 1398 1197 oleis.

1013 1208 1167 1245 l‘enum‘a,
1183 1210 1341 1250 oppidum
1367 1210 1402 1239 in
1425 1210 1546 1240 finibus
1571 1208 1700 1250 Apuliae

965 1256 1006 1282 et
1015 1253 1185 1290 Lucaniae,
1199 1254 1308 1293 patria
1318 1253 1451 1284 Horatii
1459 1252 1568 1283 Flacci
1581 1260 1592 1292 3
1610 1253 1698 1283 unde

966 1296 1132 1326 Venusini.

1009 1340 1174 1377 Vercezssloe,
1190 1339 1231 1369 ad
1246 1340 1322 1370 Div.
1339 1340 1382 1371 xi.
1403 1344 1451 1376 19.
1474 1340 1699 1381 municipium

964 1375 1079 1413 Galliae
1096 1383 1354 1423 Transpadanae.

1009 1428 1215 1463 Vescianum,
1240 1428 1282 1458 ad
1304 1427 1375 1459 Att.
1398 1438 1450 1459 xv.
1473 1429 1505 1459 2.
1535 1426 1702 1469 praedium

963 1480 1064 1511 prope
1096 1471 1243 1501 Vesm‘am
1275 1472 1403 1509 urbem,
1434 1481 1501 1512 non
1533 1467 1657 1512 procul·
1681 1470 1702 1508 a.

964 1515 1166 1545 Minturnis:
1193 1525 1212 1544 a
1231 1525 1296 1554 qua
1313 1521 1429 1545 tamen
1451 1515 1624 1557 Vescinum}
1639 1525 1700 1556 po-

961 1559 1029 1588 tius
1053 1558 1232 1588 dicendum
1256 1559 1357 1589 fuisse
1382 1559 1465 1589 bene
1489 1563 1586 1589 notat
1607 1558 1639 1589 J.
1663 1558 1698 1589 F.

963 1602 1158 1632 Gronovius.
1184 1602 1271 1632 Nam
1288 1611 1323 1632 ct
1341 1602 1495 1632 Vescinus
1513 1602 1642 1643 (Agrar.
1664 1602 1711 1645 ii„

963 1646 1029 1680 25.)
1049 1656 1127 1685 ager
1143 1646 1231 1675 eirca
1244 1647 1410 1683 Vesciam,
1428 1646 1562 1676 dicitur.

1009 1689 1146 1727 Veseris,
1157 1689 1291 1719 locusin
1308 1689 1492 1730 Campania
1505 1690 1566 1721 sub
1582 1692 1699 1720 monte
1716 1708 1718 1710 >

962 1733 1114 1763 Vesuvio.

1008 1777 1101 1814 lf'ibo,
1115 1777 1156 1806 ad
1173 1777 1242 1806 Att.
1253 1777 1298 1806 iii.
1315 1779 1344 1807 3.
1372 1776 1532 1817 oppidum
1548 1775 1700 1807 Bruttio-

962 1830 1049 1855 rum,
1066 1820 1163 1850 hodie
1180 1819 1426 1850 Monte-Leone.
1442 1830 1471 1850 v.
1488 1820 1595 1850 Graev.
1611 1819 1653 1850 ad
1664 1819 1698 1851 h.

961 1863 983 1894 l.
999 1863 1078 1893 olim
1096 1865 1206 1903 Hippo
1222 1864 1362 1894 dictum.
1380 1864 1421 1894 cf.
1439 1864 1557 1894 Strabo
1572 1863 1595 1894 l.
1608 1863 1651 1894 vi.
1664 1873 1697 1904 p.

962 1910 1035 1941 393.
1057 1908 1108 1937 cd.
1135 1908 1253 1938 Almwl.
1278 1913 1313 1937 et
1339 1908 1384 1938 ibi
1405 1907 1475 1938 Vir.
1502 1907 1591 1937 doct.
1614 1907 1697 1937 item

962 1951 1046 1981 Plin.
1076 1952 1123 1982 iii.
1154 1954 1184 1982 5.
1225 1952 1319 1990 cujus
1356 1951 1428 1981 haec
1462 1951 1560 1981 verba
1595 1955 1696 1981 sunt:

963 1994 1086 2034 Hippo,
1124 1992 1212 2034 qiiod
1251 2005 1341 2025 nunc
1382 1995 1539 2025 Vibonem
1578 1994 1699 2024 Valen-

961 2039 1043 2067 tiam
1080 2038 1295 2078 appellamus.
1330 2049 1360 2069 ν.
1397 2037 1572 2069 Valentini.
1608 2037 1697 2068 Hinc

963 2082 1148 2112 Vibonensis
1161 2084 1264 2119 sinus,
1277 2082 1318 2112 ad
1333 2082 1404 2112 Att.
1419 2082 1483 2112 xvi.
1498 2082 1529 2112 6.

1008 2126 1185 2162 Vieentini,
1203 2136 1228 2156 s.
1255 2126 1408 2163 Vicetini,
1424 2126 1466 2155 ad
1486 2126 1562 2156 Div.
1584 2125 1629 2155 xi.
1650 2127 1698 2160 19.

960 2168 1079 2199 incolae
1103 2169 1215 2209 oppidi
1240 2170 1404 2205 l‘i‘eemioe,
1432 2169 1570 2210 (dicitur
1594 2169 1697 2198 etiam

963 2210 1145 2249 Vincentia,
1157 2213 1246 2243 unde
1258 2213 1375 2243 incolae
1387 2210 1598 2254 Vim-entium
1611 2212 1701 2251 quod

961 2256 1064 2286 situm
1090 2256 1153 2286 fuit
1177 2257 1211 2286 in
1236 2255 1645 2297 regionerTranspadana,
1661 2256 1697 2286 in

959 2299 1166 2330 Venetorum
1182 2301 1314 2331 finibus.
1717 2307 1719 2309 ’

1007 2343 1147 2381 Ρῖεηηιι,
1164 2344 1205 2374 ad
1230 2345 1306 2375 Div.
1328 2355 1360 2374 x.
1386 2348 1417 2378 9.
1448 2343 1526 2374 urbs
1548 2342 1700 2374 Allobro-

961 2396 1055 2426 gum,
1073 2387 1106 2416 in
1123 2386 1233 2418 Gallia
1245 2387 1466 2417 Narbonensi.
1659 2395 1673 2424 J

1008 2430 1211 2468 ΡίἐεεΙΙὶηιιε,
1237 2431 1277 2461 de
1303 2431 1410 2461 Amic.
1434 2431 1469 2460 ii.
1494 2441 1514 2460 a
1539 2429 1714 2469 Viscellis,'

961 2474 1083 2514 oppido
1107 2474 1234 2516 Norici,
1261 2484 1335 2514 qnae
1361 2479 1411 2504 est
1437 2475 1608 2514 provincia
1631 2474 1718 2505 R0-·

963 2528 1064 2547 mana
1078 2518 1168 2548 inter
1182 2519 1377 2549 Danubium
1394 2527 1528 2548 amnem
1551 2522 1587 2548 et
1606 2518 1697 2559 alpes

961 2560 1111 2591 Noricas.

1006 2605 1173 2635 Vitnloeima
1188 2606 1254 2642 via,
1271 2604 1313 2634 ad
1330 2604 1395 2644 Qu.
1407 2604 1459 2635 Fr.
1475 2604 1522 2635 iii.
1542 2607 1568 2635 l.
1585 2606 1615 2635 2.
1632 2604 1699 2636 fuit

959 2649 995 2678 in
1021 2649 1187 2688 Arpinati.
1231 2648 1319 2678 Nam
1346 2658 1364 2678 e
1387 2647 1560 2678 Manliano
1583 2648 1698 2679 fratris

959 2692 1096 2731 praedio,
1114 2692 1201 2731 quod
1222 2693 1257 2722 in
1274 2692 1427 2732 Arpinati
1448 2696 1532 2728 erat,
1547 2696 1640 2721 reeta
1660 2692 1698 2722 in

961 2735 1172 2766 Fufidianum
1187 2735 1354 2766 Vitularia
1366 2735 1420 2765 via
1434 2734 1604 2775 profectus
1619 2739 1672 2765 est
1685 2746 1696 2774 ;

960 2779 1049 2818 quod
1064 2781 1098 2809 in
1114 2779 1231 2809 eodem
1247 2789 1326 2818 agro
1340 2783 1423 2809 erat.
1439 2778 1482 2808 cf.
1497 2777 1630 2809 Manut.
1653 2778 1697 2809 ad

961 2822 993 2852 h.
1011 2823 1117 2862 Epist.
1341 2853 1347 2856 ,

1005 2867 1158 2903 Vocontii,
1185 2865 1225 2895 ad
1256 2866 1332 2896 Div.
1357 2876 1390 2896 x.
1417 2875 1470 2906 ep.
1498 2866 1551 2897 23.
1579 2864 1697 2906 populi

961 2903 1076 2939 Galliae
1097 2908 1338 2949 Transalpinae,
1355 2918 1497 2949 quorum
1519 2908 1622 2949 caput
1636 2907 1697 2939 I‘b-

960 2963 1035 2983 rum
1056 2954 1291 2983 Vocontiorum.

1006 2997 1196 3034 Volaterroe,
1216 2996 1377 3037 oppidum
1397 2997 1554 3029 Etruriae.
1597 2994 1697 3027 Unde

1425 517 1473 547 16.
1498 517 1606 546 tribus
1621 526 1700 557 pop.
