1804 3178
689 90 834 120 mnu
866 89 997 119 Lam«
1003 91 1156 122 nans.

151 174 267 208 sedin
290 175 352 208 hoc
376 177 448 210 loeo
470 178 573 220 ponis
594 177 698 209 etiam
721 177 885 217 interpre-

152 219 237 250 tari:
262 222 455 260 gratificari,
471 221 522 252 vel
538 221 703 260 mitigare.
727 219 886 259 ‘elegan-

147 266 204 293 ter
212 264 314 294 etiam
329 265 371 295 ad
381 266 422 306 Q.
435 265 513 296 Fr-i.
525 268 552 295 1.
562 274 591 294 c.
604 267 631 294 1.
641 263 730 295 ultro
743 264 882 303 negotiis

145 315 316 338 mirere
337 308 472 344 dicitur,
487 308 542 347 qui
564 307 704 338 libenter
717 310 751 336 et
767 306 882 337 alacri-

149 354 204 380 ter
231 351 381 391 suscipit.
424 355 444 373 θ
459 357 510 381 cst
539 360 643 390 genus
677 350 809 380 honoris
845 356 878 381 et

147 393 258 424 officii.
302 394 344 424 ad
374 395 444 425 Att.
475 394 510 424 ii.
536 395 589 424 22.
619 393 735 423 domus
768 398 879 424 nostra

144 435 352 467 celebratur:
382 438 576 468 occurritur.
608 437 671 467 vid.
694 439 878 468 occursatio.

145 478 270 510 ‘vern
288 480 335 510 iii.
357 483 409 514 27.
438 481 685 520 quamprimum
709 480 807 511 aliam
831 481 876 510 ci-

145 522 284 553 vitatem
306 533 495 554 occurrere.-
522 523 554 554 h.
571 534 599 553 e.
624 525 657 554 in
681 524 779 554 aliam
802 534 876 554 cur·

145 574 230 596 rere.
245 565 310 596 vid.
327 565 469 607 interpr.
486 567 527 597 ad
549 568 684 597 Suc-ton.
701 567 805 607 Calig.
824 568 876 597 26.

193 607 391 647 Oce-arsatio,
407 620 512 651 genus
527 611 638 647 officii,
656 611 743 650 quod
763 611 878 641 candi·

138 650 230 682 datis
260 658 446 692 prestatur.
477 653 587 684 Plane.
621 657 666 685 12.
698 653 804 684 facilis
827 660 877 685 est

141 693 206 769 inl?¹
214 698 388 727 occursatio
403 701 438 728 et
454 697 616 728 blanditia
630 697 807 738 popularis.
833 697 875 728 cf.

183 738 193 768 i
209 761 218 768 .
233 741 286 770 35.

189 780 402 823 Octophorum
439 789 474 814 et
515 783 723 824 omophorus,
756 782 876 814 lectica

141 834 218 864 quae
236 826 277 856 ab
292 831 368 857 octo
385 826 574 857 hominibus
590 832 752 867 portatur.
767 827 808 867 Ω.
826 827 877 858 Fr.

143 868 178 898 ii.
198 871 246 900 10.
277 869 334 900 sed
350 870 443 900 Verr.
459 881 487 899 v.
508 873 557 900 11.
588 875 625 900 ut
642 880 712 900 mos
734 870 798 902 fuit
820 870 876 901 Bi-

140 911 269 951 thyniae
295 913 440 953 regibus,
464 913 584 944 lectica
607 914 768 953 octaphoro
790 913 874 944 fere-

141 954 250 986 batur.
281 966 311 987 v.
327 956 417 997 Lips.
440 956 545 988 Eleet.
562 958 582 987 i.
603 959 651 992 19.
675 961 709 988 et
725 956 816 988 voss.
831 957 872 988 ad

141 997 269 1029 catull.
286 1009 318 1039 p.
334 1001 388 1030 24.

188 1041 348 1073 Oculatus
377 1053 463 1084 pass.
493 1054 552 1084 pro
582 1045 792 1084 conspicuus.
829 1043 870 1075 ad

137 1082 209 1117 Att.
223 1086 266 1116 ἰν.
282 1086 313 1117 6.
344 1086 399 1117 ubi
416 1087 496 1117 olim
520 1087 692 1127 legebatur
705 1089 868 1126 occultior,

140 1127 241 1159 male.
278 1139 357 1160 nam
382 1131 559 1170 respondet
582 1131 681 1162 verbo
707 1131 873 1171 apparuit.

137 1171 194 1202 Sic
210 1177 246 1203 et
259 1172 315 1203 alii
332 1173 456 1211 dixere,
471 1180 510 1205 ut
525 1174 648 1205 Lexica
662 1174 795 1205 docent.

186 1214 332 1254 Odiosus,
347 1216 388 1247 de
411 1224 616 1255 accusatore,
631 1218 687 1256 qui
704 1227 797 1248 reum
820 1218 874 1248 ni-

141 1258 206 1289 mis
221 1264 332 1300 urget,
352 1259 445 1290 nulla
467 1262 594 1291 ratione
618 1260 754 1301 placari,
770 1265 817 1298 et,
834 1268 872 1292 ut

137 1311 218 1334 eum
244 1303 408 1342 dimittat,
435 1305 558 1335 moveri
589 1307 709 1344 potest.
745 1304 820 1335 Act.
849 1305 874 1335 i.

136 1344 231 1377 Verr.
254 1348 301 1377 12.
330 1347 423 1378 Verr.
439 1348 481 1378 iv.
497 1350 549 1379 20.
579 1348 598 1366 ‘
609 1347 744 1388 putidus
762 1349 796 1378 in
812 1348 872 1378 ali-

135 1399 205 1430 qua
218 1399 265 1421 re.
287 1390 346 1422 Or.
361 1391 408 1421 iii.
429 1394 479 1422 13.
501 1391 564 1421 Off.
582 1391 604 1421 i.
621 1394 674 1424 37.

184 1431 281 1464 odivi
294 1444 354 1475 pro
369 1434 438 1472 odi,
452 1439 504 1465 est
518 1433 602 1464 Phil.
618 1434 686 1464 xiii.
706 1436 755 1469 19.

183 1475 319 1515 Odium,
338 1477 444 1508 fastus
467 1482 503 1508 et
524 1478 774 1518 importunitas,
797 1486 871 1516 quae

134 1519 244 1552 odium
260 1520 353 1551 facit.
377 1520 582 1556 Cluent.-39.
614 1521 702 1561 quod
717 1526 790 1550 erat
805 1520 871 1551 odi-

135 1573 207 1601 um,
224 1563 281 1594 Dii
297 1563 516 1601 immortales,
532 1574 606 1604 quae
621 1563 786 1604 superbia.
815 1564 869 1594 Sic

134 1605 226 1648 apud
239 1606 377 1638 Terent.
391 1607 534 1648 Adelph.
549 1618 579 1638 v.
594 1611 626 1639 4.
647 1610 696 1642 17.
725 1606 869 1638 tunden-

138 1649 182 1680 do
210 1653 310 1690 atque
336 1651 403 1682 odio
439 1650 582 1690 denique
611 1651 722 1681 effecit
758 1660 869 1681 senex.

135 1693 258 1734 Hecyr.
276 1694 323 1724 iii.
335 1696 367 1725 2.
381 1697 411 1726 8.
435 1703 606 1734 nunquam
621 1694 718 1725 bodie
729 1694 796 1724 odio
811 1699 872 1725 tuo

133 1745 189 1767 me
203 1737 329 1775 vinces,
340 1741 375 1768 et
387 1737 459 1768 aliis
476 1737 556 1768 locis
569 1738 678 1768 odium
694 1737 816 1768 dicitur
830 1738 870 1769 de

132 1789 182 1818 re,
189 1789 264 1819 quae
275 1781 388 1811 odium
402 1781 496 1819 facit,
505 1780 642 1820 aliisque
655 1780 795 1812 molesta
806 1787 868 1812 est.

181 1823 280 1862 Odor,
309 1823 389 1855 levis
418 1825 574 1865 suspicio.
614 1825 716 1856 Attio.
745 1825 786 1854 iv.
820 1825 869 1856 16.

132 1866 211 1897 odor
231 1866 418 1898 dictaturae.
443 1868 578 1899 Cluent.
594 1869 647 1901 27.
672 1868 748 1898 odor
765 1869 871 1908 suspi-

132 1909 251 1941 cionis.
269 1909 393 1942 *Vera
410 1921 439 1941 v.
455 1912 508 1942 61.
523 1911 616 1942 odore
630 1910 740 1951 aliquo
756 1910 868 1951 legum

134 1957 305 1984 recreatus
327 1954 510 1985 revixisset.
535 1954 624 1985 ¹‘Or-
648 1955 696 1985 iii.
718 1957 770 1985 40.
794 1955 870 1985 odor

134 1996 349 2036 urbanitatis,
388 1997 566 2028 mollitudo
605 1997 870 2029 humanitatis-

131 2044 214 2070 sunt
229 2039 331 2071 ducta
347 2050 367 2070 a
381 2041 500 2071 ceteris
515 2041 676 2072 sensibus.

176 2081 316 2114 Odorari
337 2093 397 2124 pro
419 2088 589 2124 appetere,
615 2089 654 2115 ut
669 2084 748 2124 Agr.
763 2085 797 2115 ii.
813 2087 867 2116 24.

131 2125 394 2158 decemviratum
411 2128 551 2158 odorari.

173 2169 287 2201 OEnus
309 2171 446 2211 antique
470 2180 530 2211 pro
552 2179 651 2201 unus.
674 2169 756 2210 Leg.
771 2170 818 2201 iii.
835 2173 867 2202 3.

130 2222 223 2245 enus
238 2223 280 2244 ne
296 2213 440 2254 amplius
453 2224 510 2245 sex
527 2223 656 2245 menses
671 2213 731 2244 διο.

175 2254 266 2297 (Miz.
301 2257 379 2288 Div.
410 2258 444 2288 ii.
476 2260 529 2288 35.
562 2254 632 2296 offa
662 2256 787 2297 pultis:
820 2267 867 2288 sc.

133 2309 210 2340 quae
232 2300 389 2339 objicitur
412 2299 512 2341 pullis
538 2299 762 2340 auguralibus.
807 2299 868 2332 Est

129 2347 246 2374 autem
269 2341 338 2383 offo
361 2345 491 2384 proprie
517 2343 633 2383 globus
655 2343 771 2374 farinae
788 2353 867 2374 con-

129 2395 262 2427 spersae.
276 2386 377 2426 μάζα,
393 2386 490 2426 hen,
507 2397 565 2427 pro
587 2397 654 2426 quo
668 2387 795 2418 AEolice
819 2386 869 2417 di-

123 2429 215 2461 eitur
233 2428 331 2467 ἔπη,
361 2431 449 2461 unde
472 2431 614 2461 latinum
640 2427 718 2470 qffiz.
743 2439 774 2461 v.
796 2430 866 2461 Sal-

125 2481 214 2507 mas.
230 2473 273 2504 ad
287 2473 390 2504 Solin.
405 2484 438 2514 p.
454 2477 507 2509 90.
524 2477 598 2507 537.

174 2513 358 2558 &endere
373 2518 478 2549 Attic.
496 2527 527 2548 ι.
543 2520 574 2548 4.
598 2513 760 2556 offendere
776 2516 865 2556 apud

125 2559 273 2601 aliquem
289 2559 329 2590 de
345 2560 455 2601 aliqua
472 2570 518 2591 re.
550 2560 569 2579 *
582 2559 717 2590 Cluent.
732 2561 786 2591 23.
817 2557 864 2600 of—

109 2601 262 2644 findere
275 2604 364 2644 apud
373 2603 524 2643 judices:
541 2604 562 2634 i.
574 2614 604 2634 e.
617 2602 831 2634 condemnari
843 2611 864 2632 a

117 2646 301 2686 judicibus.
316 2647 336 2666 ¹*
346 2647 524 2679 infeliciter
535 2656 604 2677 rem
614 2656 738 2686 gerere.
751 2645 861 2676 adDi-

124 2698 210 2721 vers.
225 2690 260 2720 ii.
281 2692 331 2722 18.
353 2691 406 2722 sin
425 2690 506 2730 quid
525 2687 709 2730 offenderit,
726 2689 785 2719 sibi
809 2693 861 2719 to·

120 2736 210 2769 tum.
221 2731 305 2764 nihil
319 2733 381 2765 tibi
393 2732 576 2775 offenderit.
592 2743 622 2764 v.
634 2730 773 2773 offensio.
797 2731 859 2762 Ce-

119 2780 234 2807 terum
250 2775 290 2806 de
305 2776 369 2808 hoc
383 2778 484 2810 verbo
499 2777 672 2809 v.Manut.
684 2775 725 2807 ad
741 2775 803 2815 Ep.
818 2773 860 2805 ad

120 2812 202 2853 Div.
217 2828 247 2850 v.
266 2821 316 2851 14.
339 2819 361 2840 ⁶
374 2819 500 2853 Caecin.
521 2821 575 2854 36.
603 2820 637 2850 Si
660 2818 740 2859 quid
760 2815 862 2859 ‹ffin-

125 2861 270 2897 dendum
285 2863 342 2905 sit,
357 2863 380 2897 i.
393 2874 425 2898 e.
441 2862 766 2909 reprehendendum.

1572 88 1655 136 ³7³

975 175 1127 218 (Μἐηιὶο,
1144 178 1323 213 calamitas.
1345 182 1460 215 Manil.
1475 190 1504 219 9.
1520 183 1652 226 offensio

924 219 1014 252 belli.
1030 221 1072 251 cs.
1087 222 1127 252 ad
1143 222 1234 261 Quir.
1255 227 1281 254 1.
1304 228 1472 258 ’ωσι-ἔως.
1493 229 1592 260 ’rus-e.
1606 232 1648 262 iv.

927 266 975 294 14.
1008 262 1191 304 offensiones
1221 269 1402 307 corporum.
1433 272 1473 301 ef.
1503 272 1542 301 ad
1569 274 1646 305 Div.

923 307 986 337 xvi.
1021 311 1069 338 10.
1107 309 1124 326 ·
1138 309 1276 348 repulsa.
1310 312 1440 344 clm-nt.
1471 315 1523 345 25.
1559 317 1647 354 quod

922 349 1116 381 aedilitatetn
1146 357 1256 391 petere
1279 364 1353 384 cuni
1378 356 1562 388 bominibus
1590 369 1648 389 no-

921 392 1101 430 bilissimis,
1115 400 1149 424 et
1158 391 1357 433 offensionem
1373 400 1488 429 timere
1505 400 1647 434 dicebat.

921 437 941 454 ⁸
954 436 1087 468 Cluent.
1103 441 1154 469 50.
1170 437 1373 475 judiciorum
1392 440 1582 481 offensiones,
1597 444 1648 475 di-

919 487 1045 511 cuntur
1074 481 1301 520 corruptiones
1332 484 1496 522 judicum,
1527 488 1645 526 quibus

914 523 1042 562 judicia
1058 524 1091 554 in
1108 524 1219 554 odium
1237 525 1348 565 populi
1366 528 1512 558 veniunt.
1535 529 1645 560 ‘'rus-

921 567 986 598 cul.
1006 568 1046 597 iv.
1068 570 1113 598 11.
1135 565 1264 607 offensio
1287 570 1493 608 aegrotationi
1517 579 1645 604 contra-

920 611 968 640 ria
984 610 1062 649 quid
1079 611 1121 640 sit
1134 612 1145 640 Ρ

967 651 1223 693 Offensiuncula,
1239 654 1380 695 repulsa.
1405 654 1517 687 Plane.
1534 658 1587 688 21.

966 694 1125 736 Offensus.
1150 698 1293 729 odiosus.
1317 698 1416 729 Catil.
1441 699 1462 729 i.
1486 703 1517 733 7.
1544 701 1570 730 si
1593 710 1644 732 me

919 740 999 769 meis
1015 741 1138 771 civibus
1158 739 1316 781 offensum
1332 742 1484 773 viderem.
1502 742 1544 773 cf.
1561 743 1641 774 Clu-

918 788 986 813 ent.
1009 787 1059 814 58.
1092 781 1162 814 inv.
1179 785 1200 814 i.
1216 788 1267 819 49.
1295 782 1449 825 offensum
1476 791 1540 824 est,
1559 787 1646 826 quod

921 826 1126 857 audientium
1144 828 1271 857 animos
1286 827 1382 858 laesit.
1399 828 1440 858 cf.
1463 829 1531 859 Att.
1548 830 1581 860 ii.
1598 834 1644 865 19.

919 869 999 899 nibil
1012 875 1063 901 est
1073 875 1141 900 tam
1154 869 1310 910 offensum
1323 881 1434 910 quam.
1447 873 1506 903 διο.
1524 873 1542 891 ⁹
1551 873 1644 904 Verr.

918 913 952 942 ii.
978 916 1030 947 47.
1069 914 1268 944 existimatio
1295 912 1440 954 offensa.-
1477 916 1498 946 i.
1521 925 1550 946 e.
1577 926 1646 947 ma-

916 955 959 986 la.
996 956 1117 987 ‘vei-r.
1151 958 1184 987 ii.
1214 958 1266 991 76.
1305 958 1423 988 statim
1452 960 1638 999 suspicione

916 997 1039 1038 offero-i,
1061 1000 1102 1030 ad
1123 1009 1163 1030 ea
1187 1001 1258 1040 ipsa
1280 1002 1416 1032 nomina
1437 1002 1548 1032 oculos
1572 1003 1645 1033 ani-

919 1052 1077 1082 mumque
1107 1043 1351 1074 transtulimus.
1395 1044 1518 1076 Eodem
1548 1045 1646 1076 modo

918 1085 1053 1123 dicitur,
1070 1090 1108 1116 ut
1134 1096 1186 1126 ap.
1213 1087 1290 1117 Ter.
1313 1088 1346 1117 in
1369 1087 1471 1119 Andr.
1494 1089 1641 1129 percuti:

917 1130 1080 1169 percussit
1096 1129 1184 1160 illico
1200 1130 1361 1160 animum.

965 1170 1105 1212 Qfflwre,
1132 1182 1301 1213 apparere,
1332 1174 1435 1211 cerni,
1462 1173 1646 1205 ostendere.

918 1215 993 1247 Div.
1010 1216 1032 1245 i.
1048 1217 1099 1247 36.
1116 1215 1172 1247 Dii
1190 1217 1250 1257 ipsi
1266 1226 1299 1246 se
1313 1217 1404 1247 nobis
1416 1226 1481 1246 non
1493 1215 1644 1256 offerunt.

917 1259 1012 1289 Rosc.
1036 1259 1075 1289 A.
1099 1261 1150 1290 31.
1186 1269 1221 1289 os
1244 1257 1371 1299 offerre.
1401 1259 1420 1277 ‘
1436 1259 1564 1290 obviam
1588 1261 1646 1291 ire.

915 1302 957 1332 ad
973 1302 1049 1332 Div.
1065 1303 1108 1334 vi.
1126 1305 1178 1334 ‘20-
1204 1302 1455 1333 advenientibus
1470 1308 1503 1333 te
1515 1300 1644 1343 (fferre.

913 1345 1096 1383 *objicere
1121 1345 1210 1376 Sext.
1244 1349 1270 1376 1.
1303 1343 1421 1385 offerre
1445 1346 1587 1376 salutem
1611 1347 1645 1378 in

914 1387 1104 1419 discrimen.
1128 1389 1224 1420 Offic.
1248 1390 1270 1420 i.
1295 1391 1346 1420 2-1.
1369 1387 1487 1429 offerre
1508 1399 1542 1420 se
1559 1390 1646 1430 peri-

914 1431 1008 1462 culis.
1040 1436 1059 1454 ὓ
1073 1433 1162 1462 Sext.
1179 1433 1210 1463 6.
1237 1433 1263 1462 si
1282 1432 1336 1471 qui
1354 1432 1505 1462 fecerunt
1519 1432 1645 1472 aliquid

914 1474 1105 1515 aliquando,
1122 1479 1219 1515 atque
1236 1475 1335 1505 iidem
1354 1485 1443 1505 nune
1465 1481 1592 1514 tacent,
1609 1482 1645 1507 et

913 1519 1102 1558 quiescunt,
1118 1528 1177 1549 nos
1199 1528 1329 1558 quoque
1351 1519 1454 1549 simus
1474 1518 1586 1549 obliti:
1615 1521 1644 1550 si

913 1562 970 1602 qui
985 1571 1020 1593 se
1033 1559 1176 1601 offerunt
1191 1562 1372 1592 insolenter
1388 1567 1422 1591 et
1438 1563 1646 1593 insectantur

914 1606 974 1635 διε.
1019 1605 1166 1636 Graevius
1198 1604 1341 1636 malebat
1370 1615 1387 1634 e
1418 1604 1519 1635 Codd.
1550 1605 1662 1636 MSS.

913 1649 1067 1679 efferunt.
1105 1649 1169 1679 Sed
1191 1648 1302 1689 paullo
1318 1654 1391 1688 post
1406 1647 1491 1678 idem
1508 1651 1558 1678 est
1573 1658 1645 1678 ver-

914 1692 1013 1723 bum:
1041 1701 1147 1731 neque
1164 1701 1363 1731 quemquam
1383 1688 1522 1731 offendet
1537 1692 1643 1722 oratio

913 1745 998 1773 mea,
1015 1735 1076 1765 nisi
1092 1736 1148 1775 qui
1164 1745 1198 1765 se
1215 1735 1262 1765 ita
1277 1734 1449 1772 obtulerit,
1463 1739 1500 1764 ut
1516 1735 1548 1765 in
1566 1745 1643 1766 eum

913 1788 978 1809 non
1016 1779 1183 1815 invasisse,
1213 1778 1270 1809 sed
1299 1778 1431 1808 irruisse
1462 1777 1643 1809 videamur.

911 1822 930 1840 ¹*
944 1822 1104 1852 resistere.
1129 1821 1171 1852 ad
1186 1820 1280 1851 Brut.
1301 1824 1348 1851 15.
1371 1826 1485 1852 statim
1510 1831 1562 1851 me
1575 1822 1643 1852 An·

910 1865 994 1895 tonii
1016 1865 1129 1895 sceleri
1151 1865 1260 1895 obtuli.
1291 1864 1416 1894 *Rosa
1441 1863 1479 1894 A.
1507 1866 1555 1896 13.
1586 1864 1642 1904 qui

913 1914 1055 1939 mortem
1071 1909 1221 1939 obtulen't
1237 1907 1378 1948 parenti.

958 1951 1106 1993 Qfficere,
1122 1956 1173 1982 est
1193 1951 1335 1992 proprie,
1351 1949 1490 1980 liberum
1507 1959 1639 1991 prospe-

912 2002 1005 2027 ctum
1037 1994 1208 2035 impedire,
1240 1994 1380 2024 obstare.
1417 1991 1482 2023 Off.
1510 1993 1556 2023 iii.
1591 1994 1640 2024 16.

910 2048 1050 2078 quorum
1076 2037 1219 2069 altitudo
1243 2036 1379 2078 officeret
1407 2036 1569 2076 auspiciis.
1595 2036 1637 2067 cs.

910 2083 968 2114 Or.
994 2081 1016 2111 i.
1042 2084 1095 2116 39.
1117 2080 1216 2112 Tusc.
1240 2090 1270 2110 v.
1295 2081 1346 2111 32.
1369 2078 1447 2109 hinc
1469 2078 1641 2119 eleganter

908 2131 972 2162 est,
999 2124 1174 2155 commoda
1202 2122 1340 2161 alicujus
1368 2121 1540 2160 impedire,
1566 2122 1637 2153 lau-

908 2168 985 2200 dem
1003 2167 1142 2205 alicujus
1159 2167 1273 2204 majori
1297 2165 1393 2195 laude
1415 2165 1612 2196 imminuere
1628 2177 1636 2196 :

909 2212 990 2243 item
1008 2220 1124 2241 nocere
1148 2210 1181 2240 in
1202 2218 1333 2249 genere.
1351 2208 1461 2238 Rabir.
1478 2208 1565 2238 Post.
1586 2209 1635 2240 16.

910 2264 972 2285 nec
1006 2255 1128 2284 mentis
1162 2252 1344 2284 luminibus
1371 2250 1468 2291 efficit
1493 2250 1636 2282 altitudo

909 2298 1066 2329 furtunae.
1090 2297 1184 2327 Brut.
1205 2298 1254 2329 17.
1278 2295 1396 2325 horum
1410 2295 1548 2324 concisis
1560 2304 1636 2326 sen·

908 2341 1023 2372 tentiis
1045 2339 1141 2381 officie
1161 2338 1395 2378 Theopompus
1418 2336 1562 2367 elatione
1586 2344 1637 2368 at·

908 2394 972 2424 que
996 2382 1172 2414 altitudine
1195 2382 1352 2412 orationis
1375 2389 1454 2410 suae.
1478 2380 1572 2412 Rosc.
1595 2381 1634 2413 A.

913 2430 967 2460 38.
991 2436 1028 2457 ac
1047 2427 1127 2457 meis
1143 2424 1324 2457 commodis
1341 2424 1451 2454 obstas
1465 2428 1500 2453 et
1515 2423 1624 2464 officis.

953 2469 1105 2511 (micina,
1121 2467 1285 2508 quomodo
1304 2467 1435 2497 differat
1450 2477 1470 2496 a
1482 2467 1635 2504 taberna,

905 2513 970 2544 vid.
987 2513 1119 2544 Manut.
1136 2511 1177 2542 ad
1194 2512 1253 2552 Ep.
1271 2510 1312 2540 ad
1329 2510 1403 2541 Div.
1419 2510 1484 2540 viii.
1499 2510 1528 2541 6.
1549 2509 1634 2541 lllud

907 2562 1020 2588 autem
1036 2555 1168 2595 elegans
1185 2558 1234 2584 est
1249 2565 1256 2584 ε
1283 2552 1363 2592 Leg.
1379 2553 1401 2583 i.
1422 2555 1470 2584 13.
1493 2553 1635 2594 philoso-

904 2599 975 2642 phi,
992 2600 1048 2638 qui
1065 2599 1154 2638 qutssi
1171 2596 1318 2639 officinas
1331 2596 1562 2628 instruxerunt
1585 2606 1636 2628 sa-

904 2643 1053 2685 pientiae.

1036 2687 1119 2722 ium,
1145 2684 1225 2715 Her.
1242 2683 1277 2714 ii.
1296 2686 1347 2718 17.
1369 2682 1551 2724 opponitur
1566 2691 1635 2712 ma-

905 2729 1024 2760 lefleio.
1051 2727 1130 2759 ibid.
1161 2730 1188 2758 1.
1220 2726 1325 2771 qffi'cia
1354 2726 1444 2756 artis.
1474 2726 1546 2755 ¹'an
1574 2724 1634 2754 hoe

906 2772 1041 2803 verbum
1064 2772 1144 2803 satis
1166 2771 1332 2812 exprimat
1348 2769 1538 2800 Graecorum
1556 2767 1636 2798 ⁸⁸8-

903 2815 995 2850 fi'auo?
1025 2824 1054 2845 v.
1072 2814 1141 2846 Att.
1160 2815 1223 2846 xvi.
1243 2816 1292 2846 14.
1314 2813 1333 2831 ⁸
1345 2822 1454 2854 opera.
1469 2819 1638 2842 commen-

905 2859 1040 2932 ἀιῐοήῗ,
1051 2857 1208 2899 officium.
1227 2857 1377 2891 Herenn.
1392 2856 1427 2888 ii.
1447 2858 1496 2888 10.
1519 2853 1636 2893 honen,

983 2909 1003 2933 Β
1055 2905 1074 2934 3
