1804 3178
624 158 768 187 mmsx
801 160 933 188 LATIN
940 161 1092 189 ITAUS.

150 244 448 277 &ntractiunculm
472 245 574 277 Tuse.
591 246 638 276 iii.
654 249 705 277 34.
733 246 830 286 aegri-

101 289 186 320 tudo
201 290 331 320 sublata
349 291 413 321 erit
436 298 594 320 merens:
627 299 754 319 morsus
779 295 828 319 ta-

102 341 180 362 men
196 338 231 363 et
246 335 529 365 contractiuncula·
547 332 699 372 quaedam
723 333 827 363 animi

103 375 348 416 relinquentur.

149 421 350 458 (butt-actus,
377 429 509 460 parvus,
535 419 701 457 infirmus,
729 419 826 449 dimi-

99 468 213 494 nutuS.
245 464 324 495 Cael.
342 466 394 493 31.
424 473 497 502 quae
514 463 623 493 studia
640 464 673 493 iu
690 463 739 493 his
750 463 824 501 jam

99 507 253 537 oetatibus
284 507 406 537 nostris
436 508 649 537 contractiora
676 515 746 536 csse
770 506 825 536 de-

99 549 191 580 bent.
220 550 261 581 ad
278 550 352 581 Div.
369 550 423 579 vii.
440 553 492 580 31.
525 555 660 591 propter
682 560 732 580 res
748 554 824 580 tuas

98 593 146 623 ita
161 599 363 631 contractas,
379 598 419 623 ut
443 603 503 623 nec
519 599 619 633 caput
636 603 696 623 nec
714 593 823 633 pedes.

98 637 244 667 ‘inevis-
281 637 376 668 Brut.
401 641 453 668 31.
489 639 682 667 contractior
704 638 822 667 oratio.

97 682 317 720 ‘susceptus,
341 681 458 718 initus,
478 681 518 711 de
542 682 696 719 negotiis,
721 681 823 720 inpri-

94 722 159 753 mis
183 723 394 764 pecuniariis.
425 725 495 755 Att.
522 725 576 754 vii.
604 728 634 758 7.
669 724 749 763 quid
778 725 822 753 sit

93 767 273 807 optimum,
292 767 377 797 male
400 771 570 798 contractis
593 768 702 804 rebus,
723 767 820 807 plane

95 809 202 840 video.
231 810 312 841 Suu.
327 812 380 842 20.
407 813 534 842 ratione
551 820 672 850 magna
690 813 748 851 (sc.
766 820 821 850 pe-

92 854 255 893 cuniaria)
292 859 457 886 contracta
494 865 570 885 cum
608 854 820 884 Mauritaniae

93 905 182 937 rege.
221 898 285 929 Off.
315 899 337 929 i.
371 901 401 929 5.
432 908 542 929 rerum
577 902 820 928 contractarum

93 940 186 971 fides.
217 941 329 972 Rabir.
357 941 444 972 Post.
471 946 502 976 9.
533 941 594 971 hoc
619 941 723 971 semel
748 950 819 970 sus-

92 990 190 1025 cepto
209 988 317 1025 'atque
347 989 518 1015 contracto.
559 985 669 1023 *Leg.
701 986 733 1015 ii.
765 986 818 1014 22.

91 1037 232 1068 queque
262 1029 296 1058 in
323 1038 424 1068 porca
447 1033 613 1059 contracta
639 1029 718 1066 jura
739 1029 816 1057 sint.

91 1069 195 1102 Porca
217 1076 383 1109 contracta
406 1081 476 1102 esse
500 1072 635 1108 dicitur,
656 1081 731 1101 eum
757 1071 816 1101 ali-

90 1114 173 1154 quid
197 1115 436 1153 committitur,
461 1115 549 1155 quod
577 1125 675 1155 porca
699 1116 817 1144 immo-

89 1156 190 1188 landa
208 1158 410 1200 expiandum
435 1165 498 1196 est,
515 1169 587 1199 quae
612 1158 818 1198 praecidanea

88 1200 222 1232 dicitur.
268 1202 423 1233 Davisius
440 1203 553 1233 laudat
569 1202 654 1232 Gell.
671 1203 712 1232 iv.
729 1203 759 1231 6.
776 1201 817 1231 ad

89 1253 122 1285 q.
139 1245 161 1276 l.
181 1255 210 1275 v.
234 1244 317 1276 lntt.
363 1246 451 1277 Nam
475 1247 622 1276 contrahi
646 1245 817 1282 dicuntur,

88 1298 162 1328 quae
179 1289 273 1319 nobis
290 1289 389 1330 culpa
402 1297 517 1320 nostra
531 1295 565 1320 et
580 1292 716 1329 peccato
733 1289 818 1319 aeci-

88 1332 174 1364 dunt
189 1337 225 1363 et
241 1333 458 1374 perpetienda
473 1338 562 1364 sunt.
587 1343 616 1362 v.
633 1337 668 1362 et
682 1332 723 1362 ad
738 1333 815 1363 Div.

87 1385 119 1406 x.
138 1378 188 1407 18.
213 1386 280 1406 non
296 1377 363 1407 suis
379 1379 562 1414 contractis,
575 1377 595 1407 i.
613 1386 642 1406 e.
659 1376 814 1416 peccatis.

137 1419 342 1457 Camtraloere,
373 1421 412 1451 de
450 1421 503 1458 iis,
534 1420 588 1460 qui
620 1421 815 1450 societatem

87 1463 123 1493 in
153 1464 290 1503 negotio
320 1463 432 1503 aliquo
462 1464 654 1504 pecuniario
685 1464 816 1493 ineunt.

86 1506 205 1547 Quint.
226 1510 275 1538 ll.
298 1508 354 1546 qui
373 1517 449 1538 cum
463 1508 672 1538 contraxisset
691 1507 749 1547 (sc.
764 1516 817 1536 so-

86 1549 260 1589 cietatem)
284 1551 385 1582 Tuse.
410 1561 440 1582 v.
463 1552 515 1582 36.
547 1551 602 1591 qui
627 1550 709 1581 nihil
737 1559 813 1580 cum

85 1594 209 1634 populo
237 1596 444 1632 contrahunt,
471 1595 491 1625 i.
520 1604 550 1625 e.
582 1594 665 1624 nihil
695 1601 814 1633 agunt,

86 1645 153 1667 non
169 1642 292 1678 petunt
307 1647 352 1668 sc.
370 1637 522 1669 honores.
543 1641 562 1660 *
574 1638 690 1678 Quint.
708 1638 738 1667 2.
763 1647 813 1667 res

83 1680 368 1720 quemadmodum
392 1686 484 1721 gesta
513 1686 547 1712 et
569 1685 734 1712 contracta
758 1681 814 1717 sit,

83 1723 204 1755 videte.
221 1735 252 1754 v.
266 1725 302 1756 in
318 1729 502 1755 contractus
519 1735 550 1755 n.
567 1728 597 1756 3.
628 1725 647 1744 ³*
661 1725 814 1755 Contrahi

82 1768 185 1798 verba
205 1768 378 1806 dicuntur,
400 1779 477 1799 cum
502 1770 535 1798 in
560 1767 814 1808 pronunciando

83 1811 208 1842 ultima
229 1811 352 1842 vocalis
375 1812 472 1842 litera
494 1813 629 1842 alterius
651 1811 738 1841 verbi
754 1812 813 1840 eli-

83 1854 187 1893 ditur,
202 1859 389 1895 proptmea,
406 1855 494 1896 quod
518 1865 657 1895 sequens
675 1855 810 1884 verbum

84 1907 105 1928 a
127 1898 231 1929 vocali
263 1899 393 1939 incipit.
426 1900 482 1930 Or.
507 1902 560 1931 45.
596 1899 812 1935 ’‘t-ominem,

81 1943 264 1982 opponitur
293 1944 336 1982 «rufa
367 1943 536 1983 dissipare.
570 1942 650 1972 Lael.
674 1946 704 1976 7.
737 1951 811 1980 quae

81 1985 116 2015 in
137 1994 248 2015 rerum
273 1990 405 2024 natura,
423 1991 561 2026 totoque
586 1985 711 2016 mundo
735 1994 813 2015 con-

82 2032 225 2066 starent,
240 2038 280 2059 ea
295 2031 484 2060 contrahere
504 2030 701 2066 amicitiam,
719 2028 813 2059 dissi-

82 2081 162 2112 pare
185 2071 396 2103 discordiam.
429 2077 447 2094 ³
461 2073 660 2110 diminuere,
680 2072 812 2111 frange-

80 2124 127 2146 re.
159 2115 273 2146 Divin.
293 2116 326 2146 ii.
351 2120 403 2148 53.
434 2118 580 2147 contrahi
602 2121 716 2146 autem
741 2116 811 2145 ani-

82 2168 177 2189 mum
202 2159 307 2196 Zeno,
324 2165 359 2190 et
382 2161 475 2200 quasi
500 2160 564 2190 labi
587 2164 686 2200 putat
709 2163 810 2198 atque

81 2201 269 2240 concidere,
293 2210 328 2233 et
352 2203 385 2234 id
416 2204 525 2244 ip’sum
555 2213 626 2233 esse
655 2202 811 2232 dormire.

79 2245 145 2286 Ωιι.
164 2245 214 2276 Fr.
231 2246 252 2276 i.
273 2249 299 2276 1.
317 2257 345 2277 c.
367 2250 392 2277 1.
416 2252 450 2277 te
473 2256 564 2285 rog0‚
583 2256 623 2276 ne
638 2247 812 2277 contrahas

79 2293 140 2319 aut
156 2288 313 2320 demittas
336 2291 498 2321 animum.
525 2290 620 2320 offic.
637 2290 658 2319 i.
676 2293 728 2324 29.
753 2299 812 2329 ap·

80 2332 207 2373 petitus
221 2335 451 2365 contrahendos
466 2333 705 2372 sedandosque.

127 2374 303 2408 Contraria
335 2378 393 2408 Or.
417 2379 438 2409 i.
462 2381 513 2409 31.
545 2378 708 2407 contrarie
730 2376 811 2406 scri·

78 2422 189 2460 ptum,
219 2427 271 2451 est
307 2422 342 2451 in
372 2431 438 2461 quo
468 2420 691 2461 repugnantia
719 2423 811 2450 sunt.

78 2468 115 2493 at
132 2463 221 2494 Part.
237 2467 291 2495 31.
317 2471 369 2495 est
386 2464 476 2495 aliud
492 2465 531 2494 dc
548 2464 664 2493 eadem
682 2473 716 2493 re
730 2463 811 2493 scri-

78 2511 190 2546 ptum.
220 2507 277 2538 Or.
301 2508 336 2538 ii.
353 2509 406 2540 65.
437 2508 534 2537 verba
558 2506 663 2537 relata
680 2511 808 2537 contra-

76 2551 192 2580 n'eest
214 2560 320 2590 genus
345 2551 488 2589 ridiculi,
505 2561 582 2581 cum
606 2550 649 2587 ei,
669 2551 724 2588 qui
750 2559 808 2580 nos

78 2591 226 2631 lacessit,
243 2595 360 2626 eodem
377 2595 474 2626 modo
498 2593 726 2634 respondetur.
754 2603 810 2623 ex·

79 2637 229 2677 emplum
247 2638 312 2669 vid.
330 2639 352 2669 l.
370 2648 398 2669 c.

127 2681 328 2713 contrarius.
359 2681 430 2712 lnv.
454 2681 475 2711 i.
499 2683 551 2712 28.
587 2680 808 2717 Contrarium,

80 2722 162 2762 quid
176 2724 243 2754 sit?
267 2725 296 2755 Τ
300 2735 367 2755 use.
386 2726 419 2756 ii.
436 2728 466 2756 3.
492 2725 525 2754 in
543 2725 723 2754 contrarias
737 2732 812 2763 par-

77 2769 129 2796 tes
144 2765 318 2806 disserere,
334 2773 385 2799 est
408 2770 442 2799 in
468 2775 644 2807 utramque
667 2773 810 2807 partem.

79 2808 171 2840 Part.
188 2812 241 2841 31.
269 2814 437 2844 contraria
459 2813 585 2853 scripta
602 2811 665 2842 vid.
682 2811 715 2840 in
740 2819 811 2839 ccm-

78 2853 197 2883 trarie.

129 2895 345 2929 cmitrectare.
364 2898 465 2930 Tusc.
480 2899 527 2930 iii.
543 2902 591 2930 15.
613 2900 725 2929 mente
742 2906 813 2928 con-

77 2943 222 2972 trectare
248 2941 449 2984 voluptates.
486 2943 582 2974 Orat.
612 2942 660 2973 iii.
693 2943 724 2973 6.
755 2949 814 2981 op-

1519 154 1598 192 245

876 248 978 287 pressi
994 257 1108 278 sumus
1130 247 1498 287 opinionibus—leviter
1519 261 1593 282 cru-

873 290 1018 320 ditorum
1037 290 1221 327 hominum,
1239 292 1306 330 qui,
1323 301 1395 330 quae
1416 294 1591 333 complecti

870 338 943 364 tota
965 337 1148 372 nequeunt,
1166 333 1235 364 hate
1260 334 1386 364 facilius
1409 335 1534 366 divulsa
1555 344 1590 367 et

871 378 962 416 quasi
981 377 1147 416 discerpta
1161 381 1364 407 contrectant.

918 421 1133 451 (,;111t1·ibu‹·1·‹:.
1161 419 1231 449 Att.
1253 420 1314 449 xiv.
1330 424 1381 453 39.
1412 428 1588 459 quaestores·

870 464 958 494 urbis
975 463 1016 493 ad
1031 473 1104 493 eain
1129 471 1197 492 rem
1221 463 1396 502 pecuniam
1413 464 1502 500 dare,
1518 475 1588 494 con·

869 508 1021 543 tribuere,
1037 507 1162 536 solvere
1172 506 1324 544 jubeant.

917 551 1086 581 contritus.
1115 550 1172 579 Or.
1191 549 1212 579 i.
1229 552 1280 579 31.
1312 555 1478 588 praeccpta
1499 559 1588 580 com·

869 595 985 624 munia
999 597 1033 624 et
1047 594 1196 623 contrita.
1219 592 1261 621 cf.
1277 592 1319 622 ad
1339 592 1406 621 Att.
1424 593 1477 622 xii.
1493 594 1543 626 ⁶27.

916 637 1167 668 &onlnem-nolte.
1200 634 1310 673 Ligar-
1342 639 1372 669 7.
1403 635 1492 665 domi
1523 646 1589 667 una

867 681 1002 717 eruditi,
1018 681 1255 711 contubernales
1271 679 1411 717 militiae,
1427 683 1517 714 sunt,
1534 681 1588 718 qui

866 725 965 754 simul
981 723 1145 764 stipendia
1162 722 1302 759 faciunt,
1318 727 1352 752 et
1372 723 1405 752 iu
1422 722 1536 752 castris
1555 723 1587 752 in

865 767 982 798 eodem
999 768 1144 798 tentorio
1163 766 1224 795 sub
1247 765 1362 795 eodem
1385 765 1510 795 decano
1533 765 1588 795 de-

866 815 960 849 gunt.
993 821 1022 841 v.
1038 811 1153 850 Vegct.
1170 810 1202 839 ii.
1224 812 1272 839 13.
1302 808 1414 839 Plane.
1433 811 1481 839 11.
1514 808 1588 840 Fuit

866 855 899 884 in
919 855 1018 884 Creta
1034 860 1148 894 postea
1163 853 1398 883 contubernalis
1414 852 1587 883 Saturnini

865 899 1039 938 propinqui
1063 898 1126 933 sui,
1143 896 1236 926 miles
1259 896 1356 934 hujus
1379 895 1420 935 Ω.
1443 895 1586 926 Metelli.

865 942 907 971 cf.
923 941 1004 971 ¹Sull.
1027 944 1074 972 15.
1102 944 1119 960 *ἓ
1133 940 1372 980 imperatorum
1389 945 1499 969 autem
1516 948 1587 969 con-

863 986 1057 1022 tobei-noles,
1083 988 1162 1014 sunt
1191 982 1416 1013 adolescentes
1447 982 1587 1020 nobiles,

864 1030 919 1067 qui
947 1029 981 1058 in
1007 1028 1140 1057 cohorte
1169 1027 1326 1057 Praetoria
1350 1025 1510 1062 militant,
1535 1032 1584 1062 ut,

863 1073 1019 1110 quoniam
1036 1081 1075 1100 ea
1090 1077 1140 1100 est
1157 1071 1244 1100 circa
1263 1070 1508 1109 imperatorem,
1523 1069 1585 1099 sub

862 1116 932 1151 ejus
948 1115 1051 1145 oculis
1067 1115 1147 1152 sint,
1162 1124 1237 1144 cum
1254 1123 1293 1143 eo
1309 1123 1390 1149 esse,
1404 1113 1444 1142 ab
1459 1122 1498 1142 eo
1510 1122 1585 1142 eru·

862 1158 923 1188 diri
941 1159 974 1188 in
991 1168 1025 1188 re
1043 1157 1177 1188 militari
1198 1157 1338 1197 possint,
1354 1157 1424 1195 ejus
1439 1155 1584 1185 consiliis

861 1203 1028 1232 intersint.
1060 1201 1139 1231 Coel.
1164 1204 1215 1231 30.
1244 1210 1320 1230 cuni
1343 1206 1458 1229 autem
1490 1197 1585 1238 paul-

863 1245 932 1275 lum
958 1245 1079 1275 roboris
1102 1245 1294 1274 accessisset
1316 1243 1422 1279 aetati,
1441 1243 1475 1272 in
1498 1241 1584 1272 Afri-

862 1298 934 1318 cam
952 1288 1118 1328 profectus
1141 1291 1203 1324 est,
1218 1288 1258 1326 ῼ.
1278 1287 1432 1325 Pompeio
1447 1294 1585 1325 procon-

861 1331 924 1362 suli
939 1333 1182 1363 contubernalis.
1213 1332 1232 1349 *
1244 1330 1293 1359 Ab
1317 1329 1365 1359 his
1387 1329 1512 1359 duobus
1528 1338 1585 1367 ge-

863 1376 995 1405 neribus
1026 1375 1098 1405 aliae
1129 1374 1260 1405 dicendi
1290 1373 1433 1403 rationes
1461 1371 1585 1402 ductas.

861 1419 914 1449 Sic
940 1420 1029 1449 Brut.
1046 1421 1097 1453 27.
1128 1418 1167 1449 L.
1183 1416 1308 1447 Gellius
1332 1415 1491 1446 Carbonis
1513 1424 1585 1444 con-

860 1463 1040 1493 tubernalis
1067 1463 1100 1492 in
1130 1459 1318 1496 consulatu,
1346 1459 1482 1496 dicitur,
1508 1458 1586 1497 quia

861 1515 937 1536 eum
961 1510 1107 1536 sectatus
1134 1510 1186 1535 est
1216 1504 1249 1534 in
1280 1501 1469 1539 consulatu,
1493 1510 1584 1531 more

862 1550 1122 1585 adolescentum,
1140 1549 1193 1588 qui
1214 1557 1248 1577 se
1272 1546 1313 1577 ad
1336 1546 1501 1585 insignem
1525 1543 1585 1574 ali-

862 1603 958 1632 quem
976 1594 1083 1623 virum
1099 1591 1322 1631 applicabant,
1341 1595 1377 1619 ut
1393 1589 1433 1618 ab
1456 1598 1495 1618 eo
1518 1587 1583 1618 dis-

861 1642 988 1674 cerent,
1003 1637 1075 1675 ejus
1091 1635 1238 1665 consiliis
1257 1633 1296 1663 de
1321 1643 1354 1662 re
1378 1631 1510 1671 publica
1532 1631 1582 1660 in-

859 1685 1034 1710 teressent.
1073 1678 1115 1708 cf.
1138 1677 1219 1708 Sull.
1247 1679 1295 1707 1⁶2.
1334 1675 1403 1705 Att.
1430 1674 1499 1704 xiii.
1529 1675 1584 1705 28.

864 1722 1104 1753 Contubernalis
1139 1721 1271 1761 Quirini
1302 1719 1424 1749 dicitur
1461 1718 1584 1753 Caesar,

860 1776 957 1805 quein
976 1767 1030 1796 xii.
1048 1769 1100 1797 45.
1119 1763 1229 1795 σῦννιον
1244 1763 1313 1801 ejus
1325 1767 1432 1797 vocat,
1452 1761 1494 1802 (v.
1512 1759 1583 1790 lnd.

860 1810 915 1840 Gr.
939 1811 973 1840 in
996 1807 1120 1847 aninam)
1150 1808 1216 1844 eui,
1241 1811 1280 1836 ut
1302 1804 1457 1841 Romulo,
1481 1803 1584 1834 divini

859 1854 998 1884 honores
1021 1852 1264 1883 tribuebantur.
1300 1849 1406 1879 Flacc.
1436 1851 1482 1880 17.
1513 1856 1585 1877 σοπ-

859 1898 1038 1927 tabernales
1076 1895 1184 1931 Laelii,
1213 1896 1320 1930 vocat,
1356 1900 1437 1930 quos
1472 1889 1584 1929 paullo

860 1945 933 1981 post
948 1940 1091 1980 hospites
1107 1938 1199 1968 dicit.
1224 1938 1283 1966 διο.

907 1984 1164 2014 contubernium.
1194 1980 1306 2010 Plane.
1332 1980 1379 2008 11.
1409 1979 1448 2006 ut
1469 1979 1583 2006 contu-

858 2028 959 2058 berniz·
976 2024 1197 2062 necessitudo,
1213 2028 1248 2053 et
1265 2019 1500 2052 adolescentuli
1518 2028 1581 2058 pu-

857 2070 916 2101 dor
939 2070 1138 2111 postulabat.
1158 2078 1187 2097 v.
1217 2064 1466 2098 Contubernalis.
1490 2071 1522 2091 n.
1546 2062 1579 2092 2.

858 2122 892 2144 et
916 2113 998 2144 lntt.
1022 2113 1063 2143 ad
1086 2109 1322 2142 Sueton.-Caes.
1340 2109 1370 2138 ⁶2.
1397 2106 1532 2145 Vespas.
1549 2107 1581 2136 3.

858 2157 924 2188 *de
943 2159 1010 2187 vita
1025 2155 1194 2196 impudica
1211 2153 1310 2183 maris
1326 2156 1360 2180 et
1375 2149 1508 2183 feminae
1525 2157 1581 2177 ex-

857 2209 909 2232 tra
932 2200 1135 2239 conjugium.
1165 2197 1257 2227 verr.
1281 2205 1311 2224 v,
1334 2196 1387 2224 40.
1418 2192 1473 2222 ubi
1498 2189 1581 2221 illud

855 2245 1097 2275 contubernium
1116 2239 1284 2271 muliebris
1309 2236 1438 2267 militiae
1463 2235 1497 2264 in
1521 2233 1579 2264 illo

857 2287 1090 2319 delicatissimo
1107 2286 1212 2315 litore.
1551 2321 1557 2326 .

905 2330 1122 2362 Contumaeia.
1147 2328 1247 2358 Tusc.
1263 2324 1284 2354 i.
1300 2326 1353 2355 30.
1376 2325 1580 2352 contumacia

859 2375 975 2413 libera,
992 2374 1031 2404 de
1047 2373 1193 2403 Socrate.

905 2417 1113 2450 Contumelia.
1136 2412 1334 2443 convicium.
1359 2407 1440 2439 Sull.
1459 2411 1489 2441 7.
1508 2415 1581 2436 con·

857 2463 1030 2492 tumeliam
1053 2460 1176 2499 jacere.
1213 2456 1407 2493 ‘stuprum.
1436 2450 1580 2489 Har-usp.

856 2506 894 2536 R.
927 2507 979 2537 20.
1011 2501 1222 2534 contumelias
1254 2498 1435 2538 piratarum
1465 2501 1580 2534 passus

855 2553 1074 2623 eStbonlanden
1111 2588 1141 2617 vi
1172 2585 1302 2623 frango.
1337 2582 1411 2612 Att.
1442 2580 1498 2610 xii.
1527 2580 1582 2610 44.

855 2635 984 2666 contudi
1000 2633 1150 2662 animum
1167 2634 1201 2658 et
1214 2627 1353 2658 fortasse
1368 2624 1443 2654 vici.

904 2677 1111 2709 (hatur-bare.
1145 2673 1341 2710 decoquere,
1365 2676 1410 2698 aes
1432 2665 1580 2697 alienum

857 2720 1062 2752 contrahere.
1095 2717 1206 2748 Plane.
1229 2716 1282 2745 23.
1316 2713 1367 2742 fac
1390 2719 1444 2740 me
1468 2707 1582 2757 multis

857 2765 988 2799 debere,
1004 2763 1088 2793 etin
1112 2761 1161 2790 his
1186 2756 1330 2788 Plancio.
1375 2753 1498 2784 Utrum
1522 2759 1582 2800 151-

856 2812 912 2838 tur
935 2817 986 2837 mc
1010 2804 1201 2835 conturbare
1226 2801 1360 2840 oportet
1383 2797 1460 2837 (int.
1484 2800 1583 2824 ratio·

858 2850 930 2890 nes)
947 2850 987 2890 Ω.
1007 2848 1056 2878 Fr.
1072 2849 1106 2878 ii.
1127 2847 1175 2877 1‘2.
1191 2842 1275 2875 nihil
1293 2851 1377 2877 esse,
1392 2838 1479 2879 quod
1494 2840 1583 2876 post·

858 2895 920 2925 hac
936 2901 1020 2923 arcae
1038 2894 1159 2921 nostrae
1175 2887 1299 2920 fiducia
1308 2883 1522 2916 conturbaret.
1537 2877 1578 2908 ef.

860 2938 902 2969 ad
918 2937 989 2967 Att.
1005 2936 1047 2966 iv.
1064 2937 1096 2968 7.

913 2988 933 3011 R
949 2983 967 3011 3
