1790 3219
158 46 243 83 484

163 141 217 172 65.
249 141 442 173 universitas
464 141 595 182 generis
619 141 772 180 humani,
790 142 902 172 totum

165 194 271 225 genus
288 184 487 217 humanum.

215 228 400 259 Universum
429 229 524 260 Orat.
547 228 594 259 iii.
619 230 672 262 27.
702 227 779 266 loci,
802 228 904 267 qui—-

167 273 246 311 quia
257 272 296 303 de
310 282 344 303 re
358 272 507 313 universa
523 272 661 302 tractari
671 271 797 311 solent,
814 281 905 302 com-

166 325 285 346 munes
310 315 472 347 nominati
497 321 594 353 sunt:
621 316 653 346 b.
670 326 698 346 e.
714 315 754 346 de
770 324 905 355 genere.

166 358 186 378 ²*
198 360 386 390 communis
405 358 572 390 onmibus.
594 359 659 390 Off.
677 359 697 389 i.
713 362 766 390 31.
791 359 837 388 sic
853 362 906 388 est

164 402 370 441 faciendum,
394 410 432 434 ut
455 406 574 434 contra
596 403 782 433 universam
806 406 901 431 natu-

167 456 239 477 ram
256 446 339 478 nihil
352 447 612 478 contendamus:
639 455 678 476 ea
692 451 807 476 tamen
824 453 904 474 con·

166 496 310 529 servata,
334 491 500 532 propriam
527 497 682 520 naturam
712 496 904 528 sequamur.

166 544 195 564 c.
211 537 264 565 30.
287 540 500 565 communem
519 533 658 563 dixerat.

218 577 323 616 Unus,
357 578 529 618 eleganter
572 586 650 606 enm
691 574 905 616 superlativo.

166 619 262 659 Brut.
288 623 318 652 6.
350 632 419 652 rem
447 630 548 651 unam
572 629 642 649 esse
666 619 816 649 onmium
842 618 904 648 dif-

166 665 363 696 ficillimam.
380 666 451 695 sine
467 664 619 694 omnium
651 663 763 701 Plane.
780 665 833 693 41.
864 661 906 692 ad

166 709 297 740 Divers.
326 709 392 739 xiii.
416 711 469 738 43.
499 706 756 737 familiarissime
782 716 846 737 uno
870 716 904 735 e-

167 753 260 791 quite
283 751 434 783 Romano
460 755 545 781 utor.
576 750 839 780 ³⁴‘Germanisino
862 750 905 779 si-

167 795 264 826 miles
286 801 365 826 sunt
388 795 439 825 11ae
457 796 613 825 rationes
645 794 740 824 Rosc.
760 794 855 824 Com.
872 796 903 824 5.

166 844 206 869 ut
222 838 372 878 judicem
397 848 501 869 unztm
529 838 634 868 vereri
657 837 829 868 debemus.
860 836 903 867 ad

166 882 241 913 Div.
271 882 324 913 vii.
361 886 409 917 19.
447 883 619 913 doctorem
650 888 766 912 tamen
797 890 904 911 unum

166 936 265 966 quem
279 926 479 957 desiderant.
501 926 693 960 Orat.i.29.
716 925 803 955 sicut
818 933 904 955 unus

163 970 413 1010 paterfamilias.
432 968 453 1010 *j*
465 969 603 1010 pluralis
613 969 782 1009 jungitur,
795 978 835 998 ex
848 978 904 998 ca-

163 1022 251 1044 none
275 1013 508 1054 grammatice,
525 1013 741 1049 substantivis
765 1011 903 1052 pluralis

163 1058 295 1088 numeri
308 1061 454 1095 tantum,
468 1061 506 1088 ut
518 1058 587 1088 Att.
604 1066 633 1086 v.
647 1061 678 1091 9.
697 1066 770 1086 unce
783 1056 903 1086 literae'.

163 1100 220 1131 sed
235 1111 302 1131 non
318 1106 368 1132 est
383 1106 596 1142 perpetuum.
623 1101 730 1131 Flacc.
747 1102 800 1135 29.
827 1101 903 1130 unis

163 1144 372 1176 vestimentis
389 1145 500 1176 lautus
517 1154 563 1175 es.

188 1208 192 1210 v
208 1187 344 1226 Vocalis,
361 1190 416 1229 qui
441 1199 554 1219 vocem
572 1188 613 1218 ad
628 1187 806 1218 dicendum
823 1197 902 1218 con-

161 1232 252 1263 tulit.
283 1232 379 1265 Brut.
405 1233 457 1266 69.
489 1232 554 1263 huc
584 1232 701 1268 etiam,
730 1241 772 1261 ne
800 1241 900 1271 quem

159 1277 300 1307 vocalem
316 1276 515 1318 praeteriisse
533 1276 716 1313 videamur,
731 1275 768 1306 C.
781 1274 902 1305 Cosco-

162 1329 269 1350 mum.

207 1363 339 1401 Phe-are,
357 1363 498 1394 invitare
516 1363 557 1393 ad
573 1362 772 1393 convivium.
803 1362 902 1393 Rosc.

159 1407 272 1438 Amer.
293 1410 340 1438 18.
366 1407 502 1437 domum
515 1417 611 1438 suam
628 1407 730 1436 istum
747 1415 815 1436 non
831 1406 900 1436 fere

161 1452 336 1490 quisquam
345 1451 489 1481 vocabat.
506 1450 547 1485 cf.
561 1451 694 1481 Muren.
707 1452 761 1481 34.
781 1449 900 1480 *Sexn

160 1498 192 1529 9.
222 1494 264 1524 ad
294 1494 524 1534 integritatem
556 1495 721 1534 majorum
753 1503 810 1533 spe
840 1504 902 1524 sua

160 1537 332 1568 hominem
347 1538 513 1569 vocabant.
526 1537 559 1569 h.
574 1548 603 1569 e.
618 1537 809 1578 sperabant,
822 1547 901 1568 eum

160 1582 332 1621 integrum
350 1582 431 1612 sore.

205 1626 351 1656 Vbcatus.
382 1626 475 1656 Orat.
497 1625 543 1655 iii.
563 1627 590 1655 1.
620 1625 763 1656 Senatus
785 1629 902 1656 vocatu

160 1668 262 1700 Drusi
280 1669 314 1700 in
331 1670 458 1700 curiam
475 1669 577 1699 venit.

206 1712 394 1753 Vae-{ferare
405 1718 456 1744 est
469 1713 503 1743 in
516 1712 607 1743 libris
622 1711 790 1742 nonnullis
806 1711 901 1744 Verr.

159 1756 193 1787 ii.
211 1758 263 1788 21.
295 1757 358 1787 Sed
381 1757 437 1787 alii
455 1755 626 1796 vociferari
642 1755 788 1786 habent:
814 1757 903 1796 quod

162 1799 380 1840 praetulerim.
405 1800 469 1830 vid.
494 1804 563 1830 not.
589 1800 631 1830 ad
653 1799 761 1830 Tacit.
780 1799 902 1831 Annal.

158 1854 212 1874 xv.
225 1847 278 1875 33.
302 1843 367 1874 Sed
390 1849 424 1875 et
439 1844 553 1875 Livius
573 1843 699 1884 passive
714 1842 800 1874 dixit
815 1845 902 1875 xxiv.

205 1931 337 1962 Vocula.
369 1932 464 1962 Orat.
496 1931 542 1961 iii.
570 1933 622 1962 25.
651 1931 770 1961 voeuloe
799 1935 900 1963 certae

159 1979 194 2007 et
217 1985 350 2006 severae.
375 1975 454 2005 ibid.
476 1976 596 2005 voeuloe
618 1974 709 2004 falsae
726 1974 762 2004 in
778 1979 900 2006 cantu:

159 2028 234 2059 quae
258 2020 357 2049 certis
381 2024 415 2049 et
437 2018 558 2049 severis
574 2022 805 2058 opponuntur,
821 2023 902 2050 sunt

158 2063 276 2094 fraetae
293 2067 328 2093 et
346 2062 522 2093 molliores.
538 2062 604 2092 vid.
620 2063 655 2091 in
671 2061 795 2093 Flexio.

205 2106 379 2143 Isblaticus,
396 2107 606 2143 inconstans,
621 2105 798 2136 variabilis.
830 2104 902 2137 Att.

157 2150 226 2181 xiii.
244 2152 296 2182 25.
320 2150 349 2180 O
364 2149 578 2181 Academiam
594 2150 793 2179 volaticam!

207 2194 362 2231 Volitare‚
376 2194 544 2233 significat
560 2192 690 2223 assidue
708 2193 832 2232 vagari,
845 2192 903 2223 sed

161 2237 360 2278 plerumque
377 2247 453 2267 cum
469 2237 656 2276 jactatione
672 2236 785 2275 aliqua
799 2237 906 2268 ambi-

160 2281 259 2319 tiosa,
277 2286 336 2311 aut
352 2281 551 2321 impudente
567 2284 601 2310 et
617 2280 794 2310 insolente.
811 2279 904 2312 Sext.

160 2327 193 2355 4.
220 2335 296 2355 cum
310 2324 367 2355 illa
379 2324 567 2364 conjux-atio
579 2323 689 2364 palam
707 2329 839 2354 armata
851 2334 905 2354 vo-

162 2369 285 2399 litaret.
320 2367 419 2398 Catil.
437 2369 471 2398 ii.
488 2371 518 2399 3.
550 2378 631 2406 quos
656 2367 751 2397 video
770 2369 905 2398 volitare

162 2412 198 2441 in
222 2412 305 2442 foro.
329 2411 408 2441 ibid.
433 2415 464 2446 7.
497 2413 632 2442 volitare
646 2411 681 2441 in
699 2412 810 2442 armis.
838 2411 902 2442 Pis.

167 2457 216 2487 12.
247 2465 324 2486 cum
351 2457 501 2486 volitaret
533 2455 578 2485 iis
609 2455 776 2485 latrocinii
805 2456 905 2486 vestri

161 2502 238 2529 tota
266 2499 357 2529 urbe.
389 2499 467 2529 ibid.
497 2502 529 2529 4.
561 2500 697 2529 volitare
725 2502 904 2538 praetexta-

161 2546 238 2572 tum
267 2552 383 2582 passus
420 2553 465 2573 es.
501 2544 592 2573 Sext.
621 2545 674 2573 43.
705 2542 765 2572 sed
798 2543 902 2573 etiam

162 2594 256 2616 nunc
286 2587 432 2624 volitant,
457 2596 518 2616 nec
551 2586 598 2616 illi
624 2595 774 2625 unquam
806 2586 846 2616 de
870 2596 905 2617 se

162 2629 412 2669 pertimescent.
443 2630 522 2669 Agr.
548 2630 582 2660 ii.
608 2631 660 2660 22.
691 2631 803 2660 volitat
827 2636 905 2661 ante

162 2672 277 2702 oculos
300 2674 439 2703 istorum
463 2673 561 2704 ‹lubae
580 2673 666 2712 regis
683 2673 783 2704 filius.
814 2674 905 2705 Sext.

165 2718 192 2746 1.
221 2716 346 2747 alacres
370 2716 529 2756 laetosque
553 2719 698 2748 volitare.
726 2718 827 2748 Dom.
855 2721 905 2753 19.

162 2769 240 2790 cum
264 2767 303 2790 tu
327 2760 446 2790 florens
471 2770 509 2789 ac
533 2765 652 2800 potens
676 2770 735 2801 per
755 2761 904 2792 medium

161 2802 273 2834 forum
300 2803 468 2844 popularis
493 2806 657 2835 velitares.
689 2803 768 2843 Agr.
791 2805 826 2836 ii.
850 2806 905 2836 36.

162 2848 340 2880 volitaretis
351 2857 411 2890 per
419 2851 551 2889 gentes.
575 2850 593 2870 ³*
603 2847 683 2880 hinc
696 2858 755 2888 pro
762 2848 905 2889 jactare.

711 51 858 82 INDEX
876 50 1159 81 LATINITATIS
1166 67 1174 78 ι

946 140 1053 171 Flacc.
1082 140 1131 170 16.
1155 148 1216 169 nec
1239 136 1374 168 volzeabo
1396 136 1432 167 in
1454 134 1518 174 hoc
1541 131 1686 167 insolens

945 185 1034 215 tius:
1064 184 1105 215 de
1130 186 1271 213 oratore.
1293 191 1324 211 v.
1342 180 1485 220 jactare.
1515 178 1607 216 Sext.
1630 178 1686 207 44.

946 228 1056 259 volitat
1073 225 1188 258 aedilis.
1216 223 1300 256 Phil.
1316 224 1360 254 xi.
1376 226 1408 255 2.
1435 221 1476 253 de
1490 219 1685 254 Dolabella:

944 275 979 302 et
1007 280 1098 302 nnnc
1124 273 1196 300 tota
1222 267 1301 299 Asia
1317 271 1480 307 vagatur,
1505 264 1620 296 volitat
1643 267 1685 294 ut

945 324 1013 346 rex.
1026 315 1046 334 *Ψ
1062 319 1209 345 oratores
1225 312 1385 343 dicuntur
1399 311 1535 342 volitare
1551 309 1586 339 in
1600 307 1684 339 foro.

943 359 1001 390 Or.
1018 358 1039 388 i.
1055 360 1107 389 38.
1132 357 1166 388 ii.
1183 358 1236 388 24.
1260 356 1316 396 qui
1334 365 1354 385 a
1367 363 1469 384 causa
1484 352 1524 384 ad
1548 359 1686 382 causam

944 405 1040 439 eunt,
1064 404 1098 431 et
1121 401 1272 431 omnium
1299 398 1444 440 patroni*
1459 396 1530 427 esse
1557 394 1686 426 volunt.

945 445 1112 476 *volitare
1134 443 1237 474 etiam
1261 443 1422 474 dicuntur
1443 439 1610 475 homines,
1627 437 1685 478 qui

945 488 1164 519 immoderate
1188 488 1331 528 cupiunt
1354 483 1493 525 aliquid,
1513 487 1548 513 et
1569 483 1701 513 incon-¹

944 536 1076 562 stanter
1091 530 1157 561 huc
1174 529 1254 561 illuc
1270 530 1438 566 feruntur,
1455 526 1494 558 'ut
1510 529 1687 567 propemo-

945 575 1025 606 dum
1050 575 1203 605 nesciant
1217 574 1292 613 ipsi,
1307 573 1386 612 quid
1403 575 1506 613 agant
1523 569 1685 611 primulii,

946 618 1026 659 quid
1040 617 1238 649 secundum.
1263 617 1328 647 Pis.
1344 618 1397 648 25.
1430 615 1531 647 homo
1546 614 1684 645 volitans

946 662 1060 702 gloriae
1089 660 1288 701 cupiditate,
1311 661 1493 701 opponitur
1517 658 1585 689 viro
1614 656 1700 693 mo?

946 706 1062 736 derato
1078 710 1113 736 et
1128 704 1310 735 constanti.
1334 703 1405 734 Att.
1420 703 1456 734 ii.
1471 704 1524 735 22.
1552 701 1593 732 de
1609 699 1688 730 Clo-

946 750 1000 781 dio
1026 749 1104 780 trib.
1131 749 1176 790 pl.
1205 750 1332 785 volitat,
1354 747 1450 785 furit,
1472 743 1558 789 nihil
1584 744 1706 775 habet'

946 794 1052 832 certi3
1076 793 1193 824 multis
1215 792 1421 829 denunciat3
1445 788 1534 828 quod
1549 787 1616 818 fors
1627 787 1705 832 ob«.-

944 838 1077 875 tulerit,
1100 836 1234 867 videtur
1255 839 1403 866 acturus.
1424 833 1455 870 v*
1469 834 1562 863 orat.
1595 832 1630 862 ii.
1651 831 1689 862 6.-

945 880 1226 921 quemadmodum
1252 879 1400 910 volucres
1424 873 1685 914 videmus,'cu‘m

944 925 1070 964 aliquid
1103 924 1289 961 effecerint,
1317 921 1449 952 levandi
1480 920 1612 953 laboris
1631 918 1684 949 sui

944 978 1056 1008 causa,
1081 969 1203 1009 passim
1230 977 1269 997 ac
1295 966 1411 1004 libere,
1435 965 1562 996 solutas
1584 967 1687 1003 opera

942 1012 1101 1043 volitare:
1134 1012 1180 1043 sic
1204 1011 1308 1041 nostri
1333 1007 1603 1041 animi—defessi
1620 1015 1689 1048 >ge·

942 1057 1064 1095 stiunt,
1088 1065 1126 1086 ac
1149 1057 1283 1086 volitare
1304 1054 1460 1094 cupiunt,
1484 1051 1580 1083 vacui
1604 1059 1688 1082 cura

942 1106 1043 1140 atque
1060 1099 1181 1130 labore.

989 1144 1152 1175 lbluhilis.
1184 1143 1279 1174 Orat.
1306 1141 1359 1173 56.
1389 1139 1535 1171 volubilis
1564 1138 1685 1175 oratio,

942 1188 1125 1228 opponitur
1147 1186 1269 1217 stabili.
1293 1184 1364 1215 haec
1387 1183 1530 1214 efficitur
1550 1181 1683 1223 syllabis
1703 1186 1705 1191 ⁴

942 1231 1064 1272 longis,
1093 1230 1152 1262 illa
1182 1229 1356 1261 brevibus:
1393 1227 1483 1258 unde
1512 1225 1687 1260 incitatior

942 1276 1049 1306 oratio
1065 1275 1173 1306 fertur
1184 1278 1218 1304 et
1232 1272 1366 1303 labitur.
1384 1271 1492 1302 Flacc.
1509 1272 1562 1303 20.
1582 1269 1684 1300 homo
1732 1295 1741 1299 ,

942 1320 1099 1357 volubilis,
1112 1319 1133 1349 i.
1150 1328 1180 1348 e.
1196 1316 1346 1348 oratione
1361 1315 1464 1346 facili.

988 1362 1178 1394 Wlubz'lz'tas
1189 1361 1378 1392 verborum.
1394 1359 1489 1390 Orat.
1503 1359 1526 1389 i.
1540 1360 1571 1390 5.
1589 1356 1686 1400 copia

942 1411 977 1438 et
991 1406 1146 1437 facultas.
1686 1428 1690 1432 ,

988 1451 1134 1482 Volucer.
1171 1449 1252 1480 Sull.
1282 1449 1334 1480 32.
1371 1447 1509 1478 volucris
1539 1445 1686 1476 fortuna.

941 1495 1099 1529 Brut.95.
1122 1504 1226 1534 genus
1240 1491 1373 1523 dicendi
1382 1491 1490 1522 verbis
1498 1492 1626 1522 volucre
1633 1487 1686 1520 'at-

942 1549 1007 1578 que
1023 1537 1215 1569 incitatum.
1229 1547 1258 1568 v.
1270 1534 1424 1566 volubilis
1437 1539 1471 1565 et
1481 1533 1684 1574 volubilitas:
1706 1573 1707 1576 Ἰ

986 1582 1132 1620 VoIvere,
1145 1580 1380 1622 pronunciare.
1402 1579 1460 1609 Or.
1472 1578 1519 1608 iii.
1530 1580 1586 1612 47.
1610 1577 1685 1608 lon·
1708 1615 1711 1618 ,

942 1626 1079 1666 gissima
1104 1631 1157 1656 est
1182 1623 1370 1666 complexio
1393 1623 1584 1659 verborum,
1606 1624 1683 1661 'quae

942 1671 1025 1700 volvi
1047 1679 1116 1700 uno
1140 1669 1261 1709 spiritu
1281 1671 1402 1708 potest.
1431 1665 1527 1697 Brut.
1545 1668 1598 1700 70.
1628 1674 1684 1696 ce-

941 1713 1056 1744 leriter
1079 1713 1181 1744 verba
1205 1713 1341 1743 volvens.
1372 1710 1453 1741 ibid.
1480 1712 1533 1741 81.
1562 1708 1614 1740 ita
1635 1709 1684 1739 fa-

943 1757 1005 1788 cile
1021 1757 1195 1796 soluteque
1208 1756 1314 1787 verbis
1325 1755 1470 1792 volvebat
1484 1750 1684 1785 sententias.

941 1801 1010 1832 *de
1034 1810 1210 1832 numerose
1234 1795 1560 1838 currente‘periodo.
1590 1796 1685 1827 Orat.

943 1846 995 1880 69.
1016 1855 1080 1885 quo
1093 1844 1212 1875 melius
1225 1843 1324 1874 cadat
1334 1846 1394 1874 aut
1400 1843 1553 1873 volvatur
1562 1840 1683 1871 oratio.

988 1888 1159 1926 Voluntas,
1184 1888 1220 1918 in
1251 1885 1388 1918 oratore
1410 1888 1462 1916 est
1490 1885 1531 1915 de
1560 1892 1683 1924 genere

942 1932 1115 1971 orationis,
1125 1932 1214 1971 quod
1223 1932 1376 1971 sequitur
1386 1943 1393 1961 ι
1407 1927 1579 1972 πςοαίςεσὶς.
1590 1927 1686 1958 Orat.

943 1977 976 2007 ii.
997 1978 1050 2008 23.
1083 1976 1211 2007 naturis
1235 1975 1412 2006 differunt:
1437 1972 1685 2016 voluntateaue

941 2024 1011 2051 tem
1036 2019 1162 2051 similes
1181 2025 1271 2050 sunt.
1303 2018 1383 2049 ibid.
1399 2020 1452 2050 22.
1484 2026 1525 2047 ex
1541 2014 1686 2055 quom’m

941 2065 1088 2105 scriptiS‚
1113 2063 1274 2103 cujusque
1301 2062 1424 2100 aetatis,
1451 2069 1526 2101 quae.
1553 2058 1686 2090 dicendi

942 2108 1028 2138 ratio
1043 2109 1253 2147 voluntasque
1269 2105 1386 2144 fuerit,
1402 2103 1545 2143 intelligi
1560 2106 1686 2144 potest.

941 2150 1049 2191 *Agin
1066 2152 1088 2182 i.
1103 2155 1135 2187 9.
1158 2151 1193 2182 in
1210 2150 1277 2181 alia
1295 2151 1461 2181 voluntate
1474 2157 1546 2178 esse
1560 2159 1568 2177 z
1593 2146 1688 2177 aliud

942 2196 1093 2235 probare.
1118 2194 1159 2225 ad
1175 2195 1254 2225 Div'.
1267 2194 1312 2225 ix.
1327 2194 1358 2224 6.
1382 2193 1454 2224 haec
1468 2192 1504 2222 in
1519 2191 1687 2222 voluntate

941 2238 1082 2270 fuerunt
1099 2251 1105 2269 :
1119 2239 1142 2269 i.
1158 2250 1188 2270 e.
1204 2239 1238 2268 in
1254 2240 1421 2278 potestate
1437 2241 1564 2267 nostra.
1583 2233 1687 2274 *jpre-

943 2292 1008 2313 ces.
1026 2282 1074 2313 rad
1104 2282 1182 2314 Div.
1205 2282 1247 2312 η’.
1271 2281 1303 2313 6.
1335 2281 1448 2318 Caesar
1471 2278 1561 2310 cedit
1580 2278 1687 2323 ,justis

943 2331 979 2356 et
993 2327 1102 2357 officio
1119 2326 1277 2363 incensis,
1291 2334 1353 2355 nec
1364 2323 1521 2361 inanibus
1536 2326 1597 2353 aut
1613 2330 1687 2351 am-

944 2370 1071 2401 bitiosis
1086 2370 1325 2401 voluntatibus.-

989 2413 1215 2454 Voluptarius,
1230 2413 1352 2445 suavis.
1382 2411 1458 2442 Att.
1475 2409 1533 2440 xii.
1549 2410 1603 2441 25.
1632 2418 1687 2439 vo-

945 2458 1099 2498 luptariae
1125 2457 1363 2498 possessiones:
1396 2459 1437 2486 ut
1457 2451 1559 2484 horti.
1588 2453 1685 2484 Orat.

945 2501 992 2533 iii.
1019 2504 1068 2535 17.
1097 2502 1288 2541 voluptarie
1310 2498 1572 2540 disputationes:
1590 2496 1631 2537 ¹11.
1653 2506 1684 2526 e.

944 2544 985 2575 de
1010 2544 1184 2586 voluptate
1205 2549 1240 2575 et
1263 2553 1322 2585 pro
1344 2542 1529 2583 voluptate.
1559 2540 1632 2571 Fin.
1653 2549 1685 2569 v.
1707 2546 1714 2552 '

944 2591 997 2620 25.
1020 2589 1199 2629 voluptarii
1212 2586 1422 2629 philosophi3
1443 2584 1484 2616 de
1499 2583 1685 2625 Epicureis.

990 2632 1189 2673 Isbluptates,
1199 2632 1240 2663 de
1251 2629 1462 2673 spectaculis.
1484 2628 1618 2659 Muren.
1630 2630 1685 2659 35.

944 2675 1140 2707 adhibendis
1166 2675 1383 2716 voluptatibus
1411 2674 1472 2704 διο.
1496 2671 1560 2703 hoc
1584 2679 1685 2702 sensu

944 2719 1119 2760 posteriori
1149 2730 1220 2751 aevo
1245 2720 1280 2750 in
1302 2717 1418 2760 primis
1443 2715 1511 2748 diei
1537 2718 1686 2756 coeptum

944 2763 1152 2803 frequenter,
1168 2768 1208 2795 ut
1230 2762 1359 2794 dudum
1381 2761 1602 2792 observarunt
1624 2757 1686 2788 viri

945 2807 1048 2838 docti.
1311 2829 1318 2835 .

990 2850 1175 2890 Volumus,
1197 2855 1347 2882 versatus
1371 2848 1562 2888 diligenter.
1592 2845 1689 2878 Orat.
