1790 3219
648 72 795 102 mnnx
825 71 961 100 Larix
968 71 1124 100 [TA‘rxs.

131 164 223 196 nm,
238 160 316 199 quia
331 160 419 192 alere
440 169 507 192 non
522 162 669 200 poteratt
694 159 803 190 simile
818 162 870 189 est

129 206 248 233 tenere
265 205 517 235 matrimonium
541 202 692 242 alicuius.
716 202 796 232 Coel.
816 205 864 232 14.

129 244 149 262 ⁸
164 247 445 285 quemadmodum
463 246 598 278 retineri
622 245 783 276 dicuntur
808 245 866 274 ho-

130 290 239 319 mines
252 291 286 321 iu
302 291 455 330 legendo,
470 288 636 320 audiendo
648 290 706 318 ἀρ.
716 289 764 319 sic
779 293 865 319 teue-

129 341 170 362 τε
184 335 302 370 etiam,
317 343 392 373 quoe
409 334 592 366 delectant,
613 338 648 362 et
665 331 808 369 faciunt,
826 336 863 362 ut

126 375 256 413 audire,
283 377 405 416 legere,
421 377 530 407 videre
548 376 608 405 ‹Ste-
634 375 785 406 velimus.
804 377 860 406 Or.

126 419 180 449 62.
203 422 308 451 teneri
322 421 364 451 ab
384 427 526 450 oratore.
552 418 633 449 (Loel.
654 422 702 450 11.
728 420 861 459 ingenio

123 461 267 501 alicujus
285 465 407 494 teneri:
428 463 460 493 h.
476 474 506 493 e.
530 462 645 492 audire
660 462 804 502 aliquem
821 463 861 493 li-

123 504 254 543 benter,
283 506 373 546 quod
398 507 570 545 ingeniose
598 507 690 537 dicit.
715 506 756 537 ad
784 507 857 537 Div.

123 548 179 579 vii.
201 551 255 581 20.
277 558 299 580 a
319 559 386 589 quo
407 551 510 580 etiam
526 550 662 580 advenae
679 552 781 580 teneri
806 560 858 580 so-

121 589 205 622 lent.
227 593 247 611 ⁶
263 594 420 630 retinere,
439 594 574 630 morari,
591 603 657 624 non
673 593 856 624 dimittere.

119 634 256 666 ndDiv.
271 646 302 667 x.
318 639 371 668 31.
395 639 500 668 tenuit
522 636 723 668 tabellarios.
751 637 793 667 ad
815 638 855 677 Ω.

117 677 173 708 Pr.
187 679 223 710 ii.
245 682 272 710 1.
294 689 330 710 se
344 688 500 712 senatum
528 681 663 719 negavit
678 685 797 712 tenere.
814 681 855 711 ad

116 720 195 753 niv.
211 723 255 754 xi.
274 724 324 754 16.
338 734 406 754 nnn
418 726 524 755 tenebo
537 730 570 754 te
586 724 748 764 pluribus.
761 724 854 756 verr.

115 764 139 795 i.
168 768 216 797 13.
256 776 298 798 ne
337 767 464 798 diutius
491 773 631 799 teneam.
665 768 684 785 ⁴
699 768 851 798 reticere.

112 808 174 839 Or.
190 810 224 841 ii.
241 813 295 842 54.
320 820 373 849 ea,
388 821 463 851 quae
479 815 671 848 occurrant,
695 821 772 841 cum
789 811 852 841 sal-

113 852 244 884 sissime
270 854 336 885 dici
367 855 508 895 possint,
535 859 651 885 tenere.
683 854 701 872 ⁸*
719 864 850 894 capere,

111 904 252 936 captum
268 902 386 929 tenere
403 899 436 928 in
453 907 488 928 re
503 898 629 936 aliqua,
647 903 684 928 ut
700 907 735 928 se
751 908 851 938 expe-

111 938 184 970 dire
200 950 268 972 non
284 942 398 982 possit.
409 942 528 981 Quint.
544 943 596 972 20.
609 941 662 971 hic
671 942 848 981 te,inquit,

108 987 208 1015 tem.
230 984 387 1020 formula,
412 995 479 1024 qua
502 985 644 1022 utimur,
671 995 749 1016 cum
776 987 848 1025 quis

108 1026 197 1057 dixit
211 1027 352 1067 aliquid,
368 1038 435 1067 quo
461 1029 613 1059 convinci
641 1038 705 1066 res,
723 1028 762 1059 de
783 1040 849 1069 qua

105 1070 234 1109 agitur,
256 1076 378 1111 potest.
402 1072 482 1103 Nat.
498 1073 541 1103 D.
556 1072 577 1102 i.
595 1073 649 1103 26.
672 1073 708 1102 in
727 1072 848 1104 Nausi-

107 1113 220 1153 phane
245 1119 396 1146 tenetur:
432 1116 464 1146 h.
489 1126 520 1149 e.
535 1125 570 1147 se
586 1115 752 1156 explicare
777 1125 844 1147 non

106 1162 234 1197 potest,
250 1164 289 1189 ut
304 1159 495 1196 dicat,eum
511 1170 531 1190 a
547 1169 581 1190 se
598 1168 665 1189 non
679 1159 844 1191 auditum.

104 1200 126 1220 ³
140 1204 244 1232 teneri
259 1202 433 1240 dicuntur,
445 1213 519 1242 quoe
530 1203 842 1244 deprehenduntur,

103 1248 141 1274 et
156 1245 262 1284 quiin
279 1256 314 1277 re
336 1246 459 1286 aliqua,
477 1247 631 1284 crimine,
654 1246 844 1287 deprehen-

101 1287 254 1328 duntur;
279 1290 511 1330 quiquoniam
539 1300 610 1320 rem
637 1299 758 1330 negare
774 1300 842 1322 non

100 1338 255 1372 possunt,
272 1340 374 1373 atque
389 1334 472 1364 adeo
487 1334 632 1364 convicti
657 1340 751 1371 sunt,
766 1344 840 1374 pro-

98 1378 216 1415 pterea
230 1379 335 1408 teneri
349 1377 522 1414 dicuntur,
536 1378 593 1416 qui
604 1378 747 1408 convicti
759 1383 840 1409 sunt

98 1417 240 1457 alicujus
271 1421 434 1458 criminis,
465 1427 501 1452 et
526 1430 561 1451 se
588 1421 744 1461 expedire
771 1431 838 1452 non

97 1469 250 1502 possunt.
273 1463 367 1495 Verr.
394 1465 428 1494 ii.
445 1468 498 1496 40.
523 1466 626 1495 teneri
649 1465 683 1494 in
710 1465 838 1496 malefi-

97 1506 161 1537 cio.
178 1506 253 1538 add.
269 1507 316 1538 iii.
335 1508 386 1542 76.
405 1510 457 1542 89.
480 1508 604 1539 Caecin.
621 1510 652 1539 2.
668 1508 764 1538 facile
791 1513 837 1540 te-

94 1554 257 1581 nerentur
268 1552 423 1582 testibus·
457 1552 550 1582 Verr.
566 1552 588 1582 i.
603 1555 630 1582 1.
655 1552 834 1583 manifesto

90 1596 234 1625 tenetur.
249 1594 359 1625 Flacc.
379 1596 428 1626 16.
445 1595 479 1626 in
493 1596 640 1626 minimis
658 1595 755 1626 rebus
772 1606 833 1627 sae-

94 1645 137 1677 pe
149 1647 200 1668 res
211 1647 351 1678 magnas
362 1638 427 1669 vidi
443 1639 647 1679 deprehendi
663 1649 701 1669 ac
718 1641 831 1671 teneri.

91 1679 229 1712 Cluent.
251 1684 304 1713 30.
336 1687 498 1713 tenentur
520 1693 588 1714 uno
612 1684 648 1713 in
677 1682 750 1712 loco
777 1691 830 1714 Hs.

50 1745 63 1749 -
90 1722 228 1756 locXL.
241 1730 393 1757 tenentur
404 1726 493 1767 apud
503 1726 667 1764 judicem.
685 1726 763 1757 ibid.
775 1730 830 1758 44.

89 1774 292 1807 argumento
308 1770 436 1800 crimen
452 1775 593 1801 tenetur.
616 1769 695 1800 Nat.
715 1770 760 1800 D.
779 1771 826 1802 iii.

87 1813 144 1842 30.
171 1811 268 1843 dolus
296 1817 427 1844 tenetur
455 1819 530 1844 tuin
561 1814 621 1844 &c.
645 1814 664 1832 *
681 1814 826 1852 vincere,

87 1863 224 1886 causam
239 1857 403 1888 obtinere.
425 1857 497 1888 Att.
515 1858 580 1888 xiv.
602 1859 651 1888 12.
666 1864 742 1888 tam
760 1857 827 1888 cla-

86 1907 159 1929 ram
174 1904 313 1939 tamque
328 1905 489 1932 testatam
516 1911 587 1932 rem
614 1911 680 1930 non
707 1902 824 1932 tenebi-

85 1942 190 1973 mus?
213 1944 268 1974 Sic
283 1948 335 1974 est
349 1954 486 1975 causam
502 1949 610 1975 tenere
627 1944 750 1975 Caecin.
769 1947 821 1977 24.

83 1984 188 2016 Acad.
213 1987 255 2017 iv.
278 1990 332 2019 30.
355 1988 382 2018 si
409 1995 499 2019 recte
524 1988 688 2026 conclusi,
712 1993 822 2019 teneo.-

81 2028 137 2059 ain
164 2030 294 2068 vitiose,
325 2032 453 2062 minam
481 2032 650 2071 Diogenes
692 2032 819 2063 reddet.

79 2071 100 2090 ⁶
117 2075 222 2103 teneri
250 2074 411 2105 dicuntur
440 2076 558 2112 etiam,
584 2075 703 2114 quibus
732 2075 820 2115 lege,

74 2115 310 2156 jurejurando,
327 2123 438 2159 pacto,
461 2126 520 2149 aut
536 2118 602 2149 alia
628 2118 818 2157 hujusmodi

54 2192 59 2197 ,
80 2169 118 2190 re
134 2162 315 2192 necessitas
337 2168 389 2192 est
416 2162 573 2202 imposita
599 2162 740 2201 alicujus
770 2164 818 2193 rei

79 2211 141 2233 aut
155 2203 331 2242 faciendae,
348 2212 407 2236 aut
418 2205 615 2236 omittendae
630 2218 637 2236 :
656 2206 816 2245 adeoque,

76 2246 106 2277 ni
125 2251 255 2285 contra,
269 2259 370 2289 quam
395 2249 462 2287 lex,
478 2249 590 2289 pactio
612 2249 816 2289 postulabat,

77 2289 247 2328 fecerunt,
259 2294 408 2324 accusari
424 2298 566 2333 possunt
575 2298 610 2324 et
626 2293 737 2333 puniri
755 2293 815 2324 διο.

77 2333 144 2364 Pis.
160 2337 209 2366 13.
234 2337 390 2375 pactione
406 2337 603 2367 obstrictum
619 2338 731 2368 teneri.
749 2337 813 2368 Off.

77 2377 127 2408 iii.
143 2379 197 2413 27.
219 2379 564 2419 tenerijurejurando.
587 2379 682 2410 Verr.
700 2381 744 2411 iv.
759 2384 812 2412 34.

72 2428 208 2452 summo
216 2422 330 2462 legum
349 2430 442 2454 metu
452 2425 564 2454 teneri.
578 2423 628 2454 Fr.
646 2423 779 2454 Cornel.
790 2425 813 2456 i.

76 2473 110 2504 p.
126 2466 204 2497 480.
215 2476 254 2497 ea
269 2465 342 2506 lege
355 2477 422 2498 non
434 2467 536 2498 videri
552 2466 713 2507 populum
727 2471 812 2498 tene-

73 2508 119 2538 ri.
141 2508 164 2539 i.
186 2509 352 2550 impediri.
379 2509 514 2541 Cluent.
532 2512 584 2542 5‘2.
615 2520 653 2541 ae
680 2511 706 2541 si
738 2510 810 2551 lege

71 2551 191 2583 Avitus
217 2557 394 2586 teneretur.
419 2555 490 2585 Att.
508 2554 565 2585 xii.
594 2557 643 2585 18.
666 2554 810 2594 quodam

72 2598 152 2625 voto
165 2605 204 2626 ac
220 2598 382 2637 promisso
403 2607 457 2628 me
477 2598 591 2628 tenen-i.
617 2597 660 2627 ad
679 2597 755 2628 Div.
779 2608 810 2629 v.

74 2639 128 2669 20.
152 2640 278 2678 praedes
294 2646 408 2673 teneri.
426 2643 444 2660 ³‘
460 2651 559 2683 poena
573 2642 677 2672 teneri
693 2641 811 2671 dicun-

71 2683 144 2718 tur,
159 2683 219 2720 qui
234 2693 309 2714 eam
335 2694 500 2716 meruere.
523 2684 566 2715 ad
589 2684 630 2725 Ω.
649 2683 699 2715 Fr.
724 2684 759 2715 ii.
777 2687 809 2716 3.

70 2726 175 2755 teneri
186 2735 228 2756 ea
237 2736 348 2767 poena,
359 2738 434 2768 quae
450 2734 502 2760 est
518 2728 558 2759 de
574 2728 617 2758 vi.
640 2728 659 2747 ἦ
674 2727 748 2767 lege
763 2732 809 2759 ee-

67 2768 141 2798 aeri
154 2777 222 2799 nou
241 2770 353 2809 modo,
368 2777 409 2802 ut
423 2778 502 2803 ante
517 2771 674 2808 vidimus,
691 2771 810 2802 dicun-

68 2813 141 2848 tur,
157 2811 199 2842 ad
213 2822 295 2852 quos
310 2823 351 2845 ea
363 2817 527 2855 pertinet,
544 2815 602 2846 sed
617 2815 734 2852 etiam,
751 2815 807 2855 qui

57 2858 188 2888 ⁷«nitra
199 2865 276 2889 eam
290 2856 458 2901 recerunt,
472 2869 516 2892 ex
530 2869 572 2893 ea
594 2859 643 2892 rei
661 2863 756 2900 sunt,
773 2863 810 2892 et

1575 63 1657 102 455

913 159 984 196 ejus
1001 168 1133 198 poenam
1154 169 1316 190 meruere.
1340 159 1420 192 Har.
1432 159 1531 202 Resp.
1547 162 1578 192 8.
1594 160 1651 192 de-

911 202 1016 231 crevit
1029 209 1178 239 senatus,
1191 213 1258 240 eos,
1271 202 1326 242 qui
1343 203 1374 234 id
1386 204 1555 242 fecissent,
1573 204 1647 245 lege

909 243 950 273 de
974 244 1018 279 vi,
1038 254 1112 282 quie
1139 254 1189 275 est
1214 246 1246 275 in
1277 257 1345 284 ros,
1371 248 1426 287 qui
1456 248 1645 279 universam

909 296 1013 327 remp.
1030 296 1292 327 oppugnassent,
1304 293 1416 321 teneri.
1440 291 1459 308 ⁶
1471 296 1589 329 tenere,
1608 290 1643 322 in

907 331 1090 370 promissis,
1117 339 1167 361 est
1185 341 1326 369 servare,
1343 334 1450 364 facere
1467 335 1642 375 promissa,

905 377 1014 413 pacta.
1038 373 1102 404 Off.
1120 374 1166 404 iii.
1193 376 1244 409 529.
1270 377 1441 407 tenendum
1466 384 1529 416 est,
1554 378 1643 418 quod

905 418 1106 457 promiseris.
1133 417 1223 447 Balb.
1246 420 1293 449 15.
1317 419 1421 450 faedus
1437 431 1513 451 curn
1533 422 1640 462 magis

904 460 969 491 fide
995 461 1084 492 illius
1101 460 1229 502 populi,
1246 461 1381 500 justitia
1405 469 1642 496 vestra—tene-

903 510 1006 535 retur.
1043 505 1060 522 *
1077 506 1256 542 contium,
1298 507 1514 542 conjunctum
1557 518 1640 540 esse.

901 547 982 588 Leg.
1009 548 1031 579 i.
1048 552 1078 582 7.
1104 548 1252 579 Deorum
1284 549 1464 588 agnatione
1491 554 1524 580 et
1539 555 1639 591 gente

899 593 1011 622 teneri.
1035 592 1055 610 ‘
1072 592 1220 622 notanda
1249 598 1301 622 est
1323 592 1424 622 etiam
1458 593 1529 624 haec
1560 605 1639 626 con-

899 636 1054 666 structio.
1079 635 1161 675 Leg.
1179 636 1225 666 iii.
1252 638 1300 666 13.
1325 636 1387 666 nisi
1414 635 1462 667 illi
1488 637 1562 677 ipsi,
1579 639 1636 678 qui

897 677 1052 718 frangere
1068 689 1122 709 eas
1139 679 1314 715 deberent,
1330 679 1526 719 cupiditatis
1549 682 1636 720 ejus-

898 721 974 752 dem
997 726 1197 753 tenerentur.
1231 723 1326 753 *Offi
1355 724 1401 754 iii.
1423 726 1471 756 10.
1497 725 1634 764 rog‘andi

889 765 1029 803 judicis,
1059 766 1086 797 si
1117 776 1194 796 eum
1227 771 1428 800 teneremur,·
1466 767 1633 808 intelligo,

895 809 1044 840 amicum
1077 809 1300 848 haberemus;
1327 811 1354 841 si
1384 810 1520 850 quidem
1553 821 1635 843 sana

895 851 958 882 loci
977 853 1072 883 istius
1089 853 1189 883 lectio
1205 858 1266 884 est.
1289 853 1414 884 ‘Fonn
1429 855 1459 885 6.
1485 864 1553 885 non
1571 856 1634 886 mi-

894 897 1021 926 nimam
1035 903 1165 937 partem
1182 901 1267 928 tenet
1281 897 1344 928 hoc
1361 899 1395 928 in
1412 908 1452 928 ea
1468 907 1513 928 re.
1538 898 1558 917 ⁵*
1572 909 1631 939 pro

893 941 1077 970 continere.
1103 939 1238 971 Cluent.
1271 944 1322 972 53.
1355 942 1471 972 civitas
1502 941 1631 982 legibus

891 986 1034 1021 tenetur,
1059 983 1113 1014 ubi
1130 992 1164 1014 et
1181 985 1280 1024 vulgo
1296 988 1347 1015 est
1362 985 1566 1016 continetur.

937 1026 1115 1058 Teum-itas.
1140 1027 1211 1058 fin.
1229 1038 1258 1058 v.
1276 1030 1328 1058 2⁷1.
1353 1029 1461 1069 primo
1480 1034 1557 1060 ortu
1579 1031 1632 1061 in-

889 1073 941 1100 est
956 1072 1114 1102 teneritas
1127 1078 1161 1102 et
1175 1071 1345 1102 mollities.
1578 1105 1584 1109 ‚

934 1113 1050 1151 Tenor,
1068 1115 1291 1145 continuatio.
1303 1115 1361 1146 Or.
1378 1115 1410 1147 6.
1425 1126 1493 1148 uno
1505 1121 1627 1158 tenore,

886 1161 925 1188 ut
941 1159 1050 1195 aiunt,
1066 1159 1102 1189 in
1119 1158 1260 1188 dicendo
1277 1159 1364 1190 fluit.

933 1200 1086 1238 Tentare,
1112 1203 1317 1242 contingere.
1341 1202 1422 1243 Leg.
1451 1203 1485 1234 ii.
1509 1207 1540 1236 3.
1563 1205 1625 1236 flu·

885 1254 963 1275 men
981 1246 1029 1276 ita
1044 1245 1204 1285 frigidum
1220 1251 1284 1284 est,
1302 1251 1340 1276 ut
1356 1247 1408 1277 vix
1420 1247 1502 1287 pede
1518 1251 1629 1280 tenta-

883 1298 920 1319 re
942 1289 976 1319 id
1000 1289 1134 1330 possim.
1157 1289 1389 1330 *perspicere‚
1410 1299 1623 1330 cognoscere.

882 1331 964 1372 Leg.
981 1333 1004 1363 i.
1021 1335 1074 1364 92.
1098 1343 1175 1363 cum
1192 1343 1226 1363 se
1242 1338 1353 1364 totum
1369 1336 1515 1365 tentarit.
1539 1334 1559 1354 ²*
1574 1336 1624 1366 af-

882 1375 952 1415 fligi
969 1377 1095 1407 morbo.
1117 1377 1189 1408 Att.
1213 1377 1256 1407 xi.
1287 1379 1340 1408 23.
1365 1378 1508 1417 quodam
1534 1379 1625 1410 vale-

880 1419 1006 1450 tudinis
1023 1430 1145 1459 genere
1162 1422 1293 1451 tentarz'.
1304 1420 1406 1451 Tuse.
1423 1421 1464 1452 iv.
1486 1425 1534 1453 14.
1547 1424 1621 1454 ani-

879 1463 926 1492 mi
942 1463 1090 1494 valentes
1105 1465 1221 1494 morbo
1243 1465 1366 1495 tentari
1381 1474 1448 1495 non
1464 1471 1621 1506 possunt,

878 1516 1016 1546 corpora
1037 1513 1189 1548 possunt.
1217 1508 1235 1526 ¹⁵
1250 1508 1283 1538 in
1303 1508 1490 1547 periculum
1517 1510 1623 1541 addu-

878 1560 964 1588 cere,
987 1561 1193 1591 oppugnare.
1215 1552 1312 1582 Βοὲς.
1330 1552 1369 1582 Α.
1388 1551 1621 1585 inf—sumnia

876 1603 962 1634 resp.
990 1594 1024 1625 in
1050 1594 1149 1633 hujus
1176 1594 1325 1634 periculo
1341 1599 1502 1626 tenemur.
1530 1597 1615 1629 Rab.

875 1637 971 1668 Perd.
987 1641 1014 1668 1.
1037 1639 1137 1669 unius
1161 1638 1305 1669 bominis
1332 1647 1502 1677 senectus,
1523 1641 1619 1671 infir-

874 1681 972 1712 mitas
986 1681 1196 1722 solitudoque
1213 1686 1340 1713 tentata
1355 1687 1410 1713 est.
1431 1683 1513 1714 Rab.
1528 1684 1617 1716 Post.

872 1724 903 1756 6.
929 1726 1138 1765 quorumjus
1168 1730 1327 1757 tentatur.
1353 1726 1465 1757 *Han
1487 1727 1528 1758 R.
1560 1729 1614 1759 26.

871 1777 967 1799 aures
994 1776 1111 1799 vestrae
1134 1774 1266 1800 tentaloe
1290 1770 1388 1800 verbo
1416 1770 1555 1810 nefario,
1580 1776 1617 1803 et

869 1813 1058 1851 perniciosa
1080 1814 1145 1850 via,
1177 1813 1335 1844 audiendi
1363 1815 1608 1846 consuetudine

869 1856 1014 1887 munita.
1030 1856 1146 1888 Voluit
1172 1857 1328 1897 experiri,
1352 1866 1394 1887 an
1413 1858 1550 1889 verbum
1578 1859 1613 1890 id

867 1898 952 1930 ferre
973 1901 1134 1940 possetis:
1154 1911 1219 1940 quo
1237 1910 1336 1930 sensu
1359 1910 1446 1941 saepe
1472 1906 1542 1932 est:
1571 1907 1612 1934 ut

866 1943 901 1972 in
917 1942 1066 1974 Verrinis
1077 1944 1114 1974 ii.
1137 1946 1184 1975 io.
1197 1947 1346 1974 tentatur
1357 1944 1392 1975 in
1405 1944 1480 1983 hoc,
1498 1955 1542 1976 an
1558 1955 1611 1977 as-

865 1991 1047 2018 severatur.

910 2029 1071 2068 Tentoria,
1089 2031 1234 2072 impetus
1262 2031 1380 2063 morbi.
1403 2031 1475 2063 Att.
1500 2043 1532 2063 x.
1553 2036 1604 2069 17.

862 2072 1091 2105 valetudinem
1107 2080 1202 2105 tuam
1225 2076 1460 2106 confirmatam
1484 2086 1555 2107 esse
1572 2080 1608 2108 et

863 2127 883 2146 a
896 2122 1010 2148 vetere
1031 2118 1146 2149 morbo
1167 2123 1203 2149 et
1218 2127 1239 2149 a
1262 2119 1356 2149 novis
1379 2121 1609 2153 tentationibus

861 2161 1002 2200 gaudeo.

906 2204 1116 2236 Tenuiculus.
1140 2205 1183 2236 ad
1210 2205 1286 2237 Div.
1304 2205 1348 2236 ix.
1381 2209 1431 2242 19.
1453 2208 1604 2239 tenuicu-

861 2249 912 2278 lus
928 2254 1120 2288 apparatus,
1578 2252 1580 2254 ’

904 2291 1035 2330 Tenuis,
1065 2297 1198 2329 acutus,
1229 2291 1372 2323 subtilis.
1405 2292 1463 2324 Or.
1491 2294 1514 2324 i.
1549 2297 1601 2326 13.

858 2344 967 2366 sermo
989 2338 1105 2366 tenuis.
1128 2335 1232 2366 Acad.
1248 2337 1291 2366 iv.
1311 2339 1360 2367 14.
1383 2338 1491 2368 tenuis
1506 2342 1542 2368 et
1565 2348 1602 2369 a·

857 2384 937 2409 cuta
951 2378 1134 2410 distinctio.
1152 2378 1230 2410 ibid.
1247 2381 1300 2411 20.
1324 2380 1409 2410 ratio
1431 2380 1474 2411 ad
1503 2385 1600 2413 tenue

856 2422 1005 2453 elimata.
1022 2433 1052 2454 v.
1070 2422 1212 2454 subtilis.

901 2465 1072 2505 Tenuitas,
1089 2466 1235 2506 corporis
1263 2470 1314 2497 est
1345 2468 1503 2507 tenuitas,
1520 2478 1601 2500 cum

854 2519 974 2540 succus
990 2511 1020 2540 ei
1037 2516 1071 2540 et
1087 2510 1196 2540 carnis
1214 2510 1310 2549 copia
1324 2510 1431 2548 deest,
1448 2521 1526 2543 cum
1552 2513 1598 2544 sit

853 2562 973 2583 sanum
990 2568 996 2585 :
1022 2553 1110 2584 unde
1127 2553 1168 2583 ad
1184 2552 1316 2583 dicendi
1343 2563 1448 2593 genus
1472 2555 1597 2587 subtile

851 2596 1068 2635 transfertur,
1084 2596 1173 2636 quod
1196 2597 1268 2626 sine
1292 2597 1380 2628 vitiis
1396 2604 1461 2636 est,
1477 2599 1536 2630 sed
1562 2605 1598 2631 et

853 2639 925 2670 sine
956 2640 1174 2670 ornamentis.
1199 2639 1296 2670 Brut.
1331 2640 1380 2671 16.
1419 2642 1596 2681 quondam,

852 2681 1008 2713 valetudo
1021 2683 1119 2714 modo
1131 2683 1220 2714 bona
1229 2684 1285 2722 sit,
1300 2685 1443 2715 immicus
1454 2685 1525 2726 ipsa
1539 2687 1598 2717 de·

851 2725 966 2757 lectat.
989 2725 1062 2756 Fin.
1079 2726 1125 2757 iii.
1149 2727 1198 2758 152.
1238 2726 1355 2758 limata
1380 2729 1533 2768 quaedam
1559 2732 1596 2760 et

854 2779 966 2800 rerum
983 2774 1019 2800 et
1035 2770 1213 2800 verborum
1235 2772 1389 2802 tenuitas.
1417 2772 1496 2814 Opt.
1520 2782 1599 2813 gen.

851 2813 882 2844 d.
900 2815 932 2844 4.
955 2814 1099 2846 tenuitas
1115 2813 1234 2852 Lysiae.

897 2855 1068 2900 renuiter,
1099 2857 1284 2900 subtiliter,
1310 2862 1421 2891 acute.
1458 2856 1516 2890 Or.
1546 2859 1598 2892 1⁴.

894 2903 1004 2941 eg‘t
