1790 3219
139 66 233 105 >458

198 161 407 199 ritubanter,
431 170 507 192 cum
533 161 756 201 dubitatione,
778 165 839 201 ita,
854 167 893 194 ut

152 206 377 246 intelligatur,
406 205 552 243 aliquem
582 215 649 236 non
677 209 757 238 sais
789 209 892 238 confi-

152 250 231 280 dere
248 251 308 287 rei,
325 258 391 279 non
408 250 487 279 satis
503 252 593 279 certo
610 260 678 280 rem
697 252 792 281 scire.
811 251 891 281 Coel.

152 297 183 328 7.
215 294 368 333 posuistis
394 293 498 331 enim,
522 296 622 332 atque
647 294 678 324 id
711 296 891 325 titubanter

152 341 187 367 et
202 338 360 367 strictim.

197 380 365 411 Tieuhare.
399 379 441 410 ad
470 380 546 411 Div.
577 382 633 410 xii.
664 384 712 411 10.
751 381 778 410 si
811 379 891 418 quid

148 423 235 455 forte
251 425 430 454 titubatum
446 428 510 460 est,
528 431 565 454 ut
583 425 618 454 in
636 424 732 454 bello.
749 422 890 462 εὐφημία,

151 478 224 509 pro,
240 469 268 498 si
283 467 455 498 calamitas
471 472 619 507 accepta.

197 511 298 550 Toga,
317 515 365 541 est
383 511 608 541 Romanorum
627 510 760 550 propria
776 509 888 545 vestis,

153 555 199 595 (v.
215 557 363 594 togatus)
383 559 417 584 et
435 556 522 593 pacis
547 554 692 592 insigne,
708 557 746 582 nt
771 553 817 582 ait
835 552 889 582 Ci-

150 609 226 629 cero
254 599 287 628 in
318 599 425 628 rison.
450 601 502 628 30.
542 597 614 627 Att.
638 598 679 626 vi.
711 599 735 625 1.
762 605 887 635 puram

149 647 259 682 togam
276 642 399 680 jubeor
416 641 503 670 dare.
529 640 570 669 cf.
587 640 641 669 vii.
658 642 687 670 8.
713 640 755 669 vi.
778 642 802 668 l.
829 639 888 668 διο.

147 686 211 717 Est
233 686 361 720 cadem,
379 693 451 722 quae
475 685 582 713 virilis
597 683 729 713 dicitur.
747 681 831 712 Phil.
848 683 882 712 ii.

153 732 203 760 18.
229 738 305 758 nam
331 733 409 766 toga
433 726 532 756 virilis
556 730 628 756 erat
645 731 718 756 tota
734 726 820 763 alba,
838 727 888 755 in-

137 781 333 812 genuorum
359 775 472 800 autem
498 780 677 810 puerorum
702 774 735 799 et
760 769 887 809 puella-

147 826 223 847 rum
263 815 365 844 limbo
405 823 572 854 purpureo
609 813 825 843 circumdata.
856 823 885 843 v.

146 862 318 900 praetexta.
350 857 479 887 verrin.
504 857 526 887 i.
549 859 602 887 44.
635 857 753 896 eripies
782 857 887 895 igitur

146 901 282 943 pupillae
307 905 416 940 togam
426 905 636 940 proeteoetam.
660 900 755 939 Toga
771 905 884 930 autem

145 956 231 986 pura
254 946 363 984 pueris
388 945 530 974 dabatur
553 945 586 973 in
610 943 681 974 foro
698 953 716 973 a
732 948 885 983 proetore,

144 990 186 1019 ad
204 998 301 1028 quem
322 988 546 1028 aparentibus
563 992 596 1017 et
613 987 727 1017 amicis
745 987 886 1017 deduce-

144 1033 287 1064 bantur:
320 1038 354 1062 et
380 1037 454 1061 tum
481 1031 679 1061 dicebantur
701 1031 810 1060 forum
835 1036 904 1072 at?

144 1077 288 1115 tingere.
333 1075 394 1105 Sed
413 1075 514 1104 etiam
532 1079 608 1113 toga
623 1074 819 1114 simpliciter
836 1074 884 1104 di-

144 1121 233 1150 citur
247 1129 307 1159 pro
330 1118 428 1155 virili,
446 1123 479 1148 et
497 1128 592 1158 pura,
609 1128 684 1148 cum
703 1119 884 1158 opponitur

143 1167 334 1204 praetextae:
361 1163 455 1202 pueri
470 1167 579 1200 togam
597 1166 781 1199 sumenteS,
802 1171 884 1201 prae-

141 1211 272 1237 textam
309 1206 530 1246 deponebant.
567 1206 680 1236 Vatin.
721 1207 770 1236 12.
808 1210 882 1244 toga

142 1249 248 1291 pulla,
271 1255 323 1280 est
345 1253 430 1287 atra,
455 1250 585 1288 insigne
609 1249 734 1286 luctus,
753 1249 792 1278 de
816 1259 882 1288 qua

142 1293 207 1324 vid.
234 1298 269 1324 ut
299 1298 334 1323 et
361 1293 400 1323 de
431 1299 522 1331 toga,
547 1293 683 1330 ejusque
715 1292 822 1322 colore
847 1293 881 1322 in

140 1338 349 1374 universum,
365 1339 485 1376 prae‘cer
508 1337 684 1376 scriptores
709 1335 748 1365 de
769 1346 801 1365 re
817 1336 881 1366 Ve—

141 1382 232 1411 stiar.
261 1380 349 1419 Lips.
375 1379 482 1410 Elect.
504 1380 524 1409 i.
545 1383 592 1411 13.
623 1379 758 1410 Manut.
782 1380 881 1419 Qua:-

140 1424 195 1455 sit.
214 1434 270 1463 per
287 1425 393 1464 Epist.
413 1423 458 1454 iii.
479 1426 504 1453 1.

130 1495 132 1497 .
187 1467 325 1506 Togata,
353 1468 413 1497 int.
443 1466 568 1504 fabula,
595 1467 688 1496 Sext.
722 1469 774 1497 55.
814 1470 879 1504 est,

139 1521 213 1551 quae
230 1512 342 1550 agitur
364 1511 404 1541 ab
421 1511 586 1540 actoribus
610 1510 747 1549 togatis,
765 1510 798 1540 in
815 1520 881 1549 qua

139 1554 222 1585 adeo
261 1555 487 1585 Romanorum
519 1554 694 1583 hominum
726 1553 816 1583 facta
846 1558 880 1583 et

139 1608 249 1629 mores
265 1599 518 1638 exprimuntur:
544 1597 572 1627 ei
592 1597 773 1636 opponitur
789 1597 880 1627 Grae-

140 1652 192 1678 ca,
209 1652 282 1681 quae
300 1643 444 1680 palliam
469 1641 602 1671 dicitur.
648 1639 772 1670 Graecis
789 1641 878 1670 enim

139 1686 190 1716 ita
206 1686 375 1726 proprium
394 1684 546 1725 pallium,
560 1691 597 1714 ut
614 1690 693 1723 toga
708 1683 878 1714 Romanis.

138 1729 205 1760 vid.
229 1728 380 1769 pallium.
398 1728 439 1759 cf.
457 1728 612 1767 Rutgers.
634 1728 708 1758 var.
724 1728 819 1758 Lect.
836 1729 878 1758 iv.

184 1816 340 1855 Togams,
356 1825 416 1856 pro
433 1816 502 1846 cive
526 1816 677 1846 Romano
692 1826 701 1853 3
727 1814 815 1854 quod
831 1815 877 1844 ci-

138 1860 232 1890 vibus
249 1860 344 1890 Rom.
361 1865 442 1899 toga
456 1860 599 1899 propria.
638 1858 755 1897 Itaque
771 1859 876 1897 togata·

137 1903 502 1943 opponunturGraecis,
525 1904 621 1933 Rosc.
638 1903 712 1932 Am.
728 1903 780 1932 46.
805 1902 875 1941 ipse

135 1956 213 1977 vero
247 1948 256 1981 (
261 1947 398 1977 libertus
434 1945 680 1987 Chrysogonus)
715 1945 875 1984 quemad-

135 1990 274 2021 modum
298 1991 419 2030 passim
444 2000 504 2030 per
526 1990 634 2020 sorum
658 1989 774 2019 volitet
797 1999 874 2019 cum

136 2038 270 2064 caterva
297 2038 494 2073 togatorum,
524 2034 652 2063 videtis.
690 2032 874 2071 Indignum

137 2077 241 2115 enim,
259 2077 414 2108 libertum
439 2077 557 2107 deduci
575 2088 594 2107 a
607 2077 732 2106 civibus
753 2075 875 2106 Roma-

136 2121 202 2158 nis,
225 2125 397 2160 tamquam
423 2121 613 2152 clientibus.
642 2120 706 2150 vid.
733 2120 871 2149 Hotom.

135 2164 178 2194 ad
194 2164 227 2196 h.
245 2164 266 2194 l.
284 2165 338 2203 qui
364 2164 450 2194 male
468 2165 534 2195 huc
551 2164 652 2194 refert
674 2163 873 2194 salutatores

134 2207 320 2246 Martialis3
346 2217 424 2238 nam
448 2208 646 2239 salutatores
670 2208 773 2246 togati
791 2207 873 2236 dicti

136 2251 286 2288 demum,
300 2261 377 2281 cum
392 2256 474 2291 toga
488 2252 586 2292 vulgo
602 2252 637 2281 in
651 2261 714 2281 usu
731 2260 800 2280 esse
818 2250 873 2280 ‹le-

138 2295 235 2325 sisset
247 2295 307 2325 sub
325 2295 524 2333 Caesaribus,
536 2295 575 2325 de
589 2305 653 2334 quo
665 2294 730 2324 vid.
748 2294 873 2324 Ferrar.

134 2337 175 2368 R.
192 2338 281 2369 Vest.
300 2339 321 2369 i.
338 2341 389 2369 33.
416 2339 584 2369 Ciceronis
606 2343 719 2368 autem
740 2342 872 2377 tempo-

133 2381 223 2412 ribus
237 2387 318 2421 toga
330 2387 402 2412 erat
418 2383 605 2412 communis
622 2381 777 2412 omnibus
794 2381 872 2411 civi-

133 2424 208 2462 bus,
228 2429 261 2455 et
283 2426 375 2455 omni
398 2431 552 2466 tempore
576 2425 771 2465 gestabatur
794 2434 872 2454 cum

133 2468 169 2498 in
187 2468 280 2505 urbe,
297 2474 371 2499 tum
395 2474 490 2500 extra
513 2470 640 2499 urbem.
670 2469 764 2499 verr.
781 2468 802 2498 i.
819 2470 871 2502 29.

133 2513 237 2550 togati
260 2512 437 2543 creditores
461 2512 666 2543 Graecorum.
697 2512 754 2542 Or.
779 2511 800 2542 i.
820 2514 872 2543 24.

130 2558 260 2595 petam,
277 2565 318 2585 ne
342 2555 399 2586 has
417 2566 506 2586 meas
524 2557 664 2596 ineptias
692 2557 874 2595 (praecepta

134 2598 175 2628 de
200 2603 270 2628 arte
295 2599 439 2638 dicendi)
468 2600 635 2630 efferatis:
668 2609 872 2638 quamquam

132 2641 329 2672 moderabor
344 2643 426 2682 ipse,
443 2653 497 2681 ne,
511 2647 549 2673 ut
565 2643 702 2682 quidam
713 2643 874 2682 magister

131 2689 233 2724 atque
257 2684 388 2723 artifex,
404 2687 461 2716 sed
486 2689 578 2726 quasi
603 2696 690 2717 unus
714 2696 731 2715 e
749 2690 872 2725 togato-

128 2738 211 2759 γυνη
235 2738 388 2765 numero,
404 2733 505 2768 atque
528 2740 566 2760 ex
589 2740 652 2760 usu
673 2729 796 2760 forensi
812 2730 871 2760 lio-

131 2782 188 2803 mo
205 2772 379 2802 mediocris
393 2772 450 2802 ἃς.
469 2783 588 2813 nempe
603 2774 778 2813 magistros
796 2773 870 2803 rhe-

129 2817 251 2847 torices
267 2825 301 2847 se
327 2815 569 2855 profitebantur
590 2816 717 2847 Graeci:
743 2817 793 2847 his
810 2827 868 2857 op-

130 2862 305 2900 ponuntur
329 2859 450 2901 togati.
476 2860 563 2892 Cave
590 2864 688 2902 putes
712 2864 867 2901 togatum

652 74 798 104 INDEX
828 75 1126 105 LATINITA'rls.

937 165 1016 205 poni
1031 175 1089 204 pro
1101 168 1243 204 patrono
1260 170 1450 200 causarum,
1467 162 1555 202 quod
1570 160 1679 194 nomi«

935 209 985 238 nis
1011 208 1184 238 causidicis
1208 207 1268 237 sub
1292 207 1548 246 imperatoribus
1571 208 1677 237 inter-

934 252 1014 281 dum
1043 252 1143 281 tribui
1176 251 1338 286 videmus,
1372 250 1472 288 quod,
1500 260 1578 280 cum
1607 259 1675 280 non

934 302 1021 324 essct
1045 295 1189 334 amplius
1205 294 1304 333 vulgo
1321 294 1354 323 in
1374 303 1435 323 usu
1450 296 1542 332 toga,
1558 298 1674 324 tamen

935 338 1093 368 causidici
1118 339 1153 368 in
1176 338 1263 376 togis
1287 346 1402 367 causas
1426 337 1583 376 agebant.
1609 337 1675 367 vid.

935 381 1060 411 Pei-rar.
1083 381 1104 411 l.
1129 392 1158 411 c.
1190 382 1282 411 Verr.
1307 381 1340 410 ii.
1361 381 1414 410 62.
1446 389 1527 419 quos
1551 379 1675 420 produ-

934 434 1024 461 xero,
1052 425 1107 463 qui
1138 435 1178 454 ex
1207 425 1321 454 Sicilia
1350 428 1454 453 testes
1486 427 1578 460 sunt,
1605 423 1673 453 sive

933 472 1082 505 togatum
1109 468 1202 504 velis,
1226 468 1294 498 sive
1327 466 1488 497 Siculum.
1536 466 1576 496 In
1607 476 1673 505 quo

931 511 1004 540 loco
1035 510 1159 540 librarii
1197 512 1540 551 interpretamentum
1577 519 1674 549 repo-

931 558 1086 584 suerant:
1112 555 1218 584 civem
1241 554 1338 585 Rom.
1362 554 1449 593 quod
1469 552 1589 583 deinde
1607 554 1675 584 Cu-

926 598 1036 635 jacius
1060 597 1208 627 sustulit.
1230 607 1260 627 v.
1278 597 1411 628 Gruter.
1429 597 1470 627 ad
1486 597 1517 627 h.
1535 597 1557 626 l.
1580 595 1600 615 ⁵*
1613 606 1672 637 pro

930 641 1064 671 Latino.
1090 649 1166 670 nam
1194 640 1309 670 Latini
1336 651 1466 680 quoque
1492 645 1572 680 toga
1599 644 1673 670 ute-

930 684 1066 721 bantur,
1090 683 1179 723 quod
1205 689 1265 714 aut
1289 684 1423 714 civitate
1446 686 1522 724 post
1544 683 1671 714 bellum

931 727 1075 758 latinum
1115 727 1242 764 donati,
1271 733 1331 757 aut
1367 731 1455 757 certe
1485 728 1564 757 socii
1594 737 1672 768 pop.

930 772 1027 802 Rom.
1045 775 1168 808 essent,
1181 776 1214 801 et
1229 771 1324 801 Rom.
1340 770 1469 809 legibus
1485 775 1671 802 uterentur.

930 816 1024 845 Orat.
1041 816 1088 845 iii.
1111 818 1157 845 ll.
1183 815 1287 844 nostri
1311 815 1422 844 minus
1439 813 1579 844 student
1593 813 1670 844 lite-

930 859 974 888 ris
991 869 1091 897 quani
1117 858 1246 889 Latini.
1269 865 1385 887 tamen
1409 867 1448 887 ex
1473 857 1558 894 istis,
1586 867 1668 897 quos

929 903 1047 939 nostis,
1064 902 1214 939 urbanis,
1232 902 1266 931 in
1284 901 1403 940 quibus
1421 901 1601 931 minimum
1617 905 1670 932 est

929 945 1117 982 literarum,
1146 954 1245 975 nemo
1276 950 1338 981 est,
1372 945 1452 983 quin
1483 944 1672 975 literatissi-

929 999 1022 1019 mum
1047 993 1231 1028 togatorum
1254 988 1420 1026 omnium,
1437 988 1478 1028 Q.
1496 988 1670 1019 Valerium

928 1033 1092 1062 Soranum
1123 1032 1262 1062 lenitate
1286 1031 1516 1061 vocis—facile
1543 1032 1669 1063 vincat.

929 1076 1040 1106 Etiam
1065 1075 1173 1106 Gallia
1197 1074 1366 1114 Cisalpina
1381 1085 1400 1105 a
1413 1080 1502 1115 togae
1525 1085 1589 1105 usu
1609 1075 1669 1106 To-

924 1125 1008 1158 gata
1028 1120 1163 1156 dicitur,
1181 1118 1266 1148 Phil.
1283 1119 1350 1149 viii.
1367 1123 1399 1153 9.
1418 1118 1548 1157 *togati
1564 1120 1668 1150 etiam

926 1168 1143 1203 opponuntur
1167 1163 1317 1199 armatis,
1333 1165 1368 1192 et
1382 1162 1423 1192 ad
1447 1163 1667 1202 pugnandum

927 1207 1026 1246 aptis,
1059 1208 1093 1236 in
1125 1216 1189 1246 quo
1224 1209 1303 1245 toga
1333 1205 1577 1245 impedimento
1606 1209 1668 1237 est.

928 1251 1050 1281 Caecin.
1072 1254 1121 1281 15.
1148 1249 1321 1279 advocatio
1345 1254 1540 1287 togatorum.
1571 1249 1668 1281 *Offi

925 1294 946 1324 i.
975 1296 1027 1325 23.
1059 1294 1115 1333 qui
1146 1295 1251 1331 togati
1280 1292 1471 1332 reipublicae
1501 1297 1665 1333 proesunt,

923 1341 1141 1378 opponuntur
1161 1336 1434 1376 ImperatoribuS.

970 1381 1107 1420 Tegula.
1136 1381 1209 1411 Att.
1236 1381 1258 1410 i.
1287 1383 1334 1411 18.
1368 1380 1545 1420 Pompeius
1572 1385 1668 1419 togu-

925 1427 993 1455 lam
1018 1425 1107 1455 illam
1135 1425 1259 1464 pictam
1275 1423 1409 1454 silentio
1424 1428 1542 1454 tuetur
1556 1434 1664 1456 suam.

921 1469 1016 1508 Toga
1031 1469 1123 1508 picta
1139 1469 1202 1498 int.
1219 1477 1293 1504 acu,
1311 1472 1362 1497 est
1377 1467 1665 1508 triumphantium

923 1517 959 1542 et
988 1512 1124 1542 thensas
1156 1511 1353 1541 ducentium
1384 1511 1496 1549 vestis,
1524 1521 1598 1550 quae
1629 1516 1666 1542 et

920 1556 1011 1586 Jovis
1040 1560 1121 1595 toga
1150 1555 1286 1591 dicitur,
1314 1554 1392 1592 quia
1419 1555 1618 1586 sumebatur
1644 1565 1664 1585 e

924 1599 1103 1639 Capitolio,
1126 1603 1166 1629 ut
1191 1602 1226 1628 et
1255 1597 1406 1638 palmata
1433 1599 1564 1636 tunica,
1588 1608 1663 1638 quae

923 1646 956 1673 et
971 1645 1043 1682 ipsa
1057 1642 1148 1673 Jovis
1163 1642 1280 1671 tunica
1290 1642 1422 1671 dicitur.
1448 1641 1554 1672 Erant
1570 1643 1663 1673 enim

923 1687 958 1716 in
985 1686 1120 1725 templis
1147 1686 1301 1725 plurimae
1332 1684 1481 1715 Deorum
1508 1686 1663 1726 pretiose

918 1734 1039 1768 vestes,
1054 1730 1174 1769 quibus
1198 1729 1314 1759 diebus
1329 1728 1422 1764 festis
1446 1736 1662 1768 ornarentur,

924 1778 961 1803 ut
985 1774 1084 1803 hodie
1108 1773 1222 1803 Maria?
1251 1772 1285 1802 in
1310 1772 1446 1812 templis
1472 1773 1665 1804 Romanen-

919 1818 1020 1854 sium,
1038 1818 1085 1847 sic
1102 1817 1252 1847 Deorum
1268 1820 1402 1846 statuae.
1432 1816 1563 1847 Primus
1580 1816 1665 1847 Gor-

917 1861 1035 1891 dianus
1060 1860 1228 1901 propriam
1252 1859 1370 1889 habuit
1390 1864 1506 1898 togam
1530 1861 1658 1900 pictam

916 1905 1139 1945 tunicamque⁴
1160 1902 1354 1943 palmatam.
1374 1903 1438 1934 vid.
1461 1903 1593 1934 Ruben.
1615 1905 1658 1936 R.

918 1948 1010 1978 Vest.
1027 1949 1048 1978 i.
1065 1950 1120 1980 21.

963 1992 1100 2027 Tollere,
1125 1991 1303 2030 suscipere.
1331 1990 1426 2022 verr.
1449 1991 1496 2022 iii.
1522 1994 1548 2022 1.
1579 1991 1662 2032 quid

917 2036 1026 2065 oneris
1047 2037 1172 2066 tollant.
1200 2033 1218 2052 ²*
1231 2035 1300 2064 tolli
1316 2034 1469 2064 alicunde
1486 2034 1661 2074 dicuntur,

918 2080 975 2118 qui
999 2079 1109 2109 locum
1135 2077 1279 2117 aliquem
1303 2078 1509 2116 relinquunt.
1540 2079 1660 2118 Quint.

917 2126 948 2154 3.
978 2124 1106 2153 totlitur
1121 2123 1161 2152 ab
1178 2122 1271 2151 atriis
1286 2121 1436 2152 Liciniis.
1461 2121 1530 2152 *ad
1544 2122 1586 2162 Ω.
1604 2122 1658 2154 Fr.

915 2167 948 2197 ii.
970 2170 1019 2197 10.
1051 2173 1090 2196 ut
1113 2173 1146 2195 te
1170 2165 1382 2205 proficiscens
1407 2175 1476 2196 non
1498 2167 1658 2204 tollerem,

915 2210 978 2240 int.
998 2210 1034 2239 in
1054 2209 1204 2247 rhedam,
1221 2212 1281 2238 aut
1304 2208 1473 2247 lecticam,
1495 2210 1658 2240 comitem

915 2253 1045 2284 itineris
1062 2262 1204 2283 sumere.
1229 2252 1347 2282 Horat.
1369 2253 1476 2283 Serm.
1495 2253 1529 2283 ii.
1547 2253 1578 2283 6.
1601 2255 1657 2285 42.

916 2307 1014 2336 quem
1029 2298 1138 2328 tollere
1150 2295 1253 2326 rheda
1265 2296 1324 2327 διο.
1348 2296 1510 2326 *laudare
1521 2296 1564 2326 ad
1577 2297 1657 2328 Div.

916 2341 957 2370 xi.
975 2343 1027 2372 20.
1052 2341 1140 2379 quod
1156 2340 1295 2374 diceret,
1312 2349 1360 2377 se,
1372 2340 1505 2377 dixisse,
1518 2340 1658 2370 laudan-

918 2385 998 2414 dum
1028 2384 1289 2420 adolescentem,
1316 2383 1518 2421 ornandum,
1545 2385 1660 2415 tollm-

914 2429 1011 2458 dum:
1045 2438 1079 2458 ιθ
1111 2437 1179 2457 non
1210 2436 1280 2457 esse
1313 2428 1586 2465 commissurum,
1614 2432 1656 2458 ut

914 2471 988 2502 tolli
1006 2471 1118 2511 possit.
1135 2480 1256 2510 nempe
1274 2470 1429 2510 ambigue
1442 2470 1570 2500 dictum
1583 2474 1658 2502 erat

915 2515 950 2544 τὲ
972 2516 1163 2551 tollendum,
1179 2513 1268 2552 quod
1293 2514 1484 2553 significare
1509 2517 1656 2554 poterat,

916 2558 1122 2589 laudandum
1137 2563 1173 2588 et
1188 2557 1470 2588 interficiendum.
1494 2557 1559 2588 vid.
1581 2558 1656 2588 Ma-

917 2608 992 2632 nut.
1016 2602 1057 2632 ad
1080 2602 1113 2632 h.
1138 2601 1161 2632 l.
1192 2603 1264 2632 Att.
1284 2601 1319 2631 ii.
1334 2603 1386 2631 25.
1415 2602 1527 2631 tollere
1549 2601 1655 2632 alicu-

909 2645 965 2685 jus
989 2645 1103 2675 laudes
1127 2645 1162 2675 in
1187 2650 1286 2675 astra.
1311 2644 1370 2675 Or.
1393 2644 1439 2674 iii.
1462 2645 1515 2676 26.
1545 2646 1656 2676 tollere

917 2689 1017 2719 altius
1047 2689 1199 2719 dicendo.
1232 2688 1342 2719 *Nan
1372 2688 1417 2719 D.
1449 2688 1496 2719 iii.
1527 2691 1580 2719 33.
1617 2692 1655 2720 at

916 2732 1078 2771 Phalaris,
1092 2738 1127 2762 at
1137 2731 1356 2772 Apollodorus
1373 2741 1485 2771 poenas
1501 2733 1654 2763 sustulit:

913 2776 947 2806 h.
971 2786 1000 2807 e.
1022 2776 1126 2813 dedit,
1149 2775 1259 2805 solvit.
1281 2774 1431 2805 *liberos
1455 2776 1578 2813 tollere,
1602 2779 1654 2806 est

913 2829 1092 2859 agnoscere
1109 2823 1205 2849 natos
1221 2828 1281 2858 pro
1296 2819 1363 2848 suis
1379 2819 1504 2856 liberis,
1521 2823 1556 2849 et
1571 2818 1654 2849 edu-

912 2873 1007 2895 care:
1039 2863 1129 2895 unde
1153 2861 1273 2896 deinde
1296 2862 1419 2896 dicitur
1440 2872 1514 2906 pre,
1538 2871 1651 2906 creato
