1804 3178
670 93 815 123 ”mix
845 93 979 123 Laui-¹
985 94 1139 124 ΙΤΔΊἿΒ.

185 176 332 215 Nun-ix,
356 178 398 210 de
419 187 617 219 quacunque
644 189 692 217 re,
715 188 789 219 que
812 189 873 210 nu-

142 222 205 252 ni(
225 227 259 251 et
282 222 341 253 alit
364 222 527 253 hominen.
556 221 650 253 Verr.
673 224 708 253 ii.
732 225 763 253 2.
793 223 874 252 Sici-

141 262 189 295 Ει
208 267 325 295 nutris
347 266 462 307 populi
484 265 524 297 R.
554 264 598 296 cf.
613 264 810 304 wesseling.
834 265 872 296 V.

142 306 182 339 C.
198 307 277 339 obs.
293 310 326 339 ii.
347 312 394 342 17.

186 351 316 388 Natus,
345 351 488 391 gravitas
517 360 705 391 corporum,
732 350 873 391 pondus,

141 392 223 425 aliu
245 395 351 432 nisus,
372 395 482 425 nixus.
512 394 570 424 Or.
588 395 633 424 iii.
657 397 709 425 ⁴5.
738 399 875 425 tenetur

140 441 225 468 mu
247 447 308 468 suo
329 445 429 468 terra.
459 437 502 467 ef.
527 436 597 467 fin.
621 438 642 466 i.
658 438 688 467 6.
720 437 762 468 N.
782 439 823 468 D.
838 439 871 469 ii.

140 482 195 515 39.
223 485 315 511 tem
327 480 461 511 nutibus
475 481 543 511 suis
558 479 765 521 conglobata.

481 568 522 598 Ο.

183 650 244 689 ob,
267 650 321 682 ad.
352 651 393 683 de
423 653 521 684 Univ.
552 655 600 684 14.
629 654 665 683 ob
687 663 724 683 os
745 653 868 683 offusus

136 693 235 734 ignis.
266 695 307 726 ad
323 696 398 726 Div.
416 697 460 726 ix.
477 698 530 728 96.
559 698 653 734 cujus
671 697 706 726 ob
727 706 762 726 us
779 696 868 726 Graii

136 747 196 768 ora
209 738 437 770 obvertebant.
464 739 504 770 de
520 750 586 778 qua
599 740 707 774 forma
721 739 784 769 vid.
801 740 868 769 Da-

134 781 196 812 vis.
221 782 263 812 ad
285 782 386 813 Tusc.
414 783 459 813 iii.
485 785 534 813 13.
563 783 679 813 Burm.
705 782 746 813 ad
771 783 867 813 Ovid.

135 823 219 856 Met.
235 826 304 856 viii.
323 828 393 857 115.
420 832 455 856 et
470 826 586 857 Heius.
601 826 644 856 ad
658 825 773 866 Virgil.
789 826 865 856 AEn.

133 868 191 899 xii.
207 869 281 900 865.

182 911 358 949 Obduoere,
372 912 508 952 insuper
525 911 654 942 addere.
683 911 784 942 Attic.
801 913 864 942 xvi.

132 954 165 985 6.
196 956 300 995 igitur
314 955 356 986 ad
376 956 496 986 Sicam.
513 956 558 985 ibi
579 962 750 994 tamquam
775 956 864 986 domi

132 1007 218 1028 men
241 998 382 1030 scilicet.
419 999 532 1038 itaque
555 1000 672 1029 obduxi
695 1003 862 1039 posterum

132 1040 234 1073 diem.
263 1051 294 1072 v.
310 1041 453 1072 Gronov.
467 1043 508 1073 ad
531 1043 689 1072 Senecam
704 1042 744 1072 de
757 1043 863 1073 Tran-

131 1093 188 1124 qu.
204 1093 259 1115 an.
273 1095 303 1116 c.
318 1088 349 1116 3.
372 1095 552 1126 opponere,
568 1085 789 1116 adversarium
805 1086 862 1116 ad-

130 1127 264 1159 ducere.
298 1129 370 1160 Att.
398 1130 419 1159 i.
448 1132 475 1160 1.
513 1129 595 1160 mibi
621 1128 772 1159 videatur
795 1139 862 1159 non

130 1179 202 1202 etse
237 1169 386 1210 ἀδύνατον,
415 1172 554 1203 Curium
591 1172 752 1203 obducere.
797 1172 861 1202 vid.

130 1213 238 1246 Graev.
269 1219 288 1236 θ
302 1216 412 1246 bibere
435 1215 540 1246 avide.
568 1215 667 1246 Tusc.
688 1216 710 1246 i.
725 1218 778 1246 40.
807 1225 862 1246 ve-

129 1266 258 1289 nenum
288 1262 328 1289 ut
348 1259 478 1296 sitiens,
498 1259 638 1290 abdat-it.
682 1259 736 1289 Sic
758 1259 860 1289 etiam

129 1302 252 1342 accipit
273 1302 308 1332 in
331 1301 404 1332 aliis
427 1301 520 1339 locis,
539 1303 643 1343 (certe
666 1301 863 1342 metaphora

127 1343 208 1375 hinc
231 1344 345 1384 ducta)
370 1345 536 1376 Victorius
558 1345 634 1376 Var.
653 1345 748 1376 Lect.
761 1355 812 1376 xv.
828 1349 860 1380 7.

127 1387 170 1419 cf.
189 1387 335 1429 Interpr.
348 1389 390 1419 ad
403 1389 537 1419 Petron.
554 1399 582 1419 c.
598 1390 652 1420 42.

176 1431 341 1463 Οἰκία-εἰσ.
380 1431 493 1463 Rabir.
526 1431 618 1462 Perd.
650 1435 680 1464 5.
719 1432 861 1463 obductio

126 1475 257 1515 eapitis.
301 1475 454 1515 Plerique
469 1485 510 1505 ex
532 1475 767 1506 emendatione
783 1476 860 1507 Mu-

125 1519 189 1549 reti
215 1518 349 1549 malunt
373 1519 547 1559 obnuptio.
591 1519 655 1549 Sed
681 1519 858 1549 lectionem

125 1562 279 1592 omnium
295 1561 399 1593 Codd.
416 1561 566 1593 defendit
581 1562 755 1593 Gruterus.
791 1562 859 1593 Ne-

126 1605 192 1644 que
214 1604 322 1643 video,
347 1615 450 1644 quare
475 1606 617 1637 obductio
640 1606 858 1645 improbetur,

125 1656 204 1679 cum
219 1648 372 1680 obducere
386 1650 430 1679 sit
439 1650 580 1690 operire,
591 1649 754 1687 obductus,
765 1658 860 1689 oper-

123 1694 195 1728 tus,
211 1696 250 1722 ut
263 1701 380 1722 omnes
395 1693 517 1723 sciunt.

172 1734 355 1773 obdurare,
373 1735 504 1773 durare,
528 1735 683 1776 perferre.
713 1735 785 1766 Att.
801 1736 857 1766 xii.

126 1778 160 1809 ³.
191 1787 294 1818 quare
308 1779 485 1809 obduretur
503 1778 565 1809 hoc
586 1778 749 1809 triduum.
779 1779 857 1809 *ob-

123 1820 306 1853 durescere.
334 1821 405 1852 Pin.
423 1822 470 1853 iii.
490 1825 538 1852 11.
565 1822 638 1860 quis
654 1830 772 1852 contra
786 1828 858 1852 stu-

123 1862 181 1894 dia
194 1871 325 1896 naturae
338 1869 409 1896 tam
425 1865 642 1896 vehementer
656 1866 826 1897 obduravit
838 1868 856 1897 7

171 1906 369 1948 offundere.
393 1918 423 1939 v.
437 1906 617 1948 offundere.

170 1949 324 1993 Oly'icere.
353 1951 435 1992 Leg.
451 1953 485 1983 ii.
504 1955 552 1986 19.
579 1952 697 1982 erroris
711 1950 856 1993 objicim-

119 1993 157 2024 ἀι·
181 2003 292 2026 causa.
322 1994 446 2026 Caeein.
470 1997 523 2027 25.
556 2005 700 2026 errorem
725 1994 857 2036 olgjicere

115 2036 236 2077 judici.
279 2037 319 2069 ln
345 2038 464 2077 quibus
486 2038 554 2068 fere
579 2038 666 2069 idem
693 2043 744 2069 est
768 2039 855 2078 quod

121 2080 277 2122 injicere:
301 2081 390 2121 quod
403 2081 558 2112 similiter
572 2081 706 2112 dicitur.
739 2082 854 2113 Simile

120 2128 159 2155 et
173 2123 235 2155 hoc
253 2124 354 2156 Tusc.
370 2125 404 2155 ii.
420 2127 450 2155 3.
481 2123 630 2166 olym-itur
651 2130 760 2156 metus
782 2127 855 2156 ani-

119 2176 188 2198 mo.
233 2167 386 2207 Itemque
405 2168 485 2207 visa,
501 2169 626 2208 species
640 2167 731 2209 olfjici
746 2168 854 2200 homi-

116 2211 218 2242 nibus
254 2211 414 2242 dicuntur
449 2212 483 2242 in
519 2211 725 2243 Academicis
753 2222 852 2253 saepe.

115 2254 250 2286 ⁴Arch.
265 2256 296 2286 6.
318 2252 495 2295 objecissem
510 2265 563 2285 me
579 2256 613 2285 in
629 2260 741 2286 tantas
755 2256 853 2286 dimi-

120 2298 281 2329 cationes.
317 2299 452 2330 cluent.
480 2302 535 2330 41.
574 2307 660 2338 nego
684 2308 755 2329 rem
782 2309 852 2330 esse

110 2340 225 2372 uuam
242 2342 277 2372 in
300 2351 500 2382 quemquam
523 2340 688 2383 objoetam,
704 2352 778 2382 quae
800 2342 853 2373 Fi—

116 2383 275 2416 diculano
289 2384 407 2427 σῷα-ω
423 2395 489 2416 non
505 2385 559 2415 sit.
589 2385 608 2403 ⁹
619 2395 696 2415 cum
712 2395 851 2426 praepos.

117 2426 171 2458 de.
201 2428 245 2459 ad
258 2429 337 2460 Div.
350 2430 394 2459 xi.
411 2432 443 2460 3.
470 2427 510 2458 de
527 2432 634 2460 morte
646 2428 788 2459 Caesaris
800 2430 851 2459 ob-

106 2467 240 2512 Jieeres.
263 2471 384 2503 ‘Mun
399 2475 452 2503 38.
473 2477 610 2512 sperant
622 2472 684 2502 sibi
700 2471 849 2503 Silanum

116 2511 209 2556 οἱῇἰα·
237 2524 347 2555 posse,
369 2516 391 2547 i.
414 2525 444 2545 e.
469 2517 503 2546 'm
531 2524 627 2545 suam
649 2519 849 2555 potestatem

115 2562 311 2596 venturum,
333 2563 373 2590 ut
395 2568 473 2589 eum
497 2558 614 2589 tollere
638 2559 775 2598 possint.
805 2560 847 2590 cf.

116 2609 148 2630 e.
169 2603 225 2632 40.
253 2601 326 2633 Mil.
346 2605 395 2634 14.
425 2602 565 2632 ductum
587 2606 637 2632 est
660 2602 701 2632 ab
724 2603 776 2640 iis,
792 2604 847 2642 qui

116 2651 194 2674 eum
223 2643 303 2676 feris
338 2645 452 2677 bestiis
488 2652 638 2686 pugnare
670 2650 846 2685 cog-untur.

115 2684 187 2716 ‘ad
199 2686 279 2719 Div.
295 2689 338 2720 vi.
350 2691 383 2721 4.
406 2688 448 2720 ad
462 2697 577 2719 omnes
591 2698 685 2719 casus
699 2687 847 2730 oly‘ecms,

113 2728 138 2760 i.
150 2737 180 2759 e.
197 2729 372 2770 obnoxius,
387 2733 566 2772 expositus.

163 2770 320 2812 Obirffl,
335 2775 396 2807 in.
422 2776 496 2807 Att.
511 2777 552 2807 vi.
568 2779 601 2807 3.
628 2775 710 2806 abiit
731 2775 846 2806 iratus.

112 2811 214 2855 hujus
230 2816 589 2853 nebulus-airadum
599 2819 630 2851 εἰ
640 2819 764 2852 Brutus
776 2827 847 2850 mo-

112 2858 393 2902 veiint-stem.

1560 94 1648 137 ⁸69

963 179 1118 217 oblidere,
1142 184 1357 223 comprimere
1383 194 1486 226 arcte,
1509 189 1643 225 elidere,

914 221 953 252 l'r.
980 225 1091 252 scaur.
1121 224 1232 263 gulam
1268 228 1380 268 digitis
1404 231 1548 263 oblidere.
1576 236 1641 267 vid.

914 265 954 294 de
977 264 1039 295 hoc
1062 266 1158 296 verbo
1179 266 1294 300 udins.
1312 273 1353 303 ad
1368 274 1464 304 oud.
1479 274 1562 307 Met.
1577 279 1642 311 xiv.

959 350 1123 390 Obligare,
1149 354 1277 392 proprie
1307 366 1376 386 csse
1407 365 1538 391 constat
1566 362 1640 393 vin-

912 394 992 432 cire,
1015 395 1190 432 devincire,
1207 401 1243 426 ut
1264 395 1363 429 Tusc.
1382 401 1414 430 ii.
1439 404 1484 432 16.
1506 403 1546 434 de
1569 405 1641 436 vul.

913 447 1009 468 nere:
1046 448 1066 468 a
1096 439 1223 469 medico
1248 440 1393 479 obligari.
1439 445 1501 476 Sed
1531 454 1638 479 meta-

912 479 1044 520 phorice
1065 482 1201 520 obligari
1224 482 1382 514 dicuutur
1396 487 1428 515 in
1447 489 1635 523 universum

911 534 1038 562 omnes,
1052 526 1169 564 quibus
1184 535 1379 565 quacunque
1396 538 1495 560 causa
1508 536 1541 561 et
1555 543 1637 571 quo-

910 577 1041 607 cunque
1073 568 1169 599 modo
1200 570 1376 600 necessitas
1405 575 1455 601 est
1483 574 1638 613 impositg

910 610 1048 650 alicujus
1064 613 1107 641 rei
1125 611 1296 650 faciende,
1307 614 1514 653 praestandae,
1531 617 1639 649 feren-

909 653 972 691 ἀρ,
989 654 1164 693 patienda.
1203 656 1310 686 Causa
1324 662 1359 686 et
1375 658 1471 694 ratio,
1488 669 1561 698 quae
1577 671 1636 691 ne·

909 699 1097 728 cessitatem
1119 699 1271 738 imponit,
1288 709 1353 739 qua
1363 705 1534 740 tamquam
1551 703 1636 735 obli·

909 749 1026 778 gamur
1039 748 1072 772 et
1089 741 1264 780 alligamur
1282 744 1324 782 (v.
1339 742 1488 782 alligare)
1508 745 1636 778 dicitur

909 782 985 813 hinc
1015 784 1194 814 vinculum.
1233 786 1276 825 (v.
1307 786 1503 825 vinculum.)
1544 788 1634 820 Hinc

912 829 938 856 1.
970 828 1108 866 obligari
1132 827 1254 858 scelere
1279 828 1447 867 dicuntur,
1475 830 1575 862 Dom.
1601 836 1634 865 8.

907 875 941 900 et
971 870 1082 909 legum
1111 872 1215 911 poenis
1247 872 1396 911 obligari,
1427 873 1495 904 Fin.
1525 875 1546 905 i.
1581 878 1633 909 14.

906 913 961 952 qui
980 915 1011 943 in
1036 915 1264 945 necessitatem
1290 916 1442 946 incidunt
1464 927 1568 957 poenae
1583 918 1635 950 fe-

905 956 1027 992 rendae,
1044 959 1099 997 qui
1115 958 1147 987 in
1163 967 1274 998 poenas
1290 958 1439 989 incidunt
1454 960 1633 993 sceleribu·

904 1004 960 1029 aut
983 1001 1050 1030 suis
1074 1008 1132 1030 aut
1154 1001 1279 1031 alienis.
1309 1004 1338 1032 2.
1354 1003 1551 1042 obligantur,
1573 1006 1632 1044 qui

897 1043 1111 1082 jurejurando
1122 1044 1182 1074 sibi
1193 1045 1417 1075 necessitatem
1431 1045 1570 1085 alicujus
1583 1048 1630 1079 rei

902 1085 1060 1117 saeieudae
1077 1088 1265 1127 imponunt.
1292 1088 1355 1118 Off.
1372 1089 1392 1119 i.
1412 1092 1459 1119 11.
1488 1089 1579 1120 Verr.
1595 1091 1632 1122 ii.

902 1132 920 1162 7
925 1130 954 1159 2.
979 1130 1070 1161 Balb.
1085 1133 1133 1162 15.
1157 1133 1188 1161 3.
1204 1131 1285 1160 item
1301 1132 1480 1170 promissis,
1496 1132 1628 1166 foedere.

902 1171 995 1202 Balb.
1020 1172 1041 1203 Ι.
1065 1184 1093 1203 c.
1114 1173 1254 1214 populus
1278 1183 1312 1204 se
1330 1175 1480 1213 obligavit
1497 1175 1630 1209 foedere.

902 1214 985 1247 Phil.
1001 1225 1032 1247 v.
1048 1218 1095 1247 18.
1119 1216 1224 1248 audeo
1237 1217 1378 1256 ongare
1393 1218 1491 1248 fidem
1506 1228 1630 1252 meam.

901 1261 932 1289 4.
950 1259 1030 1289 item
1053 1259 1243 1300 spondendo
1264 1270 1322 1300 pro
1346 1261 1469 1300 aliquo,
1483 1263 1630 1293 cavendo

901 1302 1044 1341 praediis,
1059 1312 1132 1342 quae
1155 1307 1189 1333 et
1212 1303 1283 1343 ipsa
1302 1304 1439 1342 obligari
1461 1303 1630 1338 dicuntur.

900 1345 977 1384 Agr.
993 1346 1039 1376 iii.
1056 1348 1089 1376 2.
1117 1346 1159 1376 ad
1179 1347 1256 1377 Div.
1274 1356 1304 1376 v.
1320 1349 1373 1378 20.
1401 1347 1442 1377 ad
1465 1347 1560 1378 Brut.
1580 1351 1630 1382 18.

902 1388 1024 1419 Caecin.
1035 1392 1065 1420 3.
1090 1392 1120 1420 5.
1134 1389 1232 1419 Porro
1243 1390 1299 1429 qui
1316 1391 1482 1431 mancipio
1494 1395 1528 1421 et
1541 1401 1629 1423 nexu

900 1432 961 1461 sibi
985 1433 1214 1472 imposuerunt
1238 1433 1469 1464 necessitatem
1487 1435 1627 1474 periculi

895 1474 1097 1513 judiciorum
1118 1476 1316 1516 (evictionis)
1335 1477 1524 1516 praestandi.
1551 1477 1630 1508 Mu·

900 1520 1008 1549 rene.
1023 1518 1140 1558 Topic.
1156 1522 1204 1549 lo.
1227 1520 1338 1558 6.qui‚
1351 1520 1518 1550 beneficiis
1532 1529 1627 1551 acce-

898 1562 978 1600 ptis,
985 1571 1116 1592 necesse
1124 1561 1260 1599 habent,
1266 1563 1337 1592 aliis
1344 1564 1485 1601 gratiam
1493 1562 1627 1602 referre,

897 1605 1068 1635 occasione
1091 1604 1182 1643 data,
1196 1605 1284 1635 unde
1307 1606 1391 1636 etin
1414 1615 1478 1636 aere
1492 1605 1626 1639 alteriue

898 1657 981 1685 esse,
997 1649 1027 1678 ei
1044 1647 1161 1678 debere
1183 1648 1351 1679 dicuntur.
1367 1648 1408 1679 ad
1423 1649 1497 1680 Div.
1511 1649 1554 1680 vi.
1575 1653 1624 1682 11.

899 1691 964 1721 viii.
985 1693 1033 1722 12.
1065 1702 1096 1722 x.
1119 1694 1149 1723 8.
1172 1692 1216 1722 xi.
1244 1692 1292 1722 16.
1307 1692 1366 1721 διο.
1404 1695 1435 1725 7.
1458 1701 1522 1729 res,
1549 1703 1623 1732 quae

897 1734 970 1765 Deo
1000 1735 1100 1765 alicui
1123 1740 1315 1765 consecrata
1335 1739 1424 1765 sunt.
1456 1735 1556 1766 Dom.
1570 1739 1626 1769 40.

897 1777 984 1808 unde
1000 1783 1128 1815 contra,
1140 1787 1214 1817 quae
1230 1777 1367 1818 profana
1377 1787 1394 1808 e
1409 1778 1509 1809 sacris
1524 1779 1624 1817 fiunt,

896 1820 1026 1852 liberari
1049 1821 1218 1851 dicuntur.
1251 1822 1294 1862 (v.
1316 1820 1479 1860 liberare.)
1511 1824 1541 1853 8.
1563 1821 1626 1853 Est

896 1865 996 1895 etiam
1027 1874 1086 1904 pro
1115 1864 1278 1904 impediri.
1310 1864 1384 1894 Act.
1415 1864 1438 1894 i.
1468 1864 1561 1896 Verr.
1590 1869 1625 1900 9.

896 1908 983 1946 quod
1006 1917 1060 1938 eos
1084 1907 1270 1947 intelligere
1294 1907 1457 1944 videbam,
1481 1917 1534 1938 me
1561 1907 1624 1938 hoc

888 1951 1017 1989 judicio
1045 1950 1234 1981 districtum
1264 1955 1298 1981 et
1327 1951 1503 1989 obligatum
1530 1950 1624 1982 futu-

896 2004 982 2025 rum.
1007 1993 1049 2024 cf.
1067 1993 1108 2024 ad
1122 1995 1194 2024 Att.
1211 1994 1278 2024 viii.
1299 1994 1346 2024 16.

942 2037 1114 2077 obligatio,
1133 2037 1284 2068 Ciceroni
1306 2041 1341 2067 et
1362 2036 1455 2066 bonis
1477 2036 1623 2069 auctori-

894 2081 955 2111 bus
977 2089 1109 2121 semper
1132 2080 1242 2110 active
1273 2080 1408 2116 dicitur,
1437 2088 1624 2119 nunquam,

895 2127 933 2154 ut
955 2123 1051 2154 hodie
1072 2123 1166 2154 dctis
1189 2128 1223 2153 et
1245 2122 1459 2163 philosophis,
1480 2123 1621 2163 passive.

893 2168 935 2198 ad
961 2167 1055 2197 Brut.
1087 2169 1136 2198 18.
1166 2167 1295 2206 gravior
1319 2169 1368 2196 est
1392 2175 1431 2195 ac
1457 2165 1623 2197 diffieilior

893 2211 995 2241 animi
1026 2220 1064 2240 ac
1092 2210 1267 2240 sententiae
1296 2218 1354 2250 pro
1379 2208 1496 2245 altero,
1517 2218 1619 2248 quam

892 2254 1042 2295 pecuniae
1056 2254 1223 2292 obligatio.-
1247 2253 1268 2283 i.
1288 2262 1317 2282 e.
1334 2252 1516 2292 promissio.

939 2296 1096 2334 oblinere,
1120 2296 1302 2335 inquinare.
1329 2295 1425 2326 Brut.
1444 2297 1492 2325 13.
1522 2296 1562 2325 ut
1582 2303 1619 2326 ee

891 2340 1081 2380 eloquentia
1094 2339 1238 2369 externis
1253 2339 1400 2369 oblinere!
1418 2337 1573 2368 moribus.

939 2384 1074 2420 Oblitus,
1091 2386 1278 2422 con-uptus,
1293 2381 1444 2411 foedatus.
1467 2380 1560 2412 Verr.
1571 2380 1620 2412 iii.

890 2430 922 2458 4.
950 2428 1047 2458 oblita
1063 2431 1141 2456 sunt
1156 2425 1269 2455 omnia
1282 2424 1425 2455 stultitia
1447 2427 1547 2463 atque
1565 2423 1617 2454 in-

890 2470 1109 2501 humanitate.
1140 2467 1223 2498 Phil.
1240 2468 1304 2498 xiv.
1320 2470 1351 2499 3.
1378 2467 1476 2498 oblita
1493 2467 1563 2497 vita
1577 2465 1617 2497 li·

890 2513 1012 2544 bidine.
1042 2512 1119 2542 ibid.
1144 2511 1187 2542 xi.
1218 2513 1265 2542 22.
1295 2509 1470 2552 parricidio
1490 2510 1616 2541 oblitus.

889 2557 931 2587 ad
947 2558 1070 2587 lieren.
1082 2556 1123 2585 iv.
1139 2557 1188 2585 ll.
1211 2553 1479 2584 siexomationes
1489 2552 1613 2583 erebr-

889 2599 1152 2634 collocabuntur,
1176 2598 1305 2628 oblitam
1330 2596 1470 2627 reddent
1493 2596 1615 2626 oratio-

889 2653 977 2674 nem.
1004 2642 1067 2672 ‘in
1082 2641 1167 2671 bono
1189 2649 1290 2670 sensu
1310 2647 1361 2671 est
1381 2645 1496 2670 nmen
1510 2639 1613 2669 etiam

888 2687 928 2717 ad
949 2687 1022 2717 Div.
1038 2685 1080 2715 ix.
1102 2687 1149 2714 15.
1178 2684 1318 2714 mirifice
1339 2683 1452 2723 capior
1471 2681 1613 2718 facetiis,

887 2729 1071 2772 praesertim
1083 2736 1160 2757 cum
1176 2735 1232 2756 ean
1246 2726 1373 2758 videam
1383 2726 1495 2756 oblitas
1505 2724 1614 2756 Latio.

933 2772 1165 2803 obmutescere.
1184 2769 1285 2800 Tuae.
1301 2770 1336 2800 ii.
1350 2771 1404 2801 21.
1424 2769 1556 2799 videsne
1573 2771 1611 2797 ut

885 2815 1080 2849 obmutuerit
1094 2822 1161 2844 nou
1175 2812 1311 2844 sedatu:
1324 2812 1480 2855 torporis,
1491 2810 1549 2843 sed
1559 2819 1612 2842 ca·

886 2861 1030 2899 nugatus
1043 2857 1150 2890 animi
1161 2855 1255 2889 dolor
1264 2857 1280 2888 ἓ

925 2911 944 2934 ι
959 2902 980 2933 b
