<?xml version="1.0" encoding="UTF-8"?>
<!DOCTYPE html PUBLIC "-//W3C//DTD XHTML 1.0 Transitional//EN"
    "http://www.w3.org/TR/xhtml1/DTD/xhtml1-transitional.dtd">
<html xmlns="http://www.w3.org/1999/xhtml" xml:lang="en" lang="en">
 <head>
  <title>
</title>
<meta http-equiv="Content-Type" content="text/html;charset=utf-8" />
  <meta name='ocr-system' content='tesseract 3.04.00' />
  <meta name='ocr-capabilities' content='ocr_page ocr_carea ocr_par ocr_line ocrx_word'/>
</head>
<body>
  <div class='ocr_page' id='page_1' title='image "./operaomnia05ciceuoft/operaomnia05ciceuoft_0306.png"; bbox 0 0 1800 3131; ppageno 0'>
   <div class='ocr_carea' id='block_1_1' title="bbox 137 113 218 152">
    <p class='ocr_par' dir='ltr' id='par_1_1' title="bbox 137 113 218 152">
     <span class='ocr_line' id='line_1_1' title="bbox 137 113 218 152; baseline -0.037 0"><span class='ocrx_word' id='word_1_1' title='bbox 137 113 218 152; x_wconf 82' lang='lat'>296</span> 
     </span>
    </p>
   </div>
   <div class='ocr_carea' id='block_1_2' title="bbox 110 206 884 2957">
    <p class='ocr_par' dir='ltr' id='par_1_2' title="bbox 122 206 884 861">
     <span class='ocr_line' id='line_1_2' title="bbox 143 206 877 249; baseline 0 -10"><span class='ocrx_word' id='word_1_2' title='bbox 143 209 305 249; x_wconf 84' lang='lat' dir='ltr'>Coiicept.</span> <span class='ocrx_word' id='word_1_3' title='bbox 335 207 407 239; x_wconf 84' lang='lat' dir='ltr'>Att.</span> <span class='ocrx_word' id='word_1_4' title='bbox 420 208 468 239; x_wconf 85' lang='lat' dir='ltr'>ix.</span> <span class='ocrx_word' id='word_1_5' title='bbox 486 208 517 239; x_wconf 87' lang='grc'><strong>6.</strong></span> <span class='ocrx_word' id='word_1_6' title='bbox 545 206 661 249; x_wconf 83' lang='lat' dir='ltr'><strong>Capua</strong></span> <span class='ocrx_word' id='word_1_7' title='bbox 677 209 783 240; x_wconf 84' lang='lat' dir='ltr'>literae</span> <span class='ocrx_word' id='word_1_8' title='bbox 798 213 877 241; x_wconf 88' lang='lat' dir='ltr'>sunt</span> 
     </span>
     <span class='ocr_line' id='line_1_3' title="bbox 146 252 880 292; baseline -0.001 -9"><span class='ocrx_word' id='word_1_9' title='bbox 146 253 268 290; x_wconf 83' lang='lat' dir='ltr'>allatae‚</span> <span class='ocrx_word' id='word_1_10' title='bbox 286 252 348 283; x_wconf 84' lang='lat' dir='ltr'>hoc</span> <span class='ocrx_word' id='word_1_11' title='bbox 365 254 526 292; x_wconf 62' lang='lat' dir='ltr'>evemplo:</span> <span class='ocrx_word' id='word_1_12' title='bbox 554 252 588 282; x_wconf 91' lang='lat' dir='ltr'>in</span> <span class='ocrx_word' id='word_1_13' title='bbox 613 253 726 284; x_wconf 86' lang='lat' dir='ltr'>diesen</span> <span class='ocrx_word' id='word_1_14' title='bbox 748 253 880 284; x_wconf 88' lang='lat' dir='ltr'>Termi-</span> 
     </span>
     <span class='ocr_line' id='line_1_4' title="bbox 146 296 881 336; baseline -0.003 -8"><span class='ocrx_word' id='word_1_15' title='bbox 146 298 210 328; x_wconf 89' lang='lat' dir='ltr'>nis.</span> <span class='ocrx_word' id='word_1_16' title='bbox 242 297 311 326; x_wconf 82' lang='lat' dir='ltr'>xiii.</span> <span class='ocrx_word' id='word_1_17' title='bbox 343 299 396 327; x_wconf 85' lang='lat'>30.</span> <span class='ocrx_word' id='word_1_18' title='bbox 444 296 586 336; x_wconf 68' lang='lat' dir='ltr'>epistola</span> <span class='ocrx_word' id='word_1_19' title='bbox 624 299 730 327; x_wconf 78' lang='lat' dir='ltr'>altera</span> <span class='ocrx_word' id='word_1_20' title='bbox 763 297 881 329; x_wconf 81' lang='lat' dir='ltr'>eodem</span> 
     </span>
     <span class='ocr_line' id='line_1_5' title="bbox 146 339 881 380; baseline -0.001 -10"><span class='ocrx_word' id='word_1_21' title='bbox 146 341 311 380; x_wconf 65' lang='lat' dir='ltr'>exempIm</span> <span class='ocrx_word' id='word_1_22' title='bbox 340 339 458 371; x_wconf 70' lang='lat' dir='ltr'>eadem</span> <span class='ocrx_word' id='word_1_23' title='bbox 486 339 642 378; x_wconf 78' lang='lat' dir='ltr'>formula,</span> <span class='ocrx_word' id='word_1_24' title='bbox 670 341 786 370; x_wconf 80' lang='lat' dir='ltr'>iisdem</span> <span class='ocrx_word' id='word_1_25' title='bbox 811 350 881 369; x_wconf 86' lang='lat' dir='ltr'>ver-</span> 
     </span>
     <span class='ocr_line' id='line_1_6' title="bbox 146 383 882 424; baseline -0.004 -9"><span class='ocrx_word' id='word_1_26' title='bbox 146 385 198 415; x_wconf 86' lang='lat' dir='ltr'>bis</span> <span class='ocrx_word' id='word_1_27' title='bbox 214 396 220 413; x_wconf 91' lang='lat'>:</span> <span class='ocrx_word' id='word_1_28' title='bbox 246 385 279 413; x_wconf 92' lang='lat' dir='ltr'>in</span> <span class='ocrx_word' id='word_1_29' title='bbox 300 384 444 424; x_wconf 71' lang='lat' dir='ltr'>einerley</span> <span class='ocrx_word' id='word_1_30' title='bbox 459 383 637 414; x_wconf 83' lang='lat' dir='ltr'>Terminis.</span> <span class='ocrx_word' id='word_1_31' title='bbox 666 384 764 414; x_wconf 80' lang='lat' dir='ltr'>Hanc</span> <span class='ocrx_word' id='word_1_32' title='bbox 780 384 882 421; x_wconf 79' lang='lat' dir='ltr'>sigui-</span> 
     </span>
     <span class='ocr_line' id='line_1_7' title="bbox 149 427 881 468; baseline -0.003 -10"><span class='ocrx_word' id='word_1_33' title='bbox 149 428 341 459; x_wconf 68' lang='lat' dir='ltr'>ficationem</span> <span class='ocrx_word' id='word_1_34' title='bbox 381 427 531 468; x_wconf 83' lang='lat' dir='ltr'>pluribus</span> <span class='ocrx_word' id='word_1_35' title='bbox 565 427 711 457; x_wconf 71' lang='lat' dir='ltr'>illustrat</span> <span class='ocrx_word' id='word_1_36' title='bbox 742 427 881 457; x_wconf 83' lang='lat' dir='ltr'>Menke-</span> 
     </span>
     <span class='ocr_line' id='line_1_8' title="bbox 149 470 882 505; baseline -0.004 -3"><span class='ocrx_word' id='word_1_37' title='bbox 149 472 226 505; x_wconf 76' lang='lat' dir='ltr'>nius</span> <span class='ocrx_word' id='word_1_38' title='bbox 257 471 336 501; x_wconf 85' lang='lat' dir='ltr'>Obs.</span> <span class='ocrx_word' id='word_1_39' title='bbox 365 471 438 502; x_wconf 86' lang='lat' dir='ltr'>Lat.</span> <span class='ocrx_word' id='word_1_40' title='bbox 470 471 507 501; x_wconf 88' lang='lat' dir='ltr'>L.</span> <span class='ocrx_word' id='word_1_41' title='bbox 549 470 662 501; x_wconf 69' lang='lat' dir='ltr'>²⁸¹‘Post</span> <span class='ocrx_word' id='word_1_42' title='bbox 690 471 812 500; x_wconf 82' lang='lat' dir='ltr'>dicitur</span> <span class='ocrx_word' id='word_1_43' title='bbox 842 470 882 499; x_wconf 81' lang='lat' dir='ltr'>de</span> 
     </span>
     <span class='ocr_line' id='line_1_9' title="bbox 150 514 882 556; baseline -0.003 -11"><span class='ocrx_word' id='word_1_44' title='bbox 150 514 333 556; x_wconf 63' lang='grc' dir='ltr'>ἀντιγράφῳ.</span> <span class='ocrx_word' id='word_1_45' title='bbox 360 516 434 544; x_wconf 66' lang='lat' dir='ltr'>eine</span> <span class='ocrx_word' id='word_1_46' title='bbox 464 514 577 554; x_wconf 79' lang='lat' dir='ltr'>Copie,</span> <span class='ocrx_word' id='word_1_47' title='bbox 612 514 653 543; x_wconf 84' lang='lat' dir='ltr'>ad</span> <span class='ocrx_word' id='word_1_48' title='bbox 680 514 756 544; x_wconf 86' lang='lat' dir='ltr'>Div.</span> <span class='ocrx_word' id='word_1_49' title='bbox 781 514 824 543; x_wconf 83' lang='lat' dir='ltr'>vi.</span> <span class='ocrx_word' id='word_1_50' title='bbox 852 516 882 543; x_wconf 85' lang='lat'>8.</span> 
     </span>
     <span class='ocr_line' id='line_1_10' title="bbox 150 556 884 597; baseline -0.003 -9"><span class='ocrx_word' id='word_1_51' title='bbox 150 568 267 589; x_wconf 84' lang='lat' dir='ltr'>earum</span> <span class='ocrx_word' id='word_1_52' title='bbox 292 558 464 588; x_wconf 79' lang='lat' dir='ltr'>literarum</span> <span class='ocrx_word' id='word_1_53' title='bbox 489 559 667 597; x_wconf 61' lang='lat' dir='ltr'>exemplum</span> <span class='ocrx_word' id='word_1_54' title='bbox 695 556 780 586; x_wconf 61' lang='lat' dir='ltr'>Mra</span> <span class='ocrx_word' id='word_1_55' title='bbox 805 557 884 586; x_wconf 68' lang='lat' dir='ltr'>scri-</span> 
     </span>
     <span class='ocr_line' id='line_1_11' title="bbox 149 599 882 642; baseline -0.004 -10"><span class='ocrx_word' id='word_1_56' title='bbox 149 608 246 642; x_wconf 83' lang='lat' dir='ltr'>ptum</span> <span class='ocrx_word' id='word_1_57' title='bbox 272 607 333 632; x_wconf 84' lang='lat' dir='ltr'>est.</span> <span class='ocrx_word' id='word_1_58' title='bbox 381 602 420 632; x_wconf 87' lang='lat' dir='ltr'>In</span> <span class='ocrx_word' id='word_1_59' title='bbox 444 611 508 640; x_wconf 79' lang='lat' dir='ltr'>quo</span> <span class='ocrx_word' id='word_1_60' title='bbox 534 601 603 630; x_wconf 81' lang='lat' dir='ltr'>loco</span> <span class='ocrx_word' id='word_1_61' title='bbox 628 599 797 642; x_wconf 66' lang='grc' dir='ltr'>ἀρχέτυπον</span> <span class='ocrx_word' id='word_1_62' title='bbox 813 609 882 629; x_wconf 80' lang='lat' dir='ltr'>‹.·sse</span> 
     </span>
     <span class='ocr_line' id='line_1_12' title="bbox 151 642 882 685; baseline -0.004 -9"><span class='ocrx_word' id='word_1_63' title='bbox 151 655 220 676; x_wconf 86' lang='lat' dir='ltr'>non</span> <span class='ocrx_word' id='word_1_64' title='bbox 237 650 358 685; x_wconf 85' lang='lat' dir='ltr'>potest.</span> <span class='ocrx_word' id='word_1_65' title='bbox 376 656 405 676; x_wconf 87' lang='lat' dir='ltr'>v.</span> <span class='ocrx_word' id='word_1_66' title='bbox 421 645 518 684; x_wconf 81' lang='lat' dir='ltr'>plura</span> <span class='ocrx_word' id='word_1_67' title='bbox 537 645 571 673; x_wconf 84' lang='lat' dir='ltr'>iu</span> <span class='ocrx_word' id='word_1_68' title='bbox 588 644 725 673; x_wconf 48' lang='lat' dir='ltr'>Ges-ueri</span> <span class='ocrx_word' id='word_1_69' title='bbox 749 642 787 672; x_wconf 85' lang='lat' dir='ltr'>V.</span> <span class='ocrx_word' id='word_1_70' title='bbox 813 643 882 673; x_wconf 76' lang='lat' dir='ltr'>Cel.</span> 
     </span>
     <span class='ocr_line' id='line_1_13' title="bbox 150 686 883 720; baseline -0.005 -1"><span class='ocrx_word' id='word_1_71' title='bbox 150 688 323 720; x_wconf 78' lang='lat' dir='ltr'>Thesauro</span> <span class='ocrx_word' id='word_1_72' title='bbox 355 689 392 718; x_wconf 87' lang='lat' dir='ltr'>L.</span> <span class='ocrx_word' id='word_1_73' title='bbox 423 688 460 718; x_wconf 91' lang='lat' dir='ltr'>L.</span> <span class='ocrx_word' id='word_1_74' title='bbox 517 687 674 716; x_wconf 77' lang='lat' dir='ltr'>Ceterum</span> <span class='ocrx_word' id='word_1_75' title='bbox 706 686 883 716; x_wconf 76' lang='lat' dir='ltr'>fatendum</span> 
     </span>
     <span class='ocr_line' id='line_1_14' title="bbox 122 730 883 769; baseline -0.005 -6"><span class='ocrx_word' id='word_1_76' title='bbox 122 739 130 745; x_wconf 77' lang='lat'><strong><em>‘</em></strong></span> <span class='ocrx_word' id='word_1_77' title='bbox 153 736 217 769; x_wconf 81' lang='lat' dir='ltr'>est,</span> <span class='ocrx_word' id='word_1_78' title='bbox 235 732 298 761; x_wconf 76' lang='lat' dir='ltr'>etsi</span> <span class='ocrx_word' id='word_1_79' title='bbox 316 732 349 761; x_wconf 90' lang='lat' dir='ltr'>in</span> <span class='ocrx_word' id='word_1_80' title='bbox 367 731 429 761; x_wconf 89' lang='lat' dir='ltr'>hoc</span> <span class='ocrx_word' id='word_1_81' title='bbox 444 735 479 761; x_wconf 82' lang='lat' dir='ltr'>et</span> <span class='ocrx_word' id='word_1_82' title='bbox 495 730 658 760; x_wconf 81' lang='lat' dir='ltr'>similibus</span> <span class='ocrx_word' id='word_1_83' title='bbox 675 730 757 759; x_wconf 89' lang='lat' dir='ltr'>locis</span> <span class='ocrx_word' id='word_1_84' title='bbox 777 740 883 760; x_wconf 57' lang='lat' dir='ltr'>efem-</span> 
     </span>
     <span class='ocr_line' id='line_1_15' title="bbox 144 773 883 816; baseline -0.003 -11"><span class='ocrx_word' id='word_1_85' title='bbox 144 778 243 816; x_wconf 79' lang='lat' dir='ltr'>plmn</span> <span class='ocrx_word' id='word_1_86' title='bbox 266 775 350 805; x_wconf 90' lang='lat' dir='ltr'>bene</span> <span class='ocrx_word' id='word_1_87' title='bbox 375 775 519 804; x_wconf 85' lang='lat' dir='ltr'>vertitur</span> <span class='ocrx_word' id='word_1_88' title='bbox 541 774 616 804; x_wconf 87' lang='lat' dir='ltr'>eine</span> <span class='ocrx_word' id='word_1_89' title='bbox 634 773 750 814; x_wconf 90' lang='lat' dir='ltr'>Copie,</span> <span class='ocrx_word' id='word_1_90' title='bbox 767 781 883 804; x_wconf 82' lang='lat' dir='ltr'>tamen</span> 
     </span>
     <span class='ocr_line' id='line_1_16' title="bbox 151 817 577 861; baseline -0.005 -12"><span class='ocrx_word' id='word_1_91' title='bbox 151 818 282 861; x_wconf 84' lang='lat' dir='ltr'>proprie</span> <span class='ocrx_word' id='word_1_92' title='bbox 299 827 370 847; x_wconf 88' lang='lat' dir='ltr'>esse</span> <span class='ocrx_word' id='word_1_93' title='bbox 386 817 577 849; x_wconf 81' lang='lat' dir='ltr'>formulam.</span> 
     </span>
    </p>

    <p class='ocr_par' dir='ltr' id='par_1_3' title="bbox 194 861 590 893">
     <span class='ocr_line' id='line_1_17' title="bbox 194 861 590 893; baseline -0.005 0"><span class='ocrx_word' id='word_1_94' title='bbox 194 861 372 893; x_wconf 61' lang='lat' dir='ltr'>Ememtus.</span> <span class='ocrx_word' id='word_1_95' title='bbox 389 872 419 890; x_wconf 93' lang='lat' dir='ltr'>v.</span> <span class='ocrx_word' id='word_1_96' title='bbox 434 862 590 891; x_wconf 77' lang='lat' dir='ltr'>eximere.</span> 
     </span>
    </p>

    <p class='ocr_par' dir='ltr' id='par_1_4' title="bbox 150 903 884 979">
     <span class='ocr_line' id='line_1_18' title="bbox 195 903 884 945; baseline -0.001 -9"><span class='ocrx_word' id='word_1_97' title='bbox 195 905 373 936; x_wconf 71' lang='lat' dir='ltr'>Erercere.</span> <span class='ocrx_word' id='word_1_98' title='bbox 399 905 499 945; x_wconf 80' lang='lat' dir='ltr'>Arch.</span> <span class='ocrx_word' id='word_1_99' title='bbox 521 908 568 935; x_wconf 92' lang='lat' dir='ltr'>ll.</span> <span class='ocrx_word' id='word_1_100' title='bbox 592 904 696 934; x_wconf 82' lang='lat' dir='ltr'>tantis</span> <span class='ocrx_word' id='word_1_101' title='bbox 720 914 754 934; x_wconf 85' lang='lat' dir='ltr'>se</span> <span class='ocrx_word' id='word_1_102' title='bbox 778 905 812 934; x_wconf 88' lang='lat' dir='ltr'>in</span> <span class='ocrx_word' id='word_1_103' title='bbox 836 903 884 935; x_wconf 83' lang='lat' dir='ltr'>la-</span> 
     </span>
     <span class='ocr_line' id='line_1_19' title="bbox 150 947 825 979; baseline 0 -1"><span class='ocrx_word' id='word_1_104' title='bbox 150 949 284 979; x_wconf 82' lang='lat' dir='ltr'>boribus</span> <span class='ocrx_word' id='word_1_105' title='bbox 299 953 472 979; x_wconf 68' lang='lat' dir='ltr'>eserceret.</span> <span class='ocrx_word' id='word_1_106' title='bbox 509 949 562 978; x_wconf 85' lang='lat' dir='ltr'>Sic</span> <span class='ocrx_word' id='word_1_107' title='bbox 580 952 615 978; x_wconf 80' lang='lat' dir='ltr'>et</span> <span class='ocrx_word' id='word_1_108' title='bbox 630 947 730 978; x_wconf 83' lang='lat' dir='ltr'>Tusc.</span> <span class='ocrx_word' id='word_1_109' title='bbox 747 958 777 977; x_wconf 87' lang='lat' dir='ltr'>v.</span> <span class='ocrx_word' id='word_1_110' title='bbox 800 951 825 978; x_wconf 88' lang='lat'>1.</span> 
     </span>
    </p>

    <p class='ocr_par' dir='ltr' id='par_1_5' title="bbox 150 992 883 1066">
     <span class='ocr_line' id='line_1_20' title="bbox 193 992 883 1024; baseline -0.001 -1"><span class='ocrx_word' id='word_1_111' title='bbox 193 992 418 1024; x_wconf 62' lang='lat' dir='ltr'>Erercitatus.</span> <span class='ocrx_word' id='word_1_112' title='bbox 455 992 513 1022; x_wconf 88' lang='lat' dir='ltr'>Or.</span> <span class='ocrx_word' id='word_1_113' title='bbox 543 992 589 1022; x_wconf 89' lang='lat' dir='ltr'>iii.</span> <span class='ocrx_word' id='word_1_114' title='bbox 622 994 674 1023; x_wconf 78' lang='lat'>21.</span> <span class='ocrx_word' id='word_1_115' title='bbox 705 993 883 1022; x_wconf 73' lang='lat' dir='ltr'>exercitata</span> 
     </span>
     <span class='ocr_line' id='line_1_21' title="bbox 150 1037 269 1066; baseline -0.008 0"><span class='ocrx_word' id='word_1_116' title='bbox 150 1037 269 1066; x_wconf 80' lang='lat' dir='ltr'>oratio.</span> 
     </span>
    </p>

    <p class='ocr_par' dir='ltr' id='par_1_6' title="bbox 146 1077 883 1329">
     <span class='ocr_line' id='line_1_22' title="bbox 192 1077 882 1117; baseline -0.003 -7"><span class='ocrx_word' id='word_1_117' title='bbox 192 1079 383 1110; x_wconf 73' lang='lat' dir='ltr'>Exercitus.</span> <span class='ocrx_word' id='word_1_118' title='bbox 400 1079 522 1117; x_wconf 86' lang='lat' dir='ltr'>adject.</span> <span class='ocrx_word' id='word_1_119' title='bbox 538 1081 689 1108; x_wconf 77' lang='lat' dir='ltr'>vexatus.</span> <span class='ocrx_word' id='word_1_120' title='bbox 706 1077 777 1108; x_wconf 87' lang='lat' dir='ltr'>Att.</span> <span class='ocrx_word' id='word_1_121' title='bbox 794 1079 816 1108; x_wconf 90' lang='lat' dir='ltr'>i.</span> <span class='ocrx_word' id='word_1_122' title='bbox 834 1081 882 1109; x_wconf 90' lang='lat' dir='ltr'>ll.</span> 
     </span>
     <span class='ocr_line' id='line_1_23' title="bbox 146 1121 882 1160; baseline -0.003 -6"><span class='ocrx_word' id='word_1_123' title='bbox 146 1123 232 1154; x_wconf 86' lang='lat' dir='ltr'>scito</span> <span class='ocrx_word' id='word_1_124' title='bbox 249 1123 333 1154; x_wconf 89' lang='lat' dir='ltr'>nihil</span> <span class='ocrx_word' id='word_1_125' title='bbox 347 1130 418 1153; x_wconf 86' lang='lat' dir='ltr'>tam</span> <span class='ocrx_word' id='word_1_126' title='bbox 435 1123 615 1153; x_wconf 70' lang='lat' dir='ltr'>exercitum</span> <span class='ocrx_word' id='word_1_127' title='bbox 631 1121 731 1152; x_wconf 81' lang='lat' dir='ltr'>fuisse</span> <span class='ocrx_word' id='word_1_128' title='bbox 754 1123 882 1160; x_wconf 74' lang='lat' dir='ltr'>Romae,</span> 
     </span>
     <span class='ocr_line' id='line_1_24' title="bbox 147 1166 883 1206; baseline -0.003 -9"><span class='ocrx_word' id='word_1_129' title='bbox 147 1177 250 1206; x_wconf 82' lang='lat' dir='ltr'>quam</span> <span class='ocrx_word' id='word_1_130' title='bbox 277 1167 485 1203; x_wconf 83' lang='lat' dir='ltr'>candidatos,</span> <span class='ocrx_word' id='word_1_131' title='bbox 512 1166 666 1196; x_wconf 88' lang='lat' dir='ltr'>omnibus</span> <span class='ocrx_word' id='word_1_132' title='bbox 695 1166 883 1206; x_wconf 84' lang='lat' dir='ltr'>iniquitati-</span> 
     </span>
     <span class='ocr_line' id='line_1_25' title="bbox 146 1210 883 1242; baseline -0.003 -1"><span class='ocrx_word' id='word_1_133' title='bbox 146 1210 220 1241; x_wconf 87' lang='lat' dir='ltr'><strong>bus.</strong></span> <span class='ocrx_word' id='word_1_134' title='bbox 249 1211 350 1242; x_wconf 88' lang='lat' dir='ltr'>Tusc.</span> <span class='ocrx_word' id='word_1_135' title='bbox 377 1211 412 1241; x_wconf 91' lang='lat' dir='ltr'>ii.</span> <span class='ocrx_word' id='word_1_136' title='bbox 442 1211 490 1240; x_wconf 88' lang='lat'>16.</span> <span class='ocrx_word' id='word_1_137' title='bbox 523 1210 619 1239; x_wconf 69' lang='lat' dir='ltr'>miles</span> <span class='ocrx_word' id='word_1_138' title='bbox 644 1213 738 1239; x_wconf 82' lang='lat' dir='ltr'>vetus</span> <span class='ocrx_word' id='word_1_139' title='bbox 762 1211 883 1240; x_wconf 61' lang='lat' dir='ltr'>exerei-</span> 
     </span>
     <span class='ocr_line' id='line_1_26' title="bbox 147 1253 883 1286; baseline -0.003 -1"><span class='ocrx_word' id='word_1_140' title='bbox 147 1258 211 1286; x_wconf 75' lang='lat' dir='ltr'>tus.</span> <span class='ocrx_word' id='word_1_141' title='bbox 226 1264 258 1285; x_wconf 93' lang='lat' dir='ltr'>v.</span> <span class='ocrx_word' id='word_1_142' title='bbox 274 1254 418 1285; x_wconf 86' lang='lat' dir='ltr'>Gronov.</span> <span class='ocrx_word' id='word_1_143' title='bbox 435 1254 571 1285; x_wconf 82' lang='lat' dir='ltr'>Observ.</span> <span class='ocrx_word' id='word_1_144' title='bbox 588 1253 629 1283; x_wconf 92' lang='lat' dir='ltr'>iv.</span> <span class='ocrx_word' id='word_1_145' title='bbox 651 1256 679 1284; x_wconf 93' lang='lat' dir='ltr'>l.</span> <span class='ocrx_word' id='word_1_146' title='bbox 707 1253 823 1284; x_wconf 82' lang='lat' dir='ltr'>Burin.</span> <span class='ocrx_word' id='word_1_147' title='bbox 841 1253 883 1283; x_wconf 83' lang='lat' dir='ltr'>ad</span> 
     </span>
     <span class='ocr_line' id='line_1_27' title="bbox 146 1297 598 1329; baseline -0.007 0"><span class='ocrx_word' id='word_1_148' title='bbox 146 1299 240 1329; x_wconf 85' lang='lat' dir='ltr'>Suet.</span> <span class='ocrx_word' id='word_1_149' title='bbox 256 1297 331 1328; x_wconf 90' lang='lat' dir='ltr'>Tib.</span> <span class='ocrx_word' id='word_1_150' title='bbox 349 1298 380 1328; x_wconf 89' lang='lat'>6.</span> <span class='ocrx_word' id='word_1_151' title='bbox 596 1324 598 1326; x_wconf 85' lang='lat'>.</span> 
     </span>
    </p>

    <p class='ocr_par' dir='ltr' id='par_1_7' title="bbox 136 1340 882 1861">
     <span class='ocr_line' id='line_1_28' title="bbox 190 1340 880 1379; baseline -0.001 -7"><span class='ocrx_word' id='word_1_152' title='bbox 190 1342 398 1379; x_wconf 64' lang='lat' dir='ltr'>Eoehaurire,</span> <span class='ocrx_word' id='word_1_153' title='bbox 415 1341 557 1378; x_wconf 83' lang='lat' dir='ltr'>auferre,</span> <span class='ocrx_word' id='word_1_154' title='bbox 573 1340 730 1371; x_wconf 80' lang='lat' dir='ltr'>eximere.</span> <span class='ocrx_word' id='word_1_155' title='bbox 749 1340 789 1370; x_wconf 83' lang='lat' dir='ltr'>ad</span> <span class='ocrx_word' id='word_1_156' title='bbox 805 1341 880 1371; x_wconf 89' lang='lat' dir='ltr'>Div.</span> 
     </span>
     <span class='ocr_line' id='line_1_29' title="bbox 146 1383 880 1424; baseline -0.001 -9"><span class='ocrx_word' id='word_1_157' title='bbox 146 1394 179 1416; x_wconf 74' lang='grc' dir='ltr'><strong>ν.</strong></span> <span class='ocrx_word' id='word_1_158' title='bbox 200 1386 248 1416; x_wconf 88' lang='lat'>16.</span> <span class='ocrx_word' id='word_1_159' title='bbox 278 1387 451 1416; x_wconf 70' lang='lat' dir='ltr'>exhauriri</span> <span class='ocrx_word' id='word_1_160' title='bbox 473 1385 535 1414; x_wconf 84' lang='lat' dir='ltr'>tibi</span> <span class='ocrx_word' id='word_1_161' title='bbox 559 1385 621 1414; x_wconf 79' lang='lat' dir='ltr'>iste</span> <span class='ocrx_word' id='word_1_162' title='bbox 645 1383 738 1413; x_wconf 86' lang='lat' dir='ltr'>dolor</span> <span class='ocrx_word' id='word_1_163' title='bbox 758 1389 880 1424; x_wconf 80' lang='lat' dir='ltr'>potest.</span> 
     </span>
     <span class='ocr_line' id='line_1_30' title="bbox 146 1427 882 1467; baseline -0.004 -7"><span class='ocrx_word' id='word_1_164' title='bbox 146 1428 219 1460; x_wconf 84' lang='lat' dir='ltr'>Att.</span> <span class='ocrx_word' id='word_1_165' title='bbox 235 1430 268 1459; x_wconf 91' lang='lat' dir='ltr'>ii.</span> <span class='ocrx_word' id='word_1_166' title='bbox 285 1431 337 1460; x_wconf 71' lang='grc'><strong>91.</strong></span> <span class='ocrx_word' id='word_1_167' title='bbox 367 1438 460 1458; x_wconf 85' lang='lat' dir='ltr'>amor</span> <span class='ocrx_word' id='word_1_168' title='bbox 475 1429 647 1458; x_wconf 66' lang='lat' dir='ltr'>exhauriri</span> <span class='ocrx_word' id='word_1_169' title='bbox 663 1427 756 1457; x_wconf 84' lang='lat' dir='ltr'>nulla</span> <span class='ocrx_word' id='word_1_170' title='bbox 771 1431 882 1467; x_wconf 87' lang='lat' dir='ltr'>potest</span> 
     </span>
     <span class='ocr_line' id='line_1_31' title="bbox 148 1471 881 1511; baseline 0 -9"><span class='ocrx_word' id='word_1_171' title='bbox 148 1472 283 1511; x_wconf 76' lang='lat' dir='ltr'>injuria.</span> <span class='ocrx_word' id='word_1_172' title='bbox 316 1474 407 1503; x_wconf 85' lang='lat' dir='ltr'>Sext.</span> <span class='ocrx_word' id='word_1_173' title='bbox 424 1475 475 1503; x_wconf 70' lang='lat'>21.</span> <span class='ocrx_word' id='word_1_174' title='bbox 503 1472 620 1503; x_wconf 82' lang='lat' dir='ltr'>eadem</span> <span class='ocrx_word' id='word_1_175' title='bbox 637 1471 699 1502; x_wconf 88' lang='lat' dir='ltr'>sibi</span> <span class='ocrx_word' id='word_1_176' title='bbox 716 1481 818 1502; x_wconf 82' lang='lat' dir='ltr'>manu</span> <span class='ocrx_word' id='word_1_177' title='bbox 835 1472 881 1502; x_wconf 75' lang='lat' dir='ltr'>vi-</span> 
     </span>
     <span class='ocr_line' id='line_1_32' title="bbox 144 1515 880 1555; baseline -0.001 -9"><span class='ocrx_word' id='word_1_178' title='bbox 144 1519 216 1546; x_wconf 82' lang='lat' dir='ltr'>tam</span> <span class='ocrx_word' id='word_1_179' title='bbox 241 1517 437 1547; x_wconf 71' lang='lat' dir='ltr'>exhausisse.</span> <span class='ocrx_word' id='word_1_180' title='bbox 462 1516 540 1546; x_wconf 86' lang='lat' dir='ltr'>ibid.</span> <span class='ocrx_word' id='word_1_181' title='bbox 565 1519 617 1549; x_wconf 87' lang='lat'>37.</span> <span class='ocrx_word' id='word_1_182' title='bbox 649 1525 717 1545; x_wconf 89' lang='lat' dir='ltr'>una</span> <span class='ocrx_word' id='word_1_183' title='bbox 739 1515 838 1555; x_wconf 77' lang='lat' dir='ltr'>plaga</span> <span class='ocrx_word' id='word_1_184' title='bbox 853 1515 880 1545; x_wconf 91' lang='lat' dir='ltr'>si</span> 
     </span>
     <span class='ocr_line' id='line_1_33' title="bbox 146 1559 880 1599; baseline -0.001 -9"><span class='ocrx_word' id='word_1_185' title='bbox 146 1561 353 1598; x_wconf 80' lang='lat' dir='ltr'>accessisset,</span> <span class='ocrx_word' id='word_1_186' title='bbox 382 1560 549 1598; x_wconf 86' lang='lat' dir='ltr'>reliquum</span> <span class='ocrx_word' id='word_1_187' title='bbox 575 1559 731 1599; x_wconf 79' lang='lat' dir='ltr'>spiritum</span> <span class='ocrx_word' id='word_1_188' title='bbox 758 1560 880 1589; x_wconf 67' lang='lat' dir='ltr'>exhau-</span> 
     </span>
     <span class='ocr_line' id='line_1_34' title="bbox 145 1601 877 1641; baseline -0.003 -8"><span class='ocrx_word' id='word_1_189' title='bbox 145 1604 246 1636; x_wconf 74' lang='lat' dir='ltr'>sisset.</span> <span class='ocrx_word' id='word_1_190' title='bbox 283 1603 326 1634; x_wconf 88' lang='lat' dir='ltr'>ad</span> <span class='ocrx_word' id='word_1_191' title='bbox 350 1604 427 1634; x_wconf 82' lang='lat' dir='ltr'>Div.</span> <span class='ocrx_word' id='word_1_192' title='bbox 451 1603 494 1633; x_wconf 81' lang='lat' dir='ltr'>ix.</span> <span class='ocrx_word' id='word_1_193' title='bbox 523 1605 571 1633; x_wconf 79' lang='lat'>14.</span> <span class='ocrx_word' id='word_1_194' title='bbox 603 1612 703 1641; x_wconf 84' lang='lat' dir='ltr'>quam</span> <span class='ocrx_word' id='word_1_195' title='bbox 732 1601 877 1640; x_wconf 81' lang='lat' dir='ltr'>aliquam</span> 
     </span>
     <span class='ocr_line' id='line_1_35' title="bbox 136 1646 878 1686; baseline 0.001 -12"><span class='ocrx_word' id='word_1_196' title='bbox 136 1650 280 1686; x_wconf 73' lang='lat' dir='ltr'>,partem</span> <span class='ocrx_word' id='word_1_197' title='bbox 310 1647 517 1678; x_wconf 66' lang='lat' dir='ltr'>exhauserim</span> <span class='ocrx_word' id='word_1_198' title='bbox 547 1646 587 1675; x_wconf 83' lang='lat' dir='ltr'>de</span> <span class='ocrx_word' id='word_1_199' title='bbox 619 1647 685 1676; x_wconf 84' lang='lat' dir='ltr'>tuis</span> <span class='ocrx_word' id='word_1_200' title='bbox 715 1646 878 1676; x_wconf 81' lang='lat' dir='ltr'>laudibus.</span> 
     </span>
     <span class='ocr_line' id='line_1_36' title="bbox 146 1690 879 1730; baseline -0.004 -9"><span class='ocrx_word' id='word_1_201' title='bbox 146 1690 214 1730; x_wconf 63' lang='grc'>*9.</span> <span class='ocrx_word' id='word_1_202' title='bbox 230 1691 282 1721; x_wconf 78' lang='lat' dir='ltr'>Fr.</span> <span class='ocrx_word' id='word_1_203' title='bbox 300 1691 321 1721; x_wconf 92' lang='lat' dir='ltr'>i.</span> <span class='ocrx_word' id='word_1_204' title='bbox 337 1693 368 1722; x_wconf 72' lang='lat'>2.</span> <span class='ocrx_word' id='word_1_205' title='bbox 385 1694 412 1720; x_wconf 92' lang='lat' dir='ltr'>l.</span> <span class='ocrx_word' id='word_1_206' title='bbox 435 1692 613 1721; x_wconf 72' lang='lat' dir='ltr'>exhaustus</span> <span class='ocrx_word' id='word_1_207' title='bbox 629 1694 679 1720; x_wconf 84' lang='lat' dir='ltr'>est</span> <span class='ocrx_word' id='word_1_208' title='bbox 695 1699 803 1719; x_wconf 82' lang='lat' dir='ltr'>sermo</span> <span class='ocrx_word' id='word_1_209' title='bbox 821 1690 879 1719; x_wconf 90' lang='lat' dir='ltr'>ho-</span> 
     </span>
     <span class='ocr_line' id='line_1_37' title="bbox 143 1733 879 1772; baseline -0.001 -8"><span class='ocrx_word' id='word_1_210' title='bbox 143 1736 276 1764; x_wconf 88' lang='lat' dir='ltr'>minum</span> <span class='ocrx_word' id='word_1_211' title='bbox 293 1745 300 1764; x_wconf 79' lang='lat' dir='ltr'>z</span> <span class='ocrx_word' id='word_1_212' title='bbox 326 1735 348 1764; x_wconf 92' lang='lat' dir='ltr'>i.</span> <span class='ocrx_word' id='word_1_213' title='bbox 372 1744 400 1763; x_wconf 87' lang='lat' dir='ltr'>e.</span> <span class='ocrx_word' id='word_1_214' title='bbox 419 1734 530 1771; x_wconf 84' lang='lat' dir='ltr'>desiit,</span> <span class='ocrx_word' id='word_1_215' title='bbox 549 1733 750 1772; x_wconf 82' lang='lat' dir='ltr'>conquievit.</span> <span class='ocrx_word' id='word_1_216' title='bbox 774 1733 792 1751; x_wconf 62' lang='lat'>*⁴</span> <span class='ocrx_word' id='word_1_217' title='bbox 806 1743 879 1772; x_wconf 85' lang='lat' dir='ltr'>per-</span> 
     </span>
     <span class='ocr_line' id='line_1_38' title="bbox 142 1777 880 1809; baseline -0.003 -1"><span class='ocrx_word' id='word_1_218' title='bbox 142 1777 255 1809; x_wconf 81' lang='lat' dir='ltr'>ficere.</span> <span class='ocrx_word' id='word_1_219' title='bbox 286 1777 356 1808; x_wconf 81' lang='lat' dir='ltr'>Att.</span> <span class='ocrx_word' id='word_1_220' title='bbox 372 1788 404 1808; x_wconf 86' lang='grc' dir='ltr'><strong>ν.</strong></span> <span class='ocrx_word' id='word_1_221' title='bbox 424 1781 451 1807; x_wconf 91' lang='lat'>1.</span> <span class='ocrx_word' id='word_1_222' title='bbox 472 1781 519 1808; x_wconf 89' lang='lat'>13.</span> <span class='ocrx_word' id='word_1_223' title='bbox 550 1778 725 1808; x_wconf 66' lang='lat' dir='ltr'>erhaurz&#39;re</span> <span class='ocrx_word' id='word_1_224' title='bbox 742 1777 880 1807; x_wconf 87' lang='lat' dir='ltr'>manda-</span> 
     </span>
     <span class='ocr_line' id='line_1_39' title="bbox 140 1820 880 1861; baseline -0.001 -9"><span class='ocrx_word' id='word_1_225' title='bbox 140 1824 190 1852; x_wconf 85' lang='lat' dir='ltr'>ta.</span> <span class='ocrx_word' id='word_1_226' title='bbox 215 1821 325 1861; x_wconf 58' lang='lat' dir='ltr'>*Agin</span> <span class='ocrx_word' id='word_1_227' title='bbox 350 1822 384 1851; x_wconf 88' lang='lat' dir='ltr'>ii.</span> <span class='ocrx_word' id='word_1_228' title='bbox 408 1821 461 1852; x_wconf 70' lang='lat' dir='ltr'>QG.</span> <span class='ocrx_word' id='word_1_229' title='bbox 484 1821 646 1850; x_wconf 80' lang='lat' dir='ltr'>urbanam</span> <span class='ocrx_word' id='word_1_230' title='bbox 673 1820 803 1860; x_wconf 77' lang='lat' dir='ltr'>plebem</span> <span class='ocrx_word' id='word_1_231' title='bbox 829 1821 880 1851; x_wconf 91' lang='lat' dir='ltr'>ni-</span> 
     </span>
    </p>

    <p class='ocr_par' dir='ltr' id='par_1_8' title="bbox 110 1865 879 2957">
     <span class='ocr_line' id='line_1_40' title="bbox 110 1865 879 1906; baseline -0.001 -11"><span class='ocrx_word' id='word_1_232' title='bbox 110 1903 113 1906; x_wconf 30' lang='lat'><em>·</em></span> <span class='ocrx_word' id='word_1_233' title='bbox 144 1866 252 1895; x_wconf 83' lang='lat' dir='ltr'>mium</span> <span class='ocrx_word' id='word_1_234' title='bbox 290 1865 324 1895; x_wconf 92' lang='lat' dir='ltr'>in</span> <span class='ocrx_word' id='word_1_235' title='bbox 362 1875 431 1905; x_wconf 88' lang='lat' dir='ltr'>rep.</span> <span class='ocrx_word' id='word_1_236' title='bbox 461 1874 576 1904; x_wconf 87' lang='lat' dir='ltr'>posse:</span> <span class='ocrx_word' id='word_1_237' title='bbox 616 1865 879 1895; x_wconf 62' lang='lat' dir='ltr'>eaelaaurz&#39;endam</span> 
     </span>
     <span class='ocr_line' id='line_1_41' title="bbox 144 1908 841 1949; baseline -0.003 -10"><span class='ocrx_word' id='word_1_238' title='bbox 144 1914 229 1945; x_wconf 78' lang='lat' dir='ltr'>esse,</span> <span class='ocrx_word' id='word_1_239' title='bbox 246 1918 291 1939; x_wconf 86' lang='lat' dir='ltr'>se.</span> <span class='ocrx_word' id='word_1_240' title='bbox 309 1912 482 1947; x_wconf 84' lang='lat' dir='ltr'>tamquam</span> <span class='ocrx_word' id='word_1_241' title='bbox 498 1908 665 1938; x_wconf 79' lang='lat' dir='ltr'>sentinam</span> <span class='ocrx_word' id='word_1_242' title='bbox 683 1908 841 1949; x_wconf 81' lang='lat' dir='ltr'>aliquam.</span> 
     </span>
     <span class='ocr_line' id='line_1_42' title="bbox 188 1952 878 1992; baseline 0 -10"><span class='ocrx_word' id='word_1_243' title='bbox 188 1952 369 1989; x_wconf 71' lang='lat' dir='ltr'>Exhibere,</span> <span class='ocrx_word' id='word_1_244' title='bbox 389 1956 441 1982; x_wconf 85' lang='lat' dir='ltr'>est</span> <span class='ocrx_word' id='word_1_245' title='bbox 464 1952 647 1992; x_wconf 74' lang='lat' dir='ltr'>producere</span> <span class='ocrx_word' id='word_1_246' title='bbox 673 1955 733 1981; x_wconf 84' lang='lat' dir='ltr'>aut</span> <span class='ocrx_word' id='word_1_247' title='bbox 757 1955 878 1982; x_wconf 81' lang='lat' dir='ltr'>testem</span> 
     </span>
     <span class='ocr_line' id='line_1_43' title="bbox 143 1995 878 2036; baseline 0 -11"><span class='ocrx_word' id='word_1_248' title='bbox 143 1995 179 2026; x_wconf 89' lang='lat' dir='ltr'>in</span> <span class='ocrx_word' id='word_1_249' title='bbox 189 1996 372 2035; x_wconf 83' lang='lat' dir='ltr'>judicium,</span> <span class='ocrx_word' id='word_1_250' title='bbox 391 1996 431 2026; x_wconf 81' lang='lat' dir='ltr'>ad</span> <span class='ocrx_word' id='word_1_251' title='bbox 447 1995 662 2036; x_wconf 79' lang='lat' dir='ltr'>populunwe,</span> <span class='ocrx_word' id='word_1_252' title='bbox 676 1998 735 2026; x_wconf 84' lang='lat' dir='ltr'>aut</span> <span class='ocrx_word' id='word_1_253' title='bbox 746 2005 878 2026; x_wconf 88' lang='lat' dir='ltr'>servum</span> 
     </span>
     <span class='ocr_line' id='line_1_44' title="bbox 142 2039 878 2079; baseline 0 -10"><span class='ocrx_word' id='word_1_254' title='bbox 142 2039 177 2069; x_wconf 88' lang='lat' dir='ltr'>in</span> <span class='ocrx_word' id='word_1_255' title='bbox 218 2040 439 2078; x_wconf 79' lang='lat' dir='ltr'>quaestionem</span> <span class='ocrx_word' id='word_1_256' title='bbox 477 2040 537 2069; x_wconf 90' lang='lat' dir='ltr'>&amp;c.</span> <span class='ocrx_word' id='word_1_257' title='bbox 578 2039 688 2076; x_wconf 80' lang='lat' dir='ltr'>verbo,</span> <span class='ocrx_word' id='word_1_258' title='bbox 720 2044 878 2079; x_wconf 84' lang='lat' dir='ltr'>praestare</span> 
     </span>
     <span class='ocr_line' id='line_1_45' title="bbox 145 2083 877 2123; baseline 0 -10"><span class='ocrx_word' id='word_1_259' title='bbox 145 2090 346 2123; x_wconf 60' lang='lat' dir='ltr'>praesentem</span> <span class='ocrx_word' id='word_1_260' title='bbox 385 2083 544 2122; x_wconf 81' lang='lat' dir='ltr'>aliquem,</span> <span class='ocrx_word' id='word_1_261' title='bbox 579 2093 655 2112; x_wconf 87' lang='lat' dir='ltr'>cum</span> <span class='ocrx_word' id='word_1_262' title='bbox 695 2093 778 2123; x_wconf 88' lang='lat' dir='ltr'>opus</span> <span class='ocrx_word' id='word_1_263' title='bbox 816 2089 877 2113; x_wconf 88' lang='lat' dir='ltr'>est.</span> 
     </span>
     <span class='ocr_line' id='line_1_46' title="bbox 145 2125 879 2163; baseline 0.001 -8"><span class='ocrx_word' id='word_1_264' title='bbox 145 2125 253 2159; x_wconf 75' lang='lat' dir='ltr'>Flacc.</span> <span class='ocrx_word' id='word_1_265' title='bbox 284 2130 332 2157; x_wconf 89' lang='lat'>15.</span> <span class='ocrx_word' id='word_1_266' title='bbox 363 2127 482 2157; x_wconf 76' lang='lat' dir='ltr'>fratres</span> <span class='ocrx_word' id='word_1_267' title='bbox 508 2127 631 2163; x_wconf 69' lang='lat' dir='ltr'>exli-ibe,</span> <span class='ocrx_word' id='word_1_268' title='bbox 656 2136 722 2156; x_wconf 87' lang='lat' dir='ltr'>non</span> <span class='ocrx_word' id='word_1_269' title='bbox 749 2127 879 2156; x_wconf 88' lang='lat' dir='ltr'>denun—</span> 
     </span>
     <span class='ocr_line' id='line_1_47' title="bbox 144 2170 879 2204; baseline 0 -4"><span class='ocrx_word' id='word_1_270' title='bbox 144 2170 238 2200; x_wconf 69' lang='lat' dir='ltr'>ciavi.</span> <span class='ocrx_word' id='word_1_271' title='bbox 268 2170 361 2200; x_wconf 84' lang='lat' dir='ltr'>Verr.</span> <span class='ocrx_word' id='word_1_272' title='bbox 386 2181 415 2200; x_wconf 91' lang='grc' dir='ltr'>ν.</span> <span class='ocrx_word' id='word_1_273' title='bbox 439 2174 469 2204; x_wconf 87' lang='grc'><strong>7.</strong></span> <span class='ocrx_word' id='word_1_274' title='bbox 501 2180 632 2200; x_wconf 85' lang='lat' dir='ltr'>servum</span> <span class='ocrx_word' id='word_1_275' title='bbox 658 2171 774 2200; x_wconf 72' lang='lat' dir='ltr'>statim</span> <span class='ocrx_word' id='word_1_276' title='bbox 791 2172 879 2200; x_wconf 54' lang='lat' dir='ltr'><strong><em>acha·-</em></strong></span> 
     </span>
     <span class='ocr_line' id='line_1_48' title="bbox 145 2213 878 2253; baseline 0 -9"><span class='ocrx_word' id='word_1_277' title='bbox 145 2214 215 2244; x_wconf 75' lang='lat' dir='ltr'>bere</span> <span class='ocrx_word' id='word_1_278' title='bbox 226 2214 334 2253; x_wconf 88' lang='lat' dir='ltr'>jubet.</span> <span class='ocrx_word' id='word_1_279' title='bbox 364 2214 436 2244; x_wconf 87' lang='lat' dir='ltr'>Att.</span> <span class='ocrx_word' id='word_1_280' title='bbox 451 2224 480 2243; x_wconf 89' lang='lat' dir='ltr'>v.</span> <span class='ocrx_word' id='word_1_281' title='bbox 501 2216 549 2243; x_wconf 89' lang='lat'>18.</span> <span class='ocrx_word' id='word_1_282' title='bbox 580 2213 639 2243; x_wconf 82' lang='lat' dir='ltr'>sed</span> <span class='ocrx_word' id='word_1_283' title='bbox 656 2215 728 2252; x_wconf 79' lang='lat' dir='ltr'>jam</span> <span class='ocrx_word' id='word_1_284' title='bbox 753 2215 878 2244; x_wconf 64' lang='lat' dir='ltr'>exhibeo</span> 
     </span>
     <span class='ocr_line' id='line_1_49' title="bbox 141 2257 877 2297; baseline 0.001 -11"><span class='ocrx_word' id='word_1_285' title='bbox 141 2257 325 2297; x_wconf 77' lang='lat' dir='ltr'>pupillum,</span> <span class='ocrx_word' id='word_1_286' title='bbox 358 2267 423 2287; x_wconf 88' lang='lat' dir='ltr'>non</span> <span class='ocrx_word' id='word_1_287' title='bbox 463 2257 616 2287; x_wconf 80' lang='lat' dir='ltr'>defendo.</span> <span class='ocrx_word' id='word_1_288' title='bbox 671 2257 757 2287; x_wconf 90' lang='lat' dir='ltr'>Sunt</span> <span class='ocrx_word' id='word_1_289' title='bbox 787 2259 877 2287; x_wconf 84' lang='lat' dir='ltr'>enim</span> 
     </span>
     <span class='ocr_line' id='line_1_50' title="bbox 142 2300 878 2339; baseline 0.001 -9"><span class='ocrx_word' id='word_1_290' title='bbox 142 2300 237 2331; x_wconf 77' lang='lat' dir='ltr'>lenta</span> <span class='ocrx_word' id='word_1_291' title='bbox 252 2307 283 2330; x_wconf 76' lang='lat' dir='ltr'>et</span> <span class='ocrx_word' id='word_1_292' title='bbox 302 2301 416 2332; x_wconf 81' lang='lat' dir='ltr'>inania</span> <span class='ocrx_word' id='word_1_293' title='bbox 434 2301 579 2339; x_wconf 59' lang='lat' dir='ltr'>negotia.</span> <span class='ocrx_word' id='word_1_294' title='bbox 604 2301 710 2330; x_wconf 77' lang='lat' dir='ltr'>intell.</span> <span class='ocrx_word' id='word_1_295' title='bbox 735 2301 878 2331; x_wconf 83' lang='lat' dir='ltr'>credito-</span> 
     </span>
     <span class='ocr_line' id='line_1_51' title="bbox 142 2344 877 2385; baseline 0 -11"><span class='ocrx_word' id='word_1_296' title='bbox 142 2345 246 2380; x_wconf 83' lang='lat' dir='ltr'>ribus,</span> <span class='ocrx_word' id='word_1_297' title='bbox 263 2349 302 2374; x_wconf 84' lang='lat' dir='ltr'>ut</span> <span class='ocrx_word' id='word_1_298' title='bbox 325 2345 387 2385; x_wconf 71' lang='lat' dir='ltr'>ipsi.</span> <span class='ocrx_word' id='word_1_299' title='bbox 412 2346 548 2384; x_wconf 78' lang='lat' dir='ltr'>exigant</span> <span class='ocrx_word' id='word_1_300' title='bbox 574 2344 613 2373; x_wconf 83' lang='lat' dir='ltr'>ab</span> <span class='ocrx_word' id='word_1_301' title='bbox 631 2354 669 2373; x_wconf 90' lang='lat' dir='ltr'>eo</span> <span class='ocrx_word' id='word_1_302' title='bbox 688 2347 877 2384; x_wconf 84' lang='lat' dir='ltr'>pecuniam.</span> 
     </span>
     <span class='ocr_line' id='line_1_52' title="bbox 141 2386 877 2419; baseline 0.003 -3"><span class='ocrx_word' id='word_1_303' title='bbox 141 2386 162 2406; x_wconf 44' lang='grc' dir='ltr'>*ἕ</span> <span class='ocrx_word' id='word_1_304' title='bbox 175 2387 258 2418; x_wconf 72' lang='lat' dir='ltr'>Phil.</span> <span class='ocrx_word' id='word_1_305' title='bbox 275 2389 317 2418; x_wconf 89' lang='lat' dir='ltr'>vi.</span> <span class='ocrx_word' id='word_1_306' title='bbox 333 2391 364 2419; x_wconf 87' lang='lat'>3.</span> <span class='ocrx_word' id='word_1_307' title='bbox 388 2388 505 2418; x_wconf 77' lang='lat' dir='ltr'>borani</span> <span class='ocrx_word' id='word_1_308' title='bbox 527 2389 675 2418; x_wconf 61' lang='lat' dir='ltr'>exhibere</span> <span class='ocrx_word' id='word_1_309' title='bbox 698 2387 824 2418; x_wconf 88' lang='lat' dir='ltr'>nullam</span> <span class='ocrx_word' id='word_1_310' title='bbox 843 2389 877 2419; x_wconf 91' lang='lat' dir='ltr'>in</span> 
     </span>
     <span class='ocr_line' id='line_1_53' title="bbox 141 2430 877 2462; baseline 0.003 -2"><span class='ocrx_word' id='word_1_311' title='bbox 141 2430 202 2461; x_wconf 86' lang='lat' dir='ltr'>tali</span> <span class='ocrx_word' id='word_1_312' title='bbox 235 2433 302 2461; x_wconf 69' lang='lat' dir='ltr'>cive</span> <span class='ocrx_word' id='word_1_313' title='bbox 336 2431 507 2462; x_wconf 79' lang='lat' dir='ltr'>liberando</span> <span class='ocrx_word' id='word_1_314' title='bbox 540 2433 611 2461; x_wconf 87' lang='lat' dir='ltr'>sine</span> <span class='ocrx_word' id='word_1_315' title='bbox 649 2432 772 2461; x_wconf 81' lang='lat' dir='ltr'>scelere</span> <span class='ocrx_word' id='word_1_316' title='bbox 810 2442 877 2462; x_wconf 83' lang='lat' dir='ltr'>non</span> 
     </span>
     <span class='ocr_line' id='line_1_54' title="bbox 141 2475 877 2515; baseline 0.003 -11"><span class='ocrx_word' id='word_1_317' title='bbox 141 2484 339 2515; x_wconf 81' lang='lat' dir='ltr'>possumus:</span> <span class='ocrx_word' id='word_1_318' title='bbox 366 2475 398 2504; x_wconf 88' lang='lat' dir='ltr'>h.</span> <span class='ocrx_word' id='word_1_319' title='bbox 423 2485 451 2504; x_wconf 86' lang='lat' dir='ltr'>e.</span> <span class='ocrx_word' id='word_1_320' title='bbox 477 2484 577 2504; x_wconf 87' lang='lat' dir='ltr'>omne</span> <span class='ocrx_word' id='word_1_321' title='bbox 600 2480 734 2514; x_wconf 81' lang='lat' dir='ltr'>tempus</span> <span class='ocrx_word' id='word_1_322' title='bbox 759 2476 792 2505; x_wconf 90' lang='lat' dir='ltr'>in</span> <span class='ocrx_word' id='word_1_323' title='bbox 818 2476 877 2506; x_wconf 84' lang='lat' dir='ltr'>tali</span> 
     </span>
     <span class='ocr_line' id='line_1_55' title="bbox 143 2518 878 2550; baseline 0.003 -3"><span class='ocrx_word' id='word_1_324' title='bbox 143 2518 214 2548; x_wconf 86' lang='lat' dir='ltr'>cive</span> <span class='ocrx_word' id='word_1_325' title='bbox 225 2518 397 2548; x_wconf 84' lang='lat' dir='ltr'>liberando</span> <span class='ocrx_word' id='word_1_326' title='bbox 409 2528 604 2548; x_wconf 82' lang='lat' dir='ltr'>consumere</span> <span class='ocrx_word' id='word_1_327' title='bbox 621 2518 792 2548; x_wconf 79' lang='lat' dir='ltr'>debemus.</span> <span class='ocrx_word' id='word_1_328' title='bbox 807 2529 878 2550; x_wconf 88' lang='lat' dir='ltr'>om-</span> 
     </span>
     <span class='ocr_line' id='line_1_56' title="bbox 138 2561 872 2602; baseline 0.004 -12"><span class='ocrx_word' id='word_1_329' title='bbox 138 2570 196 2591; x_wconf 82' lang='lat' dir='ltr'>nes</span> <span class='ocrx_word' id='word_1_330' title='bbox 224 2561 326 2602; x_wconf 82' lang='lat' dir='ltr'>(suas)</span> <span class='ocrx_word' id='word_1_331' title='bbox 354 2562 450 2592; x_wconf 81' lang='lat' dir='ltr'>horas</span> <span class='ocrx_word' id='word_1_332' title='bbox 475 2563 509 2592; x_wconf 92' lang='lat' dir='ltr'>in</span> <span class='ocrx_word' id='word_1_333' title='bbox 533 2572 566 2591; x_wconf 91' lang='lat' dir='ltr'>re</span> <span class='ocrx_word' id='word_1_334' title='bbox 583 2562 695 2602; x_wconf 83' lang='lat' dir='ltr'>aliqua</span> <span class='ocrx_word' id='word_1_335' title='bbox 711 2563 872 2601; x_wconf 63' lang='lat' dir='ltr'>exhibere,</span> 
     </span>
     <span class='ocr_line' id='line_1_57' title="bbox 142 2605 877 2645; baseline 0.004 -11"><span class='ocrx_word' id='word_1_336' title='bbox 142 2605 226 2644; x_wconf 87' lang='lat' dir='ltr'>quin</span> <span class='ocrx_word' id='word_1_337' title='bbox 243 2605 345 2635; x_wconf 79' lang='lat' dir='ltr'>latine</span> <span class='ocrx_word' id='word_1_338' title='bbox 362 2606 425 2635; x_wconf 84' lang='lat' dir='ltr'>dici</span> <span class='ocrx_word' id='word_1_339' title='bbox 443 2606 558 2645; x_wconf 82' lang='lat' dir='ltr'>possit,</span> <span class='ocrx_word' id='word_1_340' title='bbox 571 2615 638 2636; x_wconf 89' lang='lat' dir='ltr'>non</span> <span class='ocrx_word' id='word_1_341' title='bbox 655 2606 877 2637; x_wconf 75' lang='lat' dir='ltr'>dubitandum</span> 
     </span>
     <span class='ocr_line' id='line_1_58' title="bbox 141 2649 876 2690; baseline 0.004 -12"><span class='ocrx_word' id='word_1_342' title='bbox 141 2655 239 2689; x_wconf 84' lang='lat' dir='ltr'>puto.</span> <span class='ocrx_word' id='word_1_343' title='bbox 276 2649 429 2679; x_wconf 80' lang='lat' dir='ltr'>Eximere</span> <span class='ocrx_word' id='word_1_344' title='bbox 456 2649 572 2690; x_wconf 72' lang='lat' dir='ltr'>borani</span> <span class='ocrx_word' id='word_1_345' title='bbox 600 2649 688 2688; x_wconf 84' lang='lat' dir='ltr'>quod</span> <span class='ocrx_word' id='word_1_346' title='bbox 715 2650 876 2688; x_wconf 69' lang='lat' dir='ltr'>Fermrio,</span> 
     </span>
     <span class='ocr_line' id='line_1_59' title="bbox 142 2691 876 2733; baseline 0.004 -12"><span class='ocrx_word' id='word_1_347' title='bbox 142 2691 273 2722; x_wconf 83' lang='lat' dir='ltr'>Graevio</span> <span class='ocrx_word' id='word_1_348' title='bbox 299 2692 339 2722; x_wconf 85' lang='lat' dir='ltr'>ad</span> <span class='ocrx_word' id='word_1_349' title='bbox 363 2693 396 2724; x_wconf 91' lang='lat' dir='ltr'>h.</span> <span class='ocrx_word' id='word_1_350' title='bbox 414 2692 434 2722; x_wconf 92' lang='lat' dir='ltr'>l.</span> <span class='ocrx_word' id='word_1_351' title='bbox 459 2693 583 2723; x_wconf 77' lang='lat' dir='ltr'>Budaeo</span> <span class='ocrx_word' id='word_1_352' title='bbox 599 2693 640 2723; x_wconf 73' lang='lat' dir='ltr'>:id</span> <span class='ocrx_word' id='word_1_353' title='bbox 659 2693 760 2723; x_wconf 80' lang='lat' dir='ltr'>Pand.</span> <span class='ocrx_word' id='word_1_354' title='bbox 778 2704 809 2733; x_wconf 84' lang='lat' dir='ltr'>p.</span> <span class='ocrx_word' id='word_1_355' title='bbox 832 2705 876 2724; x_wconf 87' lang='lat' dir='ltr'>m.</span> 
     </span>
     <span class='ocr_line' id='line_1_60' title="bbox 143 2735 876 2776; baseline 0.001 -10"><span class='ocrx_word' id='word_1_356' title='bbox 143 2738 194 2767; x_wconf 70' lang='lat'>83.</span> <span class='ocrx_word' id='word_1_357' title='bbox 227 2738 262 2764; x_wconf 91' lang='lat' dir='ltr'>et</span> <span class='ocrx_word' id='word_1_358' title='bbox 284 2735 468 2766; x_wconf 81' lang='lat' dir='ltr'>Menkenio</span> <span class='ocrx_word' id='word_1_359' title='bbox 491 2737 570 2767; x_wconf 84' lang='lat' dir='ltr'>Obs.</span> <span class='ocrx_word' id='word_1_360' title='bbox 596 2736 632 2766; x_wconf 85' lang='lat' dir='ltr'>L.</span> <span class='ocrx_word' id='word_1_361' title='bbox 656 2736 693 2766; x_wconf 93' lang='lat' dir='ltr'>L.</span> <span class='ocrx_word' id='word_1_362' title='bbox 712 2736 876 2776; x_wconf 81' lang='lat' dir='ltr'>placebat,</span> 
     </span>
     <span class='ocr_line' id='line_1_61' title="bbox 141 2778 877 2821; baseline 0.004 -13"><span class='ocrx_word' id='word_1_363' title='bbox 141 2778 314 2818; x_wconf 74' lang='lat' dir='ltr'>eleganter</span> <span class='ocrx_word' id='word_1_364' title='bbox 337 2779 401 2808; x_wconf 86' lang='lat' dir='ltr'>dici</span> <span class='ocrx_word' id='word_1_365' title='bbox 427 2780 507 2816; x_wconf 87' lang='lat' dir='ltr'>scio,</span> <span class='ocrx_word' id='word_1_366' title='bbox 535 2783 569 2809; x_wconf 87' lang='lat' dir='ltr'>et</span> <span class='ocrx_word' id='word_1_367' title='bbox 593 2790 681 2820; x_wconf 82' lang='lat' dir='ltr'>saepe</span> <span class='ocrx_word' id='word_1_368' title='bbox 709 2786 760 2810; x_wconf 61' lang='lat' dir='ltr'>est</span> <span class='ocrx_word' id='word_1_369' title='bbox 788 2781 877 2821; x_wconf 89' lang='lat' dir='ltr'>apud</span> 
     </span>
     <span class='ocr_line' id='line_1_62' title="bbox 142 2821 877 2859; baseline 0.004 -8"><span class='ocrx_word' id='word_1_370' title='bbox 142 2821 353 2859; x_wconf 80' lang='lat' dir='ltr'>Ciceronem,</span> <span class='ocrx_word' id='word_1_371' title='bbox 377 2825 416 2851; x_wconf 87' lang='lat' dir='ltr'>ut</span> <span class='ocrx_word' id='word_1_372' title='bbox 440 2823 629 2853; x_wconf 79' lang='lat' dir='ltr'>mirandum</span> <span class='ocrx_word' id='word_1_373' title='bbox 657 2829 758 2858; x_wconf 82' lang='lat' dir='ltr'>esset,</span> <span class='ocrx_word' id='word_1_374' title='bbox 783 2825 808 2854; x_wconf 89' lang='lat' dir='ltr'>si</span> <span class='ocrx_word' id='word_1_375' title='bbox 839 2824 877 2854; x_wconf 93' lang='lat' dir='ltr'>li-</span> 
     </span>
     <span class='ocr_line' id='line_1_63' title="bbox 141 2864 878 2906; baseline 0.004 -11"><span class='ocrx_word' id='word_1_376' title='bbox 141 2864 243 2896; x_wconf 77' lang='lat' dir='ltr'>brarii</span> <span class='ocrx_word' id='word_1_377' title='bbox 257 2865 311 2895; x_wconf 87' lang='lat' dir='ltr'>hic</span> <span class='ocrx_word' id='word_1_378' title='bbox 328 2870 531 2903; x_wconf 76' lang='lat' dir='ltr'>mutassent,</span> <span class='ocrx_word' id='word_1_379' title='bbox 545 2867 617 2896; x_wconf 65' lang='lat' dir='ltr'>aliis.</span> <span class='ocrx_word' id='word_1_380' title='bbox 631 2867 709 2897; x_wconf 87' lang='lat' dir='ltr'>locis</span> <span class='ocrx_word' id='word_1_381' title='bbox 727 2868 878 2906; x_wconf 80' lang='lat' dir='ltr'>reliquis-</span> 
     </span>
     <span class='ocr_line' id='line_1_64' title="bbox 139 2908 878 2957; baseline 0.005 -16"><span class='ocrx_word' id='word_1_382' title='bbox 139 2913 229 2948; x_wconf 59' lang='lat' dir='ltr'>sent.</span> <span class='ocrx_word' id='word_1_383' title='bbox 260 2908 347 2942; x_wconf 86' lang='lat' dir='ltr'>Mihi</span> <span class='ocrx_word' id='word_1_384' title='bbox 363 2914 480 2942; x_wconf 82' lang='lat' dir='ltr'>autem</span> <span class='ocrx_word' id='word_1_385' title='bbox 500 2909 534 2941; x_wconf 87' lang='lat' dir='ltr'>h.</span> <span class='ocrx_word' id='word_1_386' title='bbox 558 2909 580 2942; x_wconf 91' lang='lat'>1.</span> <span class='ocrx_word' id='word_1_387' title='bbox 603 2920 671 2942; x_wconf 89' lang='lat' dir='ltr'>non</span> <span class='ocrx_word' id='word_1_388' title='bbox 695 2911 806 2957; x_wconf 79' lang='lat' dir='ltr'>placet</span> <span class='ocrx_word' id='word_1_389' title='bbox 828 2913 878 2945; x_wconf 83' lang='lat' dir='ltr'>ita</span> 
     </span>
    </p>
   </div>
   <div class='ocr_carea' id='block_1_3' title="bbox 661 108 1136 152">
    <p class='ocr_par' dir='ltr' id='par_1_9' title="bbox 661 108 1136 152">
     <span class='ocr_line' id='line_1_65' title="bbox 661 108 1136 152; baseline 0.004 -2"><span class='ocrx_word' id='word_1_390' title='bbox 661 120 809 151; x_wconf 73' lang='lat' dir='ltr'>mnux</span> <span class='ocrx_word' id='word_1_391' title='bbox 839 108 1136 152; x_wconf 69' lang='lat' dir='ltr'>LArmerris.</span> 
     </span>
    </p>
   </div>
   <div class='ocr_carea' id='block_1_4' title="bbox 919 207 1685 2947">
    <p class='ocr_par' dir='ltr' id='par_1_10' title="bbox 923 207 1655 501">
     <span class='ocr_line' id='line_1_66' title="bbox 924 207 1655 252; baseline 0.005 -11"><span class='ocrx_word' id='word_1_392' title='bbox 924 207 1002 251; x_wconf 74' lang='lat' dir='ltr'>legi,</span> <span class='ocrx_word' id='word_1_393' title='bbox 1013 213 1119 252; x_wconf 55' lang='lat' dir='ltr'>ptimo</span> <span class='ocrx_word' id='word_1_394' title='bbox 1133 211 1210 251; x_wconf 80' lang='lat' dir='ltr'>quia</span> <span class='ocrx_word' id='word_1_395' title='bbox 1221 211 1392 252; x_wconf 74' lang='lat' dir='ltr'>vulgatum</span> <span class='ocrx_word' id='word_1_396' title='bbox 1406 211 1561 245; x_wconf 76' lang='lat' dir='ltr'>idoneum</span> <span class='ocrx_word' id='word_1_397' title='bbox 1579 223 1655 245; x_wconf 78' lang='lat' dir='ltr'>sen-</span> 
     </span>
     <span class='ocr_line' id='line_1_67' title="bbox 923 255 1652 295; baseline 0.005 -11"><span class='ocrx_word' id='word_1_398' title='bbox 923 264 997 285; x_wconf 85' lang='lat' dir='ltr'>sum</span> <span class='ocrx_word' id='word_1_399' title='bbox 1015 255 1126 291; x_wconf 80' lang='lat' dir='ltr'>habet,</span> <span class='ocrx_word' id='word_1_400' title='bbox 1143 258 1178 285; x_wconf 82' lang='lat' dir='ltr'>ut</span> <span class='ocrx_word' id='word_1_401' title='bbox 1191 256 1280 293; x_wconf 70' lang='lat' dir='ltr'>dixi3</span> <span class='ocrx_word' id='word_1_402' title='bbox 1299 256 1417 286; x_wconf 80' lang='lat' dir='ltr'>deinde</span> <span class='ocrx_word' id='word_1_403' title='bbox 1432 257 1506 295; x_wconf 77' lang='lat' dir='ltr'>quia</span> <span class='ocrx_word' id='word_1_404' title='bbox 1525 257 1652 288; x_wconf 78' lang='lat' dir='ltr'>nullam</span> 
     </span>
     <span class='ocr_line' id='line_1_68' title="bbox 924 302 1655 340; baseline 0.005 -13"><span class='ocrx_word' id='word_1_405' title='bbox 924 307 990 329; x_wconf 86' lang='lat' dir='ltr'>non</span> <span class='ocrx_word' id='word_1_406' title='bbox 1004 309 1192 339; x_wconf 70' lang='lat' dir='ltr'>possumus,</span> <span class='ocrx_word' id='word_1_407' title='bbox 1207 309 1271 329; x_wconf 82' lang='lat' dir='ltr'>non</span> <span class='ocrx_word' id='word_1_408' title='bbox 1285 304 1335 328; x_wconf 71' lang='lat' dir='ltr'>est</span> <span class='ocrx_word' id='word_1_409' title='bbox 1348 304 1461 338; x_wconf 71' lang='lat' dir='ltr'>aptum</span> <span class='ocrx_word' id='word_1_410' title='bbox 1477 302 1518 340; x_wconf 63' lang='grc' dir='ltr'>τῷ</span> <span class='ocrx_word' id='word_1_411' title='bbox 1530 302 1655 331; x_wconf 65' lang='lat' dir='ltr'>exime-</span> 
     </span>
     <span class='ocr_line' id='line_1_69' title="bbox 925 340 1652 382; baseline 0.007 -12"><span class='ocrx_word' id='word_1_412' title='bbox 925 351 958 370; x_wconf 88' lang='lat' dir='ltr'>re</span> <span class='ocrx_word' id='word_1_413' title='bbox 980 340 1082 381; x_wconf 56' lang='lat' dir='ltr'>didru,</span> <span class='ocrx_word' id='word_1_414' title='bbox 1100 342 1341 382; x_wconf 75' lang='lat' dir='ltr'>legendumque</span> <span class='ocrx_word' id='word_1_415' title='bbox 1365 353 1434 372; x_wconf 85' lang='lat' dir='ltr'>csse</span> <span class='ocrx_word' id='word_1_416' title='bbox 1459 344 1559 373; x_wconf 83' lang='lat' dir='ltr'>ullam</span> <span class='ocrx_word' id='word_1_417' title='bbox 1584 353 1652 375; x_wconf 89' lang='lat' dir='ltr'>non</span> 
     </span>
     <span class='ocr_line' id='line_1_70' title="bbox 925 386 1654 426; baseline 0.005 -12"><span class='ocrx_word' id='word_1_418' title='bbox 925 394 1115 424; x_wconf 79' lang='lat' dir='ltr'>possumus,</span> <span class='ocrx_word' id='word_1_419' title='bbox 1132 386 1218 425; x_wconf 83' lang='lat' dir='ltr'>quod</span> <span class='ocrx_word' id='word_1_420' title='bbox 1235 387 1364 417; x_wconf 75' lang='lat' dir='ltr'>Oliveto</span> <span class='ocrx_word' id='word_1_421' title='bbox 1381 387 1501 426; x_wconf 77' lang='lat' dir='ltr'>placet,</span> <span class='ocrx_word' id='word_1_422' title='bbox 1518 387 1568 416; x_wconf 87' lang='lat' dir='ltr'>vel</span> <span class='ocrx_word' id='word_1_423' title='bbox 1586 396 1654 418; x_wconf 86' lang='lat' dir='ltr'>non</span> 
     </span>
     <span class='ocr_line' id='line_1_71' title="bbox 924 427 1654 477; baseline 0.005 -21"><span class='ocrx_word' id='word_1_424' title='bbox 924 427 1117 477; x_wconf 74' lang='lat' dir='ltr'>delendum,</span> <span class='ocrx_word' id='word_1_425' title='bbox 1131 434 1169 460; x_wconf 88' lang='lat' dir='ltr'>ut</span> <span class='ocrx_word' id='word_1_426' title='bbox 1181 431 1289 469; x_wconf 79' lang='lat' dir='ltr'>placet</span> <span class='ocrx_word' id='word_1_427' title='bbox 1303 430 1336 459; x_wconf 89' lang='lat' dir='ltr'>P.</span> <span class='ocrx_word' id='word_1_428' title='bbox 1349 430 1515 467; x_wconf 83' lang='lat' dir='ltr'>Manutio.</span> <span class='ocrx_word' id='word_1_429' title='bbox 1528 430 1602 460; x_wconf 88' lang='lat' dir='ltr'>add.</span> <span class='ocrx_word' id='word_1_430' title='bbox 1618 430 1654 460; x_wconf 90' lang='lat' dir='ltr'>in</span> 
     </span>
     <span class='ocr_line' id='line_1_72' title="bbox 925 479 1045 501; baseline 0.017 -2"><span class='ocrx_word' id='word_1_431' title='bbox 925 479 1045 501; x_wconf 80' lang='lat' dir='ltr'>eximo.</span> 
     </span>
    </p>

    <p class='ocr_par' dir='ltr' id='par_1_11' title="bbox 924 514 1685 1197">
     <span class='ocr_line' id='line_1_73' title="bbox 968 514 1656 557; baseline 0.003 -13"><span class='ocrx_word' id='word_1_432' title='bbox 968 514 1093 553; x_wconf 69' lang='lat' dir='ltr'>Exigo,</span> <span class='ocrx_word' id='word_1_433' title='bbox 1111 515 1144 545; x_wconf 89' lang='lat' dir='ltr'>in</span> <span class='ocrx_word' id='word_1_434' title='bbox 1168 526 1201 546; x_wconf 92' lang='lat' dir='ltr'>re</span> <span class='ocrx_word' id='word_1_435' title='bbox 1225 517 1419 557; x_wconf 85' lang='lat' dir='ltr'>pecuniaria</span> <span class='ocrx_word' id='word_1_436' title='bbox 1439 519 1490 547; x_wconf 87' lang='lat' dir='ltr'>est</span> <span class='ocrx_word' id='word_1_437' title='bbox 1513 516 1656 547; x_wconf 86' lang='lat' dir='ltr'>credito-</span> 
     </span>
     <span class='ocr_line' id='line_1_74' title="bbox 925 559 1653 600; baseline 0.004 -13"><span class='ocrx_word' id='word_1_438' title='bbox 925 567 1012 594; x_wconf 86' lang='lat' dir='ltr'>rum,</span> <span class='ocrx_word' id='word_1_439' title='bbox 1026 563 1059 587; x_wconf 83' lang='lat' dir='ltr'>et</span> <span class='ocrx_word' id='word_1_440' title='bbox 1073 559 1324 599; x_wconf 74' lang='lat' dir='ltr'>quibuscunque</span> <span class='ocrx_word' id='word_1_441' title='bbox 1342 561 1486 600; x_wconf 82' lang='lat' dir='ltr'>pecunia</span> <span class='ocrx_word' id='word_1_442' title='bbox 1501 560 1653 591; x_wconf 82' lang='lat' dir='ltr'>debetur.</span> 
     </span>
     <span class='ocr_line' id='line_1_75' title="bbox 926 600 1652 643; baseline 0.006 -13"><span class='ocrx_word' id='word_1_443' title='bbox 926 600 1032 630; x_wconf 72' lang='lat' dir='ltr'>Flacc.</span> <span class='ocrx_word' id='word_1_444' title='bbox 1065 604 1117 631; x_wconf 83' lang='lat'>34.</span> <span class='ocrx_word' id='word_1_445' title='bbox 1149 604 1298 641; x_wconf 65' lang='lat' dir='ltr'>exigendi</span> <span class='ocrx_word' id='word_1_446' title='bbox 1325 614 1423 634; x_wconf 70' lang='lat' dir='ltr'>causa</span> <span class='ocrx_word' id='word_1_447' title='bbox 1451 604 1652 643; x_wconf 81' lang='lat' dir='ltr'>legationem</span> 
     </span>
     <span class='ocr_line' id='line_1_76' title="bbox 925 643 1653 678; baseline 0.007 -5"><span class='ocrx_word' id='word_1_448' title='bbox 925 643 1062 674; x_wconf 83' lang='lat' dir='ltr'>liberam</span> <span class='ocrx_word' id='word_1_449' title='bbox 1080 654 1222 676; x_wconf 81' lang='lat' dir='ltr'>sumere.</span> <span class='ocrx_word' id='word_1_450' title='bbox 1254 647 1324 677; x_wconf 89' lang='lat' dir='ltr'>Fin.</span> <span class='ocrx_word' id='word_1_451' title='bbox 1349 648 1382 678; x_wconf 88' lang='lat' dir='ltr'>ii.</span> <span class='ocrx_word' id='word_1_452' title='bbox 1407 650 1459 678; x_wconf 68' lang='lat'>22.</span> <span class='ocrx_word' id='word_1_453' title='bbox 1491 657 1531 678; x_wconf 83' lang='lat' dir='ltr'>ex</span> <span class='ocrx_word' id='word_1_454' title='bbox 1556 647 1653 678; x_wconf 73' lang='lat' dir='ltr'>rebus</span> 
     </span>
     <span class='ocr_line' id='line_1_77' title="bbox 925 687 1654 730; baseline 0.007 -14"><span class='ocrx_word' id='word_1_455' title='bbox 925 687 1147 728; x_wconf 79' lang='lat' dir='ltr'>voluptatem,</span> <span class='ocrx_word' id='word_1_456' title='bbox 1185 690 1278 727; x_wconf 85' lang='lat' dir='ltr'>quasi</span> <span class='ocrx_word' id='word_1_457' title='bbox 1315 691 1502 721; x_wconf 83' lang='lat' dir='ltr'>mercedem</span> <span class='ocrx_word' id='word_1_458' title='bbox 1540 691 1654 730; x_wconf 64' lang='lat' dir='ltr'>exigit.</span> 
     </span>
     <span class='ocr_line' id='line_1_78' title="bbox 925 731 1655 773; baseline 0.004 -12"><span class='ocrx_word' id='word_1_459' title='bbox 925 731 943 749; x_wconf 66' lang='lat'>²*</span> <span class='ocrx_word' id='word_1_460' title='bbox 955 733 1086 770; x_wconf 63' lang='lat' dir='ltr'>exigere</span> <span class='ocrx_word' id='word_1_461' title='bbox 1102 732 1261 762; x_wconf 78' lang='lat' dir='ltr'>dicuntur</span> <span class='ocrx_word' id='word_1_462' title='bbox 1276 734 1393 770; x_wconf 88' lang='lat' dir='ltr'>etiam,</span> <span class='ocrx_word' id='word_1_463' title='bbox 1410 735 1464 773; x_wconf 91' lang='lat' dir='ltr'>qui</span> <span class='ocrx_word' id='word_1_464' title='bbox 1484 739 1655 764; x_wconf 79' lang='lat' dir='ltr'>curatores</span> 
     </span>
     <span class='ocr_line' id='line_1_79' title="bbox 927 775 1685 813; baseline 0.007 -10"><span class='ocrx_word' id='word_1_465' title='bbox 927 775 1067 813; x_wconf 55' lang='lat' dir='ltr'>alicujus</span> <span class='ocrx_word' id='word_1_466' title='bbox 1091 776 1138 805; x_wconf 89' lang='lat' dir='ltr'>rei</span> <span class='ocrx_word' id='word_1_467' title='bbox 1162 780 1253 812; x_wconf 76' lang='lat' dir='ltr'>sunt,</span> <span class='ocrx_word' id='word_1_468' title='bbox 1271 785 1349 806; x_wconf 80' lang='lat' dir='ltr'>cum</span> <span class='ocrx_word' id='word_1_469' title='bbox 1367 783 1427 806; x_wconf 86' lang='lat' dir='ltr'>aut</span> <span class='ocrx_word' id='word_1_470' title='bbox 1443 777 1565 813; x_wconf 84' lang='lat' dir='ltr'>jubent</span> <span class='ocrx_word' id='word_1_471' title='bbox 1581 778 1654 808; x_wconf 83' lang='lat' dir='ltr'>fieri</span> <span class='ocrx_word' id='word_1_472' title='bbox 1683 775 1685 777; x_wconf 61' lang='grc'><strong>’</strong></span> 
     </span>
     <span class='ocr_line' id='line_1_80' title="bbox 925 818 1654 858; baseline 0.004 -10"><span class='ocrx_word' id='word_1_473' title='bbox 925 818 1063 858; x_wconf 83' lang='lat' dir='ltr'>aliquid,</span> <span class='ocrx_word' id='word_1_474' title='bbox 1094 823 1165 857; x_wconf 84' lang='lat' dir='ltr'>aut,</span> <span class='ocrx_word' id='word_1_475' title='bbox 1196 819 1324 849; x_wconf 79' lang='lat' dir='ltr'>factum</span> <span class='ocrx_word' id='word_1_476' title='bbox 1363 830 1383 850; x_wconf 87' lang='lat' dir='ltr'>a</span> <span class='ocrx_word' id='word_1_477' title='bbox 1413 820 1654 851; x_wconf 81' lang='lat' dir='ltr'>redemtoribus</span> 
     </span>
     <span class='ocr_line' id='line_1_81' title="bbox 925 862 1666 904; baseline 0.004 -13"><span class='ocrx_word' id='word_1_478' title='bbox 925 862 1017 899; x_wconf 82' lang='lat' dir='ltr'>iisve,</span> <span class='ocrx_word' id='word_1_479' title='bbox 1047 863 1102 902; x_wconf 91' lang='lat' dir='ltr'>qui</span> <span class='ocrx_word' id='word_1_480' title='bbox 1135 863 1311 899; x_wconf 83' lang='lat' dir='ltr'>debebant,</span> <span class='ocrx_word' id='word_1_481' title='bbox 1342 864 1548 904; x_wconf 80' lang='lat' dir='ltr'>perspiciunt</span> <span class='ocrx_word' id='word_1_482' title='bbox 1579 874 1666 904; x_wconf 54' lang='lat' dir='ltr'>prop..</span> 
     </span>
     <span class='ocr_line' id='line_1_82' title="bbox 925 905 1655 946; baseline 0.005 -12"><span class='ocrx_word' id='word_1_483' title='bbox 925 905 1024 935; x_wconf 85' lang='lat' dir='ltr'>bandi</span> <span class='ocrx_word' id='word_1_484' title='bbox 1038 916 1137 936; x_wconf 82' lang='lat' dir='ltr'>causa</span> <span class='ocrx_word' id='word_1_485' title='bbox 1153 912 1211 936; x_wconf 85' lang='lat' dir='ltr'>aut</span> <span class='ocrx_word' id='word_1_486' title='bbox 1230 907 1502 946; x_wconf 78' lang='lat' dir='ltr'>reprehendendi.</span> <span class='ocrx_word' id='word_1_487' title='bbox 1525 907 1618 938; x_wconf 88' lang='lat' dir='ltr'>Verr.</span> <span class='ocrx_word' id='word_1_488' title='bbox 1631 908 1655 938; x_wconf 82' lang='lat' dir='ltr'>i.</span> 
     </span>
     <span class='ocr_line' id='line_1_83' title="bbox 925 950 1654 990; baseline 0.004 -12"><span class='ocrx_word' id='word_1_489' title='bbox 925 951 977 982; x_wconf 84' lang='lat'>59.</span> <span class='ocrx_word' id='word_1_490' title='bbox 1001 951 1137 988; x_wconf 65' lang='lat' dir='ltr'>exegisti</span> <span class='ocrx_word' id='word_1_491' title='bbox 1151 950 1218 980; x_wconf 81' lang='lat' dir='ltr'>vini</span> <span class='ocrx_word' id='word_1_492' title='bbox 1235 950 1431 980; x_wconf 83' lang='lat' dir='ltr'>thensarum</span> <span class='ocrx_word' id='word_1_493' title='bbox 1454 955 1488 981; x_wconf 86' lang='lat' dir='ltr'>et</span> <span class='ocrx_word' id='word_1_494' title='bbox 1510 960 1654 990; x_wconf 84' lang='lat' dir='ltr'>pompae.</span> 
     </span>
     <span class='ocr_line' id='line_1_84' title="bbox 925 991 1654 1033; baseline 0.004 -12"><span class='ocrx_word' id='word_1_495' title='bbox 925 991 1003 1022; x_wconf 80' lang='lat' dir='ltr'>ibid.</span> <span class='ocrx_word' id='word_1_496' title='bbox 1027 996 1080 1024; x_wconf 85' lang='lat'>40.</span> <span class='ocrx_word' id='word_1_497' title='bbox 1106 997 1156 1025; x_wconf 87' lang='lat'>50.</span> <span class='ocrx_word' id='word_1_498' title='bbox 1180 995 1308 1033; x_wconf 68' lang='lat' dir='ltr'>erigere</span> <span class='ocrx_word' id='word_1_499' title='bbox 1333 998 1422 1024; x_wconf 72' lang='lat' dir='ltr'>sarta</span> <span class='ocrx_word' id='word_1_500' title='bbox 1446 998 1550 1024; x_wconf 73' lang='lat' dir='ltr'>tecta.</span> <span class='ocrx_word' id='word_1_501' title='bbox 1576 994 1654 1024; x_wconf 85' lang='lat' dir='ltr'>inde</span> 
     </span>
     <span class='ocr_line' id='line_1_85' title="bbox 925 1035 1658 1076; baseline 0.004 -11"><span class='ocrx_word' id='word_1_502' title='bbox 925 1035 987 1065; x_wconf 89' lang='lat' dir='ltr'>hoc</span> <span class='ocrx_word' id='word_1_503' title='bbox 1004 1036 1159 1067; x_wconf 85' lang='lat' dir='ltr'>ducitur:</span> <span class='ocrx_word' id='word_1_504' title='bbox 1188 1038 1280 1068; x_wconf 89' lang='lat' dir='ltr'>Verr.</span> <span class='ocrx_word' id='word_1_505' title='bbox 1297 1038 1342 1067; x_wconf 88' lang='lat' dir='ltr'>iii.</span> <span class='ocrx_word' id='word_1_506' title='bbox 1360 1039 1412 1068; x_wconf 86' lang='lat'>46.</span> <span class='ocrx_word' id='word_1_507' title='bbox 1437 1039 1567 1076; x_wconf 65' lang='lat' dir='ltr'>erigere</span> <span class='ocrx_word' id='word_1_508' title='bbox 1583 1037 1658 1068; x_wconf 83' lang='lat' dir='ltr'>dili-</span> 
     </span>
     <span class='ocr_line' id='line_1_86' title="bbox 925 1080 1653 1120; baseline 0.007 -12"><span class='ocrx_word' id='word_1_509' title='bbox 925 1080 1049 1118; x_wconf 75' lang='lat' dir='ltr'>gentiae</span> <span class='ocrx_word' id='word_1_510' title='bbox 1065 1090 1218 1120; x_wconf 82' lang='lat' dir='ltr'>pensum.</span> <span class='ocrx_word' id='word_1_511' title='bbox 1245 1080 1263 1098; x_wconf 69' lang='lat'>²*</span> <span class='ocrx_word' id='word_1_512' title='bbox 1276 1091 1383 1120; x_wconf 81' lang='lat' dir='ltr'>agere.</span> <span class='ocrx_word' id='word_1_513' title='bbox 1401 1081 1442 1111; x_wconf 90' lang='lat' dir='ltr'>ad</span> <span class='ocrx_word' id='word_1_514' title='bbox 1458 1082 1535 1112; x_wconf 90' lang='lat' dir='ltr'>Div.</span> <span class='ocrx_word' id='word_1_515' title='bbox 1552 1092 1582 1112; x_wconf 89' lang='lat' dir='ltr'>x.</span> <span class='ocrx_word' id='word_1_516' title='bbox 1599 1084 1653 1113; x_wconf 74' lang='lat'>⁶24.</span> 
     </span>
     <span class='ocr_line' id='line_1_87' title="bbox 924 1122 1654 1165; baseline 0.004 -13"><span class='ocrx_word' id='word_1_517' title='bbox 924 1122 964 1152; x_wconf 86' lang='lat' dir='ltr'>de</span> <span class='ocrx_word' id='word_1_518' title='bbox 990 1123 1039 1153; x_wconf 88' lang='lat' dir='ltr'>his</span> <span class='ocrx_word' id='word_1_519' title='bbox 1065 1124 1175 1161; x_wconf 85' lang='lat' dir='ltr'>rebus,</span> <span class='ocrx_word' id='word_1_520' title='bbox 1194 1128 1231 1154; x_wconf 90' lang='lat' dir='ltr'>ut</span> <span class='ocrx_word' id='word_1_521' title='bbox 1249 1127 1393 1165; x_wconf 66' lang='lat' dir='ltr'>exigeret</span> <span class='ocrx_word' id='word_1_522' title='bbox 1409 1135 1486 1155; x_wconf 89' lang='lat' dir='ltr'>cum</span> <span class='ocrx_word' id='word_1_523' title='bbox 1503 1134 1555 1162; x_wconf 83' lang='lat' dir='ltr'>eo,</span> <span class='ocrx_word' id='word_1_524' title='bbox 1572 1124 1654 1155; x_wconf 85' lang='lat' dir='ltr'>Fur-</span> 
     </span>
     <span class='ocr_line' id='line_1_88' title="bbox 924 1167 1163 1197; baseline 0.004 -1"><span class='ocrx_word' id='word_1_525' title='bbox 924 1167 981 1196; x_wconf 90' lang='lat' dir='ltr'>nio</span> <span class='ocrx_word' id='word_1_526' title='bbox 998 1167 1163 1197; x_wconf 80' lang='lat' dir='ltr'>mandavi.</span> 
     </span>
    </p>

    <p class='ocr_par' dir='ltr' id='par_1_12' title="bbox 922 1210 1656 1513">
     <span class='ocr_line' id='line_1_89' title="bbox 967 1210 1654 1251; baseline 0.003 -11"><span class='ocrx_word' id='word_1_527' title='bbox 967 1210 1113 1249; x_wconf 56' lang='lat' dir='ltr'>Exigue.</span> <span class='ocrx_word' id='word_1_528' title='bbox 1146 1211 1214 1241; x_wconf 86' lang='lat' dir='ltr'>Att.</span> <span class='ocrx_word' id='word_1_529' title='bbox 1231 1212 1273 1242; x_wconf 80' lang='lat' dir='ltr'>xi.</span> <span class='ocrx_word' id='word_1_530' title='bbox 1294 1212 1342 1242; x_wconf 87' lang='lat'>16.</span> <span class='ocrx_word' id='word_1_531' title='bbox 1374 1211 1515 1251; x_wconf 80' lang='lat' dir='ltr'>epistola</span> <span class='ocrx_word' id='word_1_532' title='bbox 1537 1213 1654 1251; x_wconf 63' lang='lat' dir='ltr'>exigue</span> 
     </span>
     <span class='ocr_line' id='line_1_90' title="bbox 923 1254 1654 1296; baseline 0.001 -12"><span class='ocrx_word' id='word_1_533' title='bbox 923 1255 1067 1294; x_wconf 83' lang='lat' dir='ltr'>scripta:</span> <span class='ocrx_word' id='word_1_534' title='bbox 1093 1254 1126 1284; x_wconf 88' lang='lat' dir='ltr'>h.</span> <span class='ocrx_word' id='word_1_535' title='bbox 1155 1265 1182 1284; x_wconf 90' lang='lat' dir='ltr'>e.</span> <span class='ocrx_word' id='word_1_536' title='bbox 1210 1265 1283 1295; x_wconf 79' lang='lat' dir='ltr'>quae</span> <span class='ocrx_word' id='word_1_537' title='bbox 1310 1265 1429 1296; x_wconf 89' lang='lat' dir='ltr'>parum</span> <span class='ocrx_word' id='word_1_538' title='bbox 1452 1256 1520 1295; x_wconf 88' lang='lat' dir='ltr'>spei</span> <span class='ocrx_word' id='word_1_539' title='bbox 1545 1255 1654 1294; x_wconf 79' lang='lat' dir='ltr'>affert.</span> 
     </span>
     <span class='ocr_line' id='line_1_91' title="bbox 923 1297 1655 1338; baseline 0.003 -11"><span class='ocrx_word' id='word_1_540' title='bbox 923 1297 1005 1328; x_wconf 85' lang='lat' dir='ltr'>Lael.</span> <span class='ocrx_word' id='word_1_541' title='bbox 1038 1298 1085 1328; x_wconf 90' lang='lat'>16.</span> <span class='ocrx_word' id='word_1_542' title='bbox 1114 1299 1214 1329; x_wconf 89' lang='lat' dir='ltr'>nimis</span> <span class='ocrx_word' id='word_1_543' title='bbox 1239 1300 1358 1338; x_wconf 66' lang='lat' dir='ltr'>exigue</span> <span class='ocrx_word' id='word_1_544' title='bbox 1384 1309 1422 1328; x_wconf 70' lang='lat' dir='ltr'>:ic</span> <span class='ocrx_word' id='word_1_545' title='bbox 1443 1300 1592 1329; x_wconf 82' lang='lat' dir='ltr'>tenuiter</span> <span class='ocrx_word' id='word_1_546' title='bbox 1611 1298 1655 1329; x_wconf 83' lang='lat' dir='ltr'>ad</span> 
     </span>
     <span class='ocr_line' id='line_1_92' title="bbox 924 1341 1656 1382; baseline 0.003 -12"><span class='ocrx_word' id='word_1_547' title='bbox 924 1341 1067 1372; x_wconf 85' lang='lat' dir='ltr'>calculos</span> <span class='ocrx_word' id='word_1_548' title='bbox 1098 1352 1251 1372; x_wconf 85' lang='lat' dir='ltr'>revocare</span> <span class='ocrx_word' id='word_1_549' title='bbox 1282 1343 1490 1380; x_wconf 81' lang='lat' dir='ltr'>ainicitiam3</span> <span class='ocrx_word' id='word_1_550' title='bbox 1526 1345 1565 1372; x_wconf 86' lang='lat' dir='ltr'>ut</span> <span class='ocrx_word' id='word_1_551' title='bbox 1594 1352 1656 1382; x_wconf 88' lang='lat' dir='ltr'>par</span> 
     </span>
     <span class='ocr_line' id='line_1_93' title="bbox 923 1385 1654 1427; baseline 0.001 -13"><span class='ocrx_word' id='word_1_552' title='bbox 923 1386 968 1414; x_wconf 90' lang='lat' dir='ltr'>sit</span> <span class='ocrx_word' id='word_1_553' title='bbox 997 1385 1082 1415; x_wconf 79' lang='lat' dir='ltr'>ratio</span> <span class='ocrx_word' id='word_1_554' title='bbox 1111 1390 1324 1427; x_wconf 78' lang='lat' dir='ltr'>acceptorum</span> <span class='ocrx_word' id='word_1_555' title='bbox 1356 1391 1390 1416; x_wconf 89' lang='lat' dir='ltr'>et</span> <span class='ocrx_word' id='word_1_556' title='bbox 1420 1395 1654 1426; x_wconf 85' lang='lat' dir='ltr'>expensorum.</span> 
     </span>
     <span class='ocr_line' id='line_1_94' title="bbox 922 1428 1655 1468; baseline 0.003 -10"><span class='ocrx_word' id='word_1_557' title='bbox 922 1428 941 1446; x_wconf 66' lang='lat'>³*</span> <span class='ocrx_word' id='word_1_558' title='bbox 953 1429 1105 1459; x_wconf 82' lang='lat' dir='ltr'>breviter.</span> <span class='ocrx_word' id='word_1_559' title='bbox 1134 1430 1191 1460; x_wconf 90' lang='lat' dir='ltr'>Or.</span> <span class='ocrx_word' id='word_1_560' title='bbox 1208 1430 1255 1460; x_wconf 88' lang='lat' dir='ltr'>iii.</span> <span class='ocrx_word' id='word_1_561' title='bbox 1271 1431 1323 1461; x_wconf 74' lang='lat'>36.</span> <span class='ocrx_word' id='word_1_562' title='bbox 1355 1429 1510 1460; x_wconf 81' lang='lat' dir='ltr'>celeriter</span> <span class='ocrx_word' id='word_1_563' title='bbox 1523 1430 1655 1468; x_wconf 72' lang='lat' dir='ltr'>exigue-</span> 
     </span>
     <span class='ocr_line' id='line_1_95' title="bbox 923 1473 1119 1513; baseline 0.005 -11"><span class='ocrx_word' id='word_1_564' title='bbox 923 1483 984 1513; x_wconf 79' lang='lat' dir='ltr'>que</span> <span class='ocrx_word' id='word_1_565' title='bbox 1000 1473 1119 1503; x_wconf 79' lang='lat' dir='ltr'>dicere.</span> 
     </span>
    </p>

    <p class='ocr_par' dir='ltr' id='par_1_13' title="bbox 921 1516 1656 1905">
     <span class='ocr_line' id='line_1_96' title="bbox 965 1516 1656 1555; baseline 0.003 -10"><span class='ocrx_word' id='word_1_566' title='bbox 965 1516 1088 1552; x_wconf 65' lang='lat' dir='ltr'>Emilz‘s,</span> <span class='ocrx_word' id='word_1_567' title='bbox 1099 1516 1249 1555; x_wconf 74' lang='lat' dir='ltr'>jejunus,</span> <span class='ocrx_word' id='word_1_568' title='bbox 1268 1517 1367 1546; x_wconf 83' lang='lat' dir='ltr'>nimis</span> <span class='ocrx_word' id='word_1_569' title='bbox 1382 1517 1508 1554; x_wconf 80' lang='lat' dir='ltr'>tenuis,</span> <span class='ocrx_word' id='word_1_570' title='bbox 1524 1516 1564 1546; x_wconf 86' lang='lat' dir='ltr'>de</span> <span class='ocrx_word' id='word_1_571' title='bbox 1581 1526 1656 1548; x_wconf 79' lang='lat' dir='ltr'>ora-</span> 
     </span>
     <span class='ocr_line' id='line_1_97' title="bbox 921 1560 1655 1600; baseline 0.001 -11"><span class='ocrx_word' id='word_1_572' title='bbox 921 1560 1026 1590; x_wconf 81' lang='lat' dir='ltr'>tione.</span> <span class='ocrx_word' id='word_1_573' title='bbox 1047 1560 1103 1590; x_wconf 89' lang='lat' dir='ltr'>Or.</span> <span class='ocrx_word' id='word_1_574' title='bbox 1122 1561 1142 1589; x_wconf 90' lang='lat' dir='ltr'>i.</span> <span class='ocrx_word' id='word_1_575' title='bbox 1161 1563 1209 1590; x_wconf 85' lang='lat'>18.</span> <span class='ocrx_word' id='word_1_576' title='bbox 1232 1560 1364 1600; x_wconf 84' lang='lat' dir='ltr'>spinosa</span> <span class='ocrx_word' id='word_1_577' title='bbox 1381 1565 1415 1590; x_wconf 85' lang='lat' dir='ltr'>et</span> <span class='ocrx_word' id='word_1_578' title='bbox 1430 1561 1522 1590; x_wconf 61' lang='lat' dir='ltr'>exilis</span> <span class='ocrx_word' id='word_1_579' title='bbox 1537 1562 1655 1598; x_wconf 76' lang='lat' dir='ltr'>oratio.</span> 
     </span>
     <span class='ocr_line' id='line_1_98' title="bbox 922 1603 1652 1642; baseline 0 -9"><span class='ocrx_word' id='word_1_580' title='bbox 922 1603 1000 1633; x_wconf 77' lang='lat' dir='ltr'>ibid.</span> <span class='ocrx_word' id='word_1_581' title='bbox 1018 1604 1051 1633; x_wconf 89' lang='lat' dir='ltr'>ii.</span> <span class='ocrx_word' id='word_1_582' title='bbox 1072 1606 1124 1634; x_wconf 85' lang='lat'>38.</span> <span class='ocrx_word' id='word_1_583' title='bbox 1155 1613 1259 1642; x_wconf 83' lang='lat' dir='ltr'>genus</span> <span class='ocrx_word' id='word_1_584' title='bbox 1281 1604 1442 1633; x_wconf 80' lang='lat' dir='ltr'>sermonis</span> <span class='ocrx_word' id='word_1_585' title='bbox 1466 1604 1562 1633; x_wconf 74' lang='lat' dir='ltr'>affert</span> <span class='ocrx_word' id='word_1_586' title='bbox 1585 1613 1652 1633; x_wconf 90' lang='lat' dir='ltr'>non</span> 
     </span>
     <span class='ocr_line' id='line_1_99' title="bbox 921 1646 1653 1686; baseline 0 -10"><span class='ocrx_word' id='word_1_587' title='bbox 921 1646 1186 1686; x_wconf 83' lang='lat' dir='ltr'>liquidum—sed</span> <span class='ocrx_word' id='word_1_588' title='bbox 1199 1649 1282 1678; x_wconf 61' lang='lat' dir='ltr'>exile</span> <span class='ocrx_word' id='word_1_589' title='bbox 1291 1647 1348 1676; x_wconf 72' lang='grc' dir='ltr'><strong>διο.</strong></span> <span class='ocrx_word' id='word_1_590' title='bbox 1362 1647 1440 1677; x_wconf 85' lang='lat' dir='ltr'>ibid.</span> <span class='ocrx_word' id='word_1_591' title='bbox 1451 1651 1504 1681; x_wconf 80' lang='grc'><strong>77.</strong></span> <span class='ocrx_word' id='word_1_592' title='bbox 1519 1646 1653 1677; x_wconf 86' lang='lat' dir='ltr'>nullum</span> 
     </span>
     <span class='ocr_line' id='line_1_100' title="bbox 921 1690 1654 1728; baseline 0.001 -9"><span class='ocrx_word' id='word_1_593' title='bbox 921 1691 1091 1720; x_wconf 85' lang='lat' dir='ltr'>exordium</span> <span class='ocrx_word' id='word_1_594' title='bbox 1119 1690 1201 1721; x_wconf 78' lang='lat' dir='ltr'>mihi</span> <span class='ocrx_word' id='word_1_595' title='bbox 1222 1692 1381 1728; x_wconf 82' lang='lat' dir='ltr'>occurrit,</span> <span class='ocrx_word' id='word_1_596' title='bbox 1399 1691 1461 1721; x_wconf 90' lang='lat' dir='ltr'>nisi</span> <span class='ocrx_word' id='word_1_597' title='bbox 1484 1696 1544 1721; x_wconf 83' lang='lat' dir='ltr'>aut</span> <span class='ocrx_word' id='word_1_598' title='bbox 1558 1691 1654 1728; x_wconf 76' lang='lat' dir='ltr'>exile,</span> 
     </span>
     <span class='ocr_line' id='line_1_101' title="bbox 922 1734 1654 1774; baseline 0 -10"><span class='ocrx_word' id='word_1_599' title='bbox 922 1741 981 1764; x_wconf 83' lang='lat' dir='ltr'>aut</span> <span class='ocrx_word' id='word_1_600' title='bbox 998 1735 1227 1773; x_wconf 82' lang='lat' dir='ltr'>nugatorium,</span> <span class='ocrx_word' id='word_1_601' title='bbox 1244 1738 1303 1764; x_wconf 83' lang='lat' dir='ltr'>aut</span> <span class='ocrx_word' id='word_1_602' title='bbox 1323 1734 1470 1774; x_wconf 83' lang='lat' dir='ltr'>vulgare,</span> <span class='ocrx_word' id='word_1_603' title='bbox 1487 1737 1546 1764; x_wconf 89' lang='lat' dir='ltr'>aut</span> <span class='ocrx_word' id='word_1_604' title='bbox 1562 1743 1654 1764; x_wconf 85' lang='lat' dir='ltr'>com-</span> 
     </span>
     <span class='ocr_line' id='line_1_102' title="bbox 921 1777 1656 1815; baseline 0 -8"><span class='ocrx_word' id='word_1_605' title='bbox 921 1787 1034 1808; x_wconf 87' lang='lat' dir='ltr'>mune.</span> <span class='ocrx_word' id='word_1_606' title='bbox 1057 1778 1124 1807; x_wconf 67' lang='lat' dir='ltr'>*de</span> <span class='ocrx_word' id='word_1_607' title='bbox 1151 1777 1352 1808; x_wconf 86' lang='lat' dir='ltr'>animalibus</span> <span class='ocrx_word' id='word_1_608' title='bbox 1378 1784 1430 1808; x_wconf 87' lang='lat' dir='ltr'>est</span> <span class='ocrx_word' id='word_1_609' title='bbox 1456 1787 1580 1815; x_wconf 87' lang='lat' dir='ltr'>macer,</span> <span class='ocrx_word' id='word_1_610' title='bbox 1603 1781 1656 1808; x_wconf 86' lang='lat' dir='ltr'>te·</span> 
     </span>
     <span class='ocr_line' id='line_1_103' title="bbox 921 1821 1656 1861; baseline 0 -10"><span class='ocrx_word' id='word_1_611' title='bbox 921 1822 1007 1852; x_wconf 83' lang='lat' dir='ltr'>nnis.</span> <span class='ocrx_word' id='word_1_612' title='bbox 1024 1822 1101 1852; x_wconf 87' lang='lat' dir='ltr'>Div.</span> <span class='ocrx_word' id='word_1_613' title='bbox 1117 1822 1150 1851; x_wconf 89' lang='lat' dir='ltr'>ii.</span> <span class='ocrx_word' id='word_1_614' title='bbox 1171 1825 1220 1852; x_wconf 84' lang='lat'>13.</span> <span class='ocrx_word' id='word_1_615' title='bbox 1236 1821 1309 1851; x_wconf 85' lang='lat' dir='ltr'>aliae</span> <span class='ocrx_word' id='word_1_616' title='bbox 1321 1822 1457 1860; x_wconf 78' lang='lat' dir='ltr'>pecudis</span> <span class='ocrx_word' id='word_1_617' title='bbox 1468 1822 1565 1861; x_wconf 88' lang='lat' dir='ltr'>jecur</span> <span class='ocrx_word' id='word_1_618' title='bbox 1576 1821 1656 1851; x_wconf 83' lang='lat' dir='ltr'>niti-</span> 
     </span>
     <span class='ocr_line' id='line_1_104' title="bbox 922 1865 1654 1905; baseline -0.001 -10"><span class='ocrx_word' id='word_1_619' title='bbox 922 1865 1002 1895; x_wconf 85' lang='lat' dir='ltr'>dum</span> <span class='ocrx_word' id='word_1_620' title='bbox 1019 1869 1054 1894; x_wconf 90' lang='lat' dir='ltr'>et</span> <span class='ocrx_word' id='word_1_621' title='bbox 1070 1865 1221 1905; x_wconf 86' lang='lat' dir='ltr'>plenum,</span> <span class='ocrx_word' id='word_1_622' title='bbox 1235 1865 1306 1895; x_wconf 87' lang='lat' dir='ltr'>aliae</span> <span class='ocrx_word' id='word_1_623' title='bbox 1325 1865 1494 1895; x_wconf 85' lang='lat' dir='ltr'>horridum</span> <span class='ocrx_word' id='word_1_624' title='bbox 1511 1868 1545 1894; x_wconf 83' lang='lat' dir='ltr'>et</span> <span class='ocrx_word' id='word_1_625' title='bbox 1559 1866 1654 1895; x_wconf 73' lang='lat' dir='ltr'>exile.</span> 
     </span>
    </p>

    <p class='ocr_par' dir='ltr' id='par_1_14' title="bbox 921 1908 1653 2026">
     <span class='ocr_line' id='line_1_105' title="bbox 964 1908 1652 1946; baseline -0.001 -7"><span class='ocrx_word' id='word_1_626' title='bbox 964 1909 1124 1946; x_wconf 63' lang='lat' dir='ltr'>Exilitas,</span> <span class='ocrx_word' id='word_1_627' title='bbox 1142 1909 1248 1938; x_wconf 86' lang='lat' dir='ltr'>nimia</span> <span class='ocrx_word' id='word_1_628' title='bbox 1269 1910 1416 1939; x_wconf 83' lang='lat' dir='ltr'>tenuitas</span> <span class='ocrx_word' id='word_1_629' title='bbox 1441 1909 1474 1938; x_wconf 92' lang='lat' dir='ltr'>in</span> <span class='ocrx_word' id='word_1_630' title='bbox 1499 1908 1652 1946; x_wconf 90' lang='lat' dir='ltr'>dicendo,</span> 
     </span>
     <span class='ocr_line' id='line_1_106' title="bbox 921 1952 1653 1993; baseline 0.003 -11"><span class='ocrx_word' id='word_1_631' title='bbox 921 1953 1101 1993; x_wconf 81' lang='lat' dir='ltr'>opponitur</span> <span class='ocrx_word' id='word_1_632' title='bbox 1117 1953 1262 1983; x_wconf 84' lang='lat' dir='ltr'>ubertati</span> <span class='ocrx_word' id='word_1_633' title='bbox 1279 1954 1314 1983; x_wconf 89' lang='lat' dir='ltr'>in</span> <span class='ocrx_word' id='word_1_634' title='bbox 1331 1952 1472 1983; x_wconf 82' lang='lat' dir='ltr'>dicendo</span> <span class='ocrx_word' id='word_1_635' title='bbox 1487 1956 1522 1982; x_wconf 91' lang='lat' dir='ltr'>et</span> <span class='ocrx_word' id='word_1_636' title='bbox 1536 1952 1653 1992; x_wconf 74' lang='lat' dir='ltr'>eopiae.</span> 
     </span>
     <span class='ocr_line' id='line_1_107' title="bbox 921 1996 1089 2026; baseline 0 0"><span class='ocrx_word' id='word_1_637' title='bbox 921 1996 979 2026; x_wconf 90' lang='lat' dir='ltr'>Or.</span> <span class='ocrx_word' id='word_1_638' title='bbox 996 1997 1017 2026; x_wconf 92' lang='lat' dir='ltr'>i.</span> <span class='ocrx_word' id='word_1_639' title='bbox 1040 2000 1089 2026; x_wconf 91' lang='lat'>11.</span> 
     </span>
    </p>

    <p class='ocr_par' dir='ltr' id='par_1_15' title="bbox 920 2039 1656 2297">
     <span class='ocr_line' id='line_1_108' title="bbox 965 2039 1652 2077; baseline -0.001 -7"><span class='ocrx_word' id='word_1_640' title='bbox 965 2039 1123 2077; x_wconf 59' lang='lat' dir='ltr'>Enbz&#39;ter,</span> <span class='ocrx_word' id='word_1_641' title='bbox 1147 2041 1196 2070; x_wconf 77' lang='lat' dir='ltr'>ita</span> <span class='ocrx_word' id='word_1_642' title='bbox 1219 2040 1342 2070; x_wconf 81' lang='lat' dir='ltr'>dicitur</span> <span class='ocrx_word' id='word_1_643' title='bbox 1365 2040 1405 2069; x_wconf 86' lang='lat' dir='ltr'>de</span> <span class='ocrx_word' id='word_1_644' title='bbox 1429 2039 1593 2077; x_wconf 80' lang='lat' dir='ltr'>oratione,</span> <span class='ocrx_word' id='word_1_645' title='bbox 1611 2042 1652 2069; x_wconf 87' lang='lat' dir='ltr'>ut</span> 
     </span>
     <span class='ocr_line' id='line_1_109' title="bbox 922 2083 1656 2123; baseline -0.001 -10"><span class='ocrx_word' id='word_1_646' title='bbox 922 2083 1027 2114; x_wconf 89' lang='lat' dir='ltr'>exilis.</span> <span class='ocrx_word' id='word_1_647' title='bbox 1066 2084 1124 2114; x_wconf 88' lang='lat' dir='ltr'>Or.</span> <span class='ocrx_word' id='word_1_648' title='bbox 1162 2084 1183 2113; x_wconf 89' lang='lat' dir='ltr'>i.</span> <span class='ocrx_word' id='word_1_649' title='bbox 1219 2087 1267 2114; x_wconf 89' lang='lat'>11.</span> <span class='ocrx_word' id='word_1_650' title='bbox 1307 2085 1435 2114; x_wconf 73' lang='lat' dir='ltr'>exiliter</span> <span class='ocrx_word' id='word_1_651' title='bbox 1473 2083 1656 2123; x_wconf 86' lang='lat' dir='ltr'>disputare.-</span> 
     </span>
     <span class='ocr_line' id='line_1_110' title="bbox 921 2127 1651 2158; baseline -0.003 0"><span class='ocrx_word' id='word_1_652' title='bbox 921 2127 1017 2158; x_wconf 88' lang='lat' dir='ltr'>Brut.</span> <span class='ocrx_word' id='word_1_653' title='bbox 1035 2130 1086 2158; x_wconf 78' lang='lat'>84.</span> <span class='ocrx_word' id='word_1_654' title='bbox 1113 2129 1242 2158; x_wconf 65' lang='lat' dir='ltr'>esibiter</span> <span class='ocrx_word' id='word_1_655' title='bbox 1257 2127 1366 2157; x_wconf 85' lang='lat' dir='ltr'>dicere</span> <span class='ocrx_word' id='word_1_656' title='bbox 1384 2130 1434 2156; x_wconf 85' lang='lat' dir='ltr'>est</span> <span class='ocrx_word' id='word_1_657' title='bbox 1449 2127 1651 2157; x_wconf 84' lang='lat' dir='ltr'>Atticorum.</span> 
     </span>
     <span class='ocr_line' id='line_1_111' title="bbox 921 2170 1656 2211; baseline -0.001 -11"><span class='ocrx_word' id='word_1_658' title='bbox 921 2171 991 2200; x_wconf 70' lang='lat' dir='ltr'>*de</span> <span class='ocrx_word' id='word_1_659' title='bbox 1018 2172 1305 2211; x_wconf 76' lang='lat' dir='ltr'>pronunciatione.</span> <span class='ocrx_word' id='word_1_660' title='bbox 1336 2171 1393 2201; x_wconf 87' lang='lat' dir='ltr'>Or.</span> <span class='ocrx_word' id='word_1_661' title='bbox 1419 2170 1466 2200; x_wconf 86' lang='lat' dir='ltr'>iii.</span> <span class='ocrx_word' id='word_1_662' title='bbox 1497 2173 1546 2200; x_wconf 93' lang='lat' dir='ltr'>ll.</span> <span class='ocrx_word' id='word_1_663' title='bbox 1578 2179 1656 2199; x_wconf 85' lang='lat' dir='ltr'>exa-</span> 
     </span>
     <span class='ocr_line' id='line_1_112' title="bbox 922 2213 1653 2252; baseline -0.001 -8"><span class='ocrx_word' id='word_1_664' title='bbox 922 2216 1051 2245; x_wconf 81' lang='lat' dir='ltr'>minata</span> <span class='ocrx_word' id='word_1_665' title='bbox 1067 2217 1194 2246; x_wconf 57' lang='lat' dir='ltr'>exiliter</span> <span class='ocrx_word' id='word_1_666' title='bbox 1208 2218 1333 2244; x_wconf 83' lang='lat' dir='ltr'>exeunt</span> <span class='ocrx_word' id='word_1_667' title='bbox 1349 2214 1447 2243; x_wconf 87' lang='lat' dir='ltr'>verba</span> <span class='ocrx_word' id='word_1_668' title='bbox 1460 2225 1467 2244; x_wconf 69' lang='grc' dir='ltr'><strong><em>τ</em></strong></span> <span class='ocrx_word' id='word_1_669' title='bbox 1485 2213 1519 2243; x_wconf 87' lang='lat' dir='ltr'>h.</span> <span class='ocrx_word' id='word_1_670' title='bbox 1535 2222 1564 2244; x_wconf 89' lang='lat' dir='ltr'>e.</span> <span class='ocrx_word' id='word_1_671' title='bbox 1579 2213 1653 2252; x_wconf 62' lang='grc' dir='ltr'>ξὶηβ</span> 
     </span>
     <span class='ocr_line' id='line_1_113' title="bbox 920 2257 1618 2297; baseline -0.001 -9"><span class='ocrx_word' id='word_1_672' title='bbox 920 2259 965 2295; x_wconf 84' lang='grc' dir='ltr'>νί,</span> <span class='ocrx_word' id='word_1_673' title='bbox 981 2264 1020 2288; x_wconf 86' lang='lat' dir='ltr'>ut</span> <span class='ocrx_word' id='word_1_674' title='bbox 1037 2259 1089 2288; x_wconf 81' lang='lat' dir='ltr'>vix</span> <span class='ocrx_word' id='word_1_675' title='bbox 1106 2258 1250 2297; x_wconf 77' lang='lat' dir='ltr'>intelligi</span> <span class='ocrx_word' id='word_1_676' title='bbox 1268 2258 1406 2297; x_wconf 88' lang='lat' dir='ltr'>possint.</span> <span class='ocrx_word' id='word_1_677' title='bbox 1615 2257 1618 2259; x_wconf 68' lang='grc'><strong><em>’</em></strong></span> 
     </span>
    </p>

    <p class='ocr_par' dir='ltr' id='par_1_16' title="bbox 919 2299 1656 2947">
     <span class='ocr_line' id='line_1_114' title="bbox 965 2299 1653 2340; baseline -0.004 -8"><span class='ocrx_word' id='word_1_678' title='bbox 965 2302 1134 2332; x_wconf 56' lang='lat' dir='ltr'>Eximere.</span> <span class='ocrx_word' id='word_1_679' title='bbox 1148 2302 1236 2332; x_wconf 88' lang='lat' dir='ltr'>diem</span> <span class='ocrx_word' id='word_1_680' title='bbox 1250 2302 1401 2334; x_wconf 66' lang='lat' dir='ltr'>eximere.</span> <span class='ocrx_word' id='word_1_681' title='bbox 1414 2304 1465 2331; x_wconf 80' lang='lat' dir='ltr'>est</span> <span class='ocrx_word' id='word_1_682' title='bbox 1477 2299 1653 2340; x_wconf 87' lang='lat' dir='ltr'>impedire,</span> 
     </span>
     <span class='ocr_line' id='line_1_115' title="bbox 921 2343 1653 2385; baseline -0.003 -11"><span class='ocrx_word' id='word_1_683' title='bbox 921 2350 959 2375; x_wconf 84' lang='lat' dir='ltr'>ut</span> <span class='ocrx_word' id='word_1_684' title='bbox 976 2346 1048 2384; x_wconf 81' lang='lat' dir='ltr'>quis</span> <span class='ocrx_word' id='word_1_685' title='bbox 1065 2345 1144 2384; x_wconf 84' lang='lat' dir='ltr'>quid</span> <span class='ocrx_word' id='word_1_686' title='bbox 1160 2356 1198 2375; x_wconf 84' lang='lat' dir='ltr'>eo</span> <span class='ocrx_word' id='word_1_687' title='bbox 1215 2345 1267 2374; x_wconf 87' lang='lat' dir='ltr'>die</span> <span class='ocrx_word' id='word_1_688' title='bbox 1286 2355 1382 2384; x_wconf 79' lang='lat' dir='ltr'>agere</span> <span class='ocrx_word' id='word_1_689' title='bbox 1408 2345 1532 2385; x_wconf 87' lang='lat' dir='ltr'>possit:</span> <span class='ocrx_word' id='word_1_690' title='bbox 1557 2343 1653 2382; x_wconf 89' lang='lat' dir='ltr'>quasi</span> 
     </span>
     <span class='ocr_line' id='line_1_116' title="bbox 919 2388 1654 2427; baseline -0.003 -9"><span class='ocrx_word' id='word_1_691' title='bbox 919 2389 1037 2419; x_wconf 81' lang='lat' dir='ltr'>tollere</span> <span class='ocrx_word' id='word_1_692' title='bbox 1055 2389 1157 2426; x_wconf 84' lang='lat' dir='ltr'>diem,</span> <span class='ocrx_word' id='word_1_693' title='bbox 1175 2393 1214 2418; x_wconf 88' lang='lat' dir='ltr'>ut</span> <span class='ocrx_word' id='word_1_694' title='bbox 1229 2393 1279 2418; x_wconf 84' lang='lat' dir='ltr'>est</span> <span class='ocrx_word' id='word_1_695' title='bbox 1296 2389 1335 2418; x_wconf 87' lang='lat' dir='ltr'>de</span> <span class='ocrx_word' id='word_1_696' title='bbox 1352 2388 1456 2427; x_wconf 83' lang='lat' dir='ltr'>Legg.</span> <span class='ocrx_word' id='word_1_697' title='bbox 1473 2388 1518 2417; x_wconf 89' lang='lat' dir='ltr'>iii.</span> <span class='ocrx_word' id='word_1_698' title='bbox 1538 2389 1587 2417; x_wconf 84' lang='lat'>18.</span> <span class='ocrx_word' id='word_1_699' title='bbox 1617 2390 1654 2416; x_wconf 78' lang='lat' dir='ltr'>et</span> 
     </span>
     <span class='ocr_line' id='line_1_117' title="bbox 920 2429 1654 2472; baseline -0.004 -10"><span class='ocrx_word' id='word_1_700' title='bbox 920 2433 1047 2472; x_wconf 83' lang='lat' dir='ltr'>eripere</span> <span class='ocrx_word' id='word_1_701' title='bbox 1069 2433 1180 2462; x_wconf 79' lang='lat' dir='ltr'>alicui.</span> <span class='ocrx_word' id='word_1_702' title='bbox 1204 2433 1268 2472; x_wconf 70' lang='lat' dir='ltr'>Qu.</span> <span class='ocrx_word' id='word_1_703' title='bbox 1294 2432 1344 2462; x_wconf 80' lang='lat' dir='ltr'>Fr.</span> <span class='ocrx_word' id='word_1_704' title='bbox 1369 2432 1402 2462; x_wconf 88' lang='lat' dir='ltr'>ii.</span> <span class='ocrx_word' id='word_1_705' title='bbox 1429 2435 1457 2461; x_wconf 84' lang='lat'>1.</span> <span class='ocrx_word' id='word_1_706' title='bbox 1490 2430 1578 2460; x_wconf 89' lang='lat' dir='ltr'>diem</span> <span class='ocrx_word' id='word_1_707' title='bbox 1602 2429 1654 2459; x_wconf 84' lang='lat' dir='ltr'>di-</span> 
     </span>
     <span class='ocr_line' id='line_1_118' title="bbox 921 2474 1654 2511; baseline -0.005 -5"><span class='ocrx_word' id='word_1_708' title='bbox 921 2476 1027 2506; x_wconf 86' lang='lat' dir='ltr'>cendo</span> <span class='ocrx_word' id='word_1_709' title='bbox 1056 2477 1196 2507; x_wconf 63' lang='lat' dir='ltr'>eximere</span> <span class='ocrx_word' id='word_1_710' title='bbox 1213 2488 1222 2504; x_wconf 89' lang='lat'><em>:</em></span> <span class='ocrx_word' id='word_1_711' title='bbox 1260 2475 1293 2506; x_wconf 86' lang='lat' dir='ltr'>id</span> <span class='ocrx_word' id='word_1_712' title='bbox 1323 2475 1425 2505; x_wconf 85' lang='lat' dir='ltr'>fiebat</span> <span class='ocrx_word' id='word_1_713' title='bbox 1455 2474 1490 2503; x_wconf 85' lang='lat' dir='ltr'>in</span> <span class='ocrx_word' id='word_1_714' title='bbox 1520 2476 1654 2511; x_wconf 86' lang='lat' dir='ltr'>senatu,</span> 
     </span>
     <span class='ocr_line' id='line_1_119' title="bbox 921 2517 1654 2556; baseline -0.004 -7"><span class='ocrx_word' id='word_1_715' title='bbox 921 2529 996 2549; x_wconf 83' lang='lat' dir='ltr'>cuni</span> <span class='ocrx_word' id='word_1_716' title='bbox 1029 2521 1063 2550; x_wconf 90' lang='lat' dir='ltr'>in</span> <span class='ocrx_word' id='word_1_717' title='bbox 1088 2519 1258 2549; x_wconf 79' lang='lat' dir='ltr'>sententia</span> <span class='ocrx_word' id='word_1_718' title='bbox 1285 2518 1425 2549; x_wconf 84' lang='lat' dir='ltr'>dicenda</span> <span class='ocrx_word' id='word_1_719' title='bbox 1449 2517 1528 2547; x_wconf 83' lang='lat' dir='ltr'>data</span> <span class='ocrx_word' id='word_1_720' title='bbox 1551 2525 1654 2556; x_wconf 81' lang='lat' dir='ltr'>opera</span> 
     </span>
     <span class='ocr_line' id='line_1_120' title="bbox 921 2559 1654 2602; baseline -0.005 -9"><span class='ocrx_word' id='word_1_721' title='bbox 921 2563 1066 2593; x_wconf 88' lang='lat' dir='ltr'>multum</span> <span class='ocrx_word' id='word_1_722' title='bbox 1082 2563 1243 2602; x_wconf 86' lang='lat' dir='ltr'>temporis</span> <span class='ocrx_word' id='word_1_723' title='bbox 1256 2561 1512 2598; x_wconf 83' lang='lat' dir='ltr'>consumebant,</span> <span class='ocrx_word' id='word_1_724' title='bbox 1525 2563 1560 2590; x_wconf 91' lang='lat' dir='ltr'>et</span> <span class='ocrx_word' id='word_1_725' title='bbox 1573 2559 1654 2590; x_wconf 87' lang='lat' dir='ltr'>alie-</span> 
     </span>
     <span class='ocr_line' id='line_1_121' title="bbox 920 2603 1656 2646; baseline -0.004 -10"><span class='ocrx_word' id='word_1_726' title='bbox 920 2616 965 2636; x_wconf 85' lang='lat' dir='ltr'>na</span> <span class='ocrx_word' id='word_1_727' title='bbox 995 2617 1124 2646; x_wconf 88' lang='lat' dir='ltr'>quoque</span> <span class='ocrx_word' id='word_1_728' title='bbox 1154 2607 1320 2642; x_wconf 82' lang='lat' dir='ltr'>dicebant,</span> <span class='ocrx_word' id='word_1_729' title='bbox 1347 2609 1387 2635; x_wconf 90' lang='lat' dir='ltr'>ut</span> <span class='ocrx_word' id='word_1_730' title='bbox 1412 2604 1461 2634; x_wconf 85' lang='lat' dir='ltr'>sol</span> <span class='ocrx_word' id='word_1_731' title='bbox 1487 2603 1656 2633; x_wconf 85' lang='lat' dir='ltr'>occideret</span> 
     </span>
     <span class='ocr_line' id='line_1_122' title="bbox 920 2646 1654 2689; baseline -0.005 -9"><span class='ocrx_word' id='word_1_732' title='bbox 920 2657 1012 2687; x_wconf 83' lang='lat' dir='ltr'>ante,</span> <span class='ocrx_word' id='word_1_733' title='bbox 1031 2660 1129 2689; x_wconf 80' lang='lat' dir='ltr'>quam</span> <span class='ocrx_word' id='word_1_734' title='bbox 1156 2649 1279 2679; x_wconf 82' lang='lat' dir='ltr'>SCtum</span> <span class='ocrx_word' id='word_1_735' title='bbox 1309 2649 1378 2678; x_wconf 79' lang='lat' dir='ltr'>fieri</span> <span class='ocrx_word' id='word_1_736' title='bbox 1402 2650 1538 2688; x_wconf 84' lang='lat' dir='ltr'>posset:</span> <span class='ocrx_word' id='word_1_737' title='bbox 1564 2646 1654 2686; x_wconf 88' lang='lat' dir='ltr'>quod</span> 
     </span>
     <span class='ocr_line' id='line_1_123' title="bbox 920 2689 1656 2732; baseline -0.007 -8"><span class='ocrx_word' id='word_1_738' title='bbox 920 2694 1046 2724; x_wconf 77' lang='lat' dir='ltr'>sctum</span> <span class='ocrx_word' id='word_1_739' title='bbox 1072 2693 1144 2723; x_wconf 84' lang='lat' dir='ltr'>fieri</span> <span class='ocrx_word' id='word_1_740' title='bbox 1167 2702 1234 2722; x_wconf 87' lang='lat' dir='ltr'>non</span> <span class='ocrx_word' id='word_1_741' title='bbox 1259 2697 1391 2732; x_wconf 84' lang='lat' dir='ltr'>poterat</span> <span class='ocrx_word' id='word_1_742' title='bbox 1416 2696 1489 2731; x_wconf 79' lang='lat' dir='ltr'>post</span> <span class='ocrx_word' id='word_1_743' title='bbox 1505 2689 1583 2720; x_wconf 88' lang='lat' dir='ltr'>solis</span> <span class='ocrx_word' id='word_1_744' title='bbox 1598 2700 1656 2720; x_wconf 71' lang='lat' dir='ltr'>oc-</span> 
     </span>
     <span class='ocr_line' id='line_1_124' title="bbox 920 2732 1654 2774; baseline -0.005 -7"><span class='ocrx_word' id='word_1_745' title='bbox 920 2747 1046 2767; x_wconf 84' lang='lat' dir='ltr'>casum.</span> <span class='ocrx_word' id='word_1_746' title='bbox 1070 2737 1149 2767; x_wconf 85' lang='lat' dir='ltr'>ibid.</span> <span class='ocrx_word' id='word_1_747' title='bbox 1173 2736 1207 2766; x_wconf 88' lang='lat' dir='ltr'>ii.</span> <span class='ocrx_word' id='word_1_748' title='bbox 1231 2736 1262 2766; x_wconf 91' lang='lat'>6.</span> <span class='ocrx_word' id='word_1_749' title='bbox 1294 2736 1321 2765; x_wconf 92' lang='lat' dir='ltr'>si</span> <span class='ocrx_word' id='word_1_750' title='bbox 1345 2735 1406 2765; x_wconf 86' lang='lat' dir='ltr'>sibi</span> <span class='ocrx_word' id='word_1_751' title='bbox 1430 2744 1507 2764; x_wconf 89' lang='lat' dir='ltr'>cum</span> <span class='ocrx_word' id='word_1_752' title='bbox 1530 2732 1654 2774; x_wconf 83' lang='lat' dir='ltr'>populo</span> 
     </span>
     <span class='ocr_line' id='line_1_125' title="bbox 920 2776 1652 2820; baseline -0.007 -9"><span class='ocrx_word' id='word_1_753' title='bbox 920 2781 1041 2820; x_wconf 84' lang='lat' dir='ltr'>agendi</span> <span class='ocrx_word' id='word_1_754' title='bbox 1071 2780 1140 2811; x_wconf 82' lang='lat' dir='ltr'>dies</span> <span class='ocrx_word' id='word_1_755' title='bbox 1172 2783 1284 2809; x_wconf 83' lang='lat' dir='ltr'>essent</span> <span class='ocrx_word' id='word_1_756' title='bbox 1312 2780 1440 2809; x_wconf 72' lang='lat' dir='ltr'>exemti.</span> <span class='ocrx_word' id='word_1_757' title='bbox 1470 2776 1550 2808; x_wconf 89' lang='lat' dir='ltr'>ibid.</span> <span class='ocrx_word' id='word_1_758' title='bbox 1582 2776 1652 2807; x_wconf 84' lang='lat' dir='ltr'>dies</span> 
     </span>
     <span class='ocr_line' id='line_1_126' title="bbox 920 2822 1654 2862; baseline -0.007 -8"><span class='ocrx_word' id='word_1_759' title='bbox 920 2823 1105 2854; x_wconf 86' lang='lat' dir='ltr'>comitiales</span> <span class='ocrx_word' id='word_1_760' title='bbox 1135 2824 1285 2854; x_wconf 59' lang='lat' dir='ltr'>emimere.</span> <span class='ocrx_word' id='word_1_761' title='bbox 1328 2832 1388 2862; x_wconf 91' lang='lat' dir='ltr'>pro</span> <span class='ocrx_word' id='word_1_762' title='bbox 1425 2822 1566 2853; x_wconf 61' lang='lat' dir='ltr'>eximere</span> <span class='ocrx_word' id='word_1_763' title='bbox 1601 2823 1654 2850; x_wconf 80' lang='lat' dir='ltr'>est</span> 
     </span>
     <span class='ocr_line' id='line_1_127' title="bbox 920 2863 1653 2907; baseline -0.003 -9"><span class='ocrx_word' id='word_1_764' title='bbox 920 2868 1000 2907; x_wconf 79' lang='lat' dir='ltr'>Leg.</span> <span class='ocrx_word' id='word_1_765' title='bbox 1028 2868 1072 2897; x_wconf 86' lang='lat' dir='ltr'>iii.</span> <span class='ocrx_word' id='word_1_766' title='bbox 1104 2869 1152 2897; x_wconf 79' lang='grc'><strong>18.</strong></span> <span class='ocrx_word' id='word_1_767' title='bbox 1183 2866 1270 2896; x_wconf 74' lang='lat' dir='ltr'>diem</span> <span class='ocrx_word' id='word_1_768' title='bbox 1291 2865 1422 2898; x_wconf 85' lang='lat' dir='ltr'>tollere.</span> <span class='ocrx_word' id='word_1_769' title='bbox 1453 2864 1582 2905; x_wconf 48' lang='lat' dir='ltr'>*Vena</span> <span class='ocrx_word' id='word_1_770' title='bbox 1608 2863 1653 2897; x_wconf 71' lang='lat' dir='ltr'>iv·-</span> 
     </span>
     <span class='ocr_line' id='line_1_128' title="bbox 924 2910 1582 2947; baseline -0.003 -4"><span class='ocrx_word' id='word_1_771' title='bbox 924 2914 973 2947; x_wconf 84' lang='lat'>19.</span> <span class='ocrx_word' id='word_1_772' title='bbox 1003 2913 1143 2945; x_wconf 71' lang='lat' dir='ltr'>eximere</span> <span class='ocrx_word' id='word_1_773' title='bbox 1158 2910 1199 2941; x_wconf 85' lang='lat' dir='ltr'>de</span> <span class='ocrx_word' id='word_1_774' title='bbox 1215 2910 1290 2942; x_wconf 78' lang='lat' dir='ltr'>reis.</span> <span class='ocrx_word' id='word_1_775' title='bbox 1502 2910 1506 2915; x_wconf 87' lang='grc'><strong>“</strong></span> <span class='ocrx_word' id='word_1_776' title='bbox 1562 2911 1582 2915; x_wconf 81' lang='grc'>”</span> 
     </span>
    </p>
   </div>
  </div>
 </body>
</html>
