1790 3219
598 85 741 114 mnnx
774 84 1068 112 LATlm‘rA‘rls.

110 174 307 212 διἀηιιαεον,
331 174 415 218 ἄρ’.
446 173 510 204 n'd.
527 172 599 204 lnd.
617 172 674 202 Gr.
705 171 769 201 Off.
786 171 807 201 i.

110 259 310 298 Simulata,
343 271 401 301 per
435 259 658 291 imitationem
689 257 808 287 factus.

67 302 108 333 Ν.
126 305 168 335 D.
186 305 218 335 ii.
235 308 287 336 35.
318 304 390 335 hnc
409 305 577 339 simulata,
593 306 810 342 opponuntur

65 346 117 384 iis,
133 358 207 387 quae
224 354 304 379 sunt
321 358 340 378 a
357 352 476 377 natura
492 345 650 387 perfecta.

110 390 170 421 Sin
185 401 262 422 cum
279 397 404 421 autem.
434 390 534 420 Tusc.
553 390 598 419 iii.
614 393 645 423 9.
677 390 725 418 sin
751 398 810 418 au-

64 438 133 464 tem
151 435 295 465 caderet.
319 435 366 464 sic
383 440 416 464 et
433 433 474 464 ad
489 433 560 463 Att.
576 444 606 463 x.
623 433 653 463 6.

108 478 274 514 Sincera,
302 487 410 514 verus,
436 478 661 517 incorruptus,
686 484 808 506 rectus.

63 520 105 551 ad
136 522 212 552 Div.
240 531 292 552 xv.
318 521 349 551 6.
382 520 551 560 judicium
580 522 744 550 sincerum
771 530 808 550 ac

64 564 199 594 subtile.

107 606 308 647 Singularis.
339 606 410 637 lnv.
437 607 470 637 ii.
498 610 528 639 3.
565 608 736 646 singulare
763 607 808 636 vi-

62 651 168 681 tium:
202 650 291 690 quod
317 656 368 681 est
394 650 494 680 alicui
519 652 702 692 proprium.
736 650 808 680 Att.

62 694 117 724 vii.
131 697 161 728 7.
181 695 367 734 singulares
377 700 455 724 sunt
470 694 547 724 boni
562 694 633 724 viri.
655 693 807 724 einzelne

62 737 153 777 giebt
170 747 214 768 cs.

106 780 256 812 Sinister.
289 783 364 813 Div.
382 783 415 812 ii.
432 785 484 815 39.
515 780 644 812 Latims
669 790 742 819 quoe
762 781 804 810 si-

60 826 165 855 nistra
182 825 339 856 dicantur
353 826 387 856 in
401 825 579 864 auspiciis?
611 824 741 863 Nempe
754 833 806 860 ea,

60 878 135 908 que
159 869 283 900 Graecis
307 869 433 899 dextra.
466 877 669 906 quamquam
693 867 805 898 Latini

60 921 162 953 saepe,
178 912 371 943 Graecorum
388 911 667 942 consuetudinem
684 911 805 948 secuti,

59 957 192 987 sinisera
209 957 243 986 in
261 955 383 985 malam
400 961 531 995 partem
548 955 671 985 dixere.
719 954 805 984 Cau-

59 1009 97 1029 sa
121 1003 185 1037 est,
208 999 286 1038 quia
313 1008 421 1038 aug-ur
447 999 541 1029 sedet
563 1009 618 1028 ore
641 998 682 1028 ad
707 998 805 1028 meri-

59 1042 149 1073 diem
173 1052 286 1082 verso;
318 1042 407 1073 unde
431 1043 595 1072 orientem
621 1052 639 1072 a
662 1042 804 1072 sinistris

59 1085 172 1123 habet,
189 1095 263 1126 quae
281 1086 380 1136 plaga
394 1086 472 1116 felix
489 1086 681 1126 putabatur.

104 1129 215 1161 Sinus.
249 1129 340 1161 Verr.
366 1131 387 1160 i.
405 1133 456 1161 50.
488 1130 660 1169 negotium
685 1129 746 1159 sibi
770 1129 804 1159 in

58 1174 167 1204 ninum
183 1173 352 1204 delatum:
379 1174 400 1204 i.
417 1184 447 1203 e.
468 1183 528 1203 sua
550 1178 669 1213 sponte
693 1173 804 1203 sibiet

59 1217 232 1248 commode
248 1217 418 1248 accidisse.
438 1217 514 1247 ibid.
532 1220 579 1247 10.
599 1227 638 1246 ex
654 1218 730 1247 sinu
747 1225 805 1246 no·

57 1266 126 1291 stro
142 1270 309 1301 apponere
327 1261 471 1292 dicimur
493 1265 595 1290 testes
620 1259 805 1290 calumnia-

57 1312 160 1342 tores,
177 1305 374 1335 subornatos
391 1315 410 1335 a
426 1305 518 1335 nobis
542 1314 663 1344 eosque
679 1305 803 1334 amicos

58 1354 200 1385 nostros,
217 1354 252 1379 et
276 1349 397 1379 nostris
418 1348 600 1378 commodis
618 1347 803 1377 studentes.

55 1391 157 1422 Tusc.
186 1393 232 1422 iii.
261 1394 312 1423 21.
351 1393 385 1422 in
415 1393 490 1422 sinu
515 1391 678 1431 gaudere:
713 1391 744 1421 h.

56 1445 183 1473 secum,
208 1436 376 1476 privatim.
406 1435 447 1475 Ω.
468 1434 518 1465 Fr.
535 1436 568 1465 ii.
590 1437 639 1466 13.
672 1436 706 1465 in
729 1435 804 1464 sinu

57 1489 148 1517 esse3
174 1479 206 1509 h.
223 1489 252 1510 e.
269 1480 385 1510 amari.

101 1522 284 1563 siparium,
301 1521 425 1560 velum,
441 1521 530 1562 quod
553 1531 661 1552 scenae
685 1522 803 1553 obten-

57 1565 159 1604 ditur,
190 1565 349 1597 aulaeum.
394 1566 489 1597 Prov.
522 1566 621 1596 Cons.
652 1566 684 1596 6.
729 1565 802 1596 Piso

57 1619 135 1641 cum
162 1609 286 1641 Graecis
306 1610 380 1650 jam
404 1610 437 1640 in
462 1614 596 1640 exostra
618 1608 802 1646 helluatur,

54 1663 132 1684 cum
157 1659 236 1684 ante
260 1659 336 1694 post
356 1654 518 1694 siparium
541 1653 686 1684 solebat:
711 1652 745 1683 h.
772 1663 801 1683 e.

54 1696 155 1735 clam,
172 1697 316 1728 occulte.

100 1740 232 1782 Siplum.
259 1741 331 1771 Fin.
349 1741 382 1771 ii.
400 1743 430 1772 8.
462 1741 590 1778 vinum,
608 1740 673 1778 hir,
689 1741 801 1780 siphon

54 1784 108 1814 cui
132 1783 217 1815 nihil
239 1784 371 1815 demsit.
418 1784 479 1815 Est
502 1784 629 1820 fistula,
646 1794 713 1823 qua
734 1785 801 1814 uti-

55 1837 132 1859 mur
145 1828 188 1859 ad
202 1828 405 1859 eliciendum
420 1838 438 1858 e
450 1828 551 1869 pleno
568 1827 655 1858 dolio
671 1829 801 1865 vinum,

53 1870 123 1902 fere
155 1871 313 1912 gustandi
339 1881 450 1902 causa.
495 1871 668 1903 videndus
699 1871 802 1902 Scali-

55 1924 115 1954 ger
129 1916 171 1946 ad
185 1916 325 1947 Varron.
342 1925 375 1956 p.
394 1918 465 1947 182.

99 1958 234 1998 Sistere,
259 1959 382 1990 omisso
404 1969 439 1989 se
466 1959 510 2001 (v.
534 1958 638 1990 Gron.
662 1958 704 1989 ad
726 1957 799 1989 Liv.

54 2003 97 2032 iv.
127 2002 190 2042 12.)
222 2002 392 2043 significat
418 2003 546 2042 erigere
572 2012 620 2039 se,
644 2003 800 2040 recreari,

52 2045 184 2077 salvum
215 2055 286 2077 esse
313 2050 414 2086 atque
445 2046 660 2076 incolumem.
707 2045 799 2076 Verr.

52 2089 99 2120 iii.
123 2090 177 2125 96.
216 2090 274 2130 qui
301 2100 406 2131 remp.
429 2091 540 2120 sistere
567 2093 669 2128 negat
691 2099 799 2130 posse,

53 2133 88 2164 ni
113 2133 154 2164 ad
177 2137 367 2174 equestrem
393 2133 544 2163 ordinem
564 2133 694 2173 judicia
716 2133 799 2164 refe-

54 2181 184 2212 rantur.
224 2177 299 2208 ⁸de
330 2177 532 2208 obeuntibus
560 2176 798 2208 vadimonium.

52 2220 172 2261 Quint.
184 2223 215 2253 8.
234 2222 346 2252 sistere
357 2221 597 2251 vadimonium.
623 2220 702 2250 ibid.
715 2224 745 2255 7.
763 2224 800 2251 ut

53 2263 166 2295 Idibus
181 2264 273 2305 Sept.
291 2265 327 2295 P.
341 2265 522 2305 Quintium
545 2265 612 2294 sisti
635 2264 725 2295 Sext.
742 2264 798 2294 Al-

52 2307 183 2348 phenus
199 2309 424 2349 promitteret.

97 2349 226 2389 sitella,
243 2361 313 2390 vas,
329 2353 364 2382 in
381 2351 470 2392 quod
485 2349 618 2382 tabellae
641 2360 661 2380 a
682 2351 799 2382 suffra-

53 2395 109 2434 gia
129 2395 315 2426 ferentibus
339 2395 585 2435 conjiciuntur„
605 2394 685 2425 Nat.
708 2395 751 2426 D.
777 2395 798 2426 i.

52 2440 105 2470 38.
139 2437 193 2470 Ti.
216 2438 407 2470 Gracchum
431 2448 508 2469 cum
533 2437 645 2469 videor
667 2439 800 2469 concio-

53 2485 191 2513 nantem
208 2482 244 2512 in
257 2481 424 2523 Capitolio
437 2482 560 2519 videre,
573 2481 613 2512 de
637 2481 684 2512 M.
697 2483 799 2513 Oeta-

51 2526 103 2556 vio
126 2525 334 2557 deferentem
356 2527 510 2557 sitellam.
540 2525 582 2556 cf.
597 2524 648 2556 Fr.
666 2525 798 2557 Cornel.

55 2570 84 2600 l.
107 2575 142 2600 et
159 2567 304 2610 Interpr.
319 2569 362 2600 ad
376 2569 447 2601 Liv.
465 2579 539 2599 xxv.
554 2571 584 2600 3.

97 2611 265 2651 Sitienter,
289 2613 420 2654 cupide.
451 2613 480 2644 T
482 2612 589 2643 uscul.
613 2610 656 2643 iv.
679 2614 726 2647 17.
755 2614 798 2644 si·

52 2656 169 2686 tientes·
184 2661 351 2697 expetere.

96 2697 209 2736 Sitire,
223 2700 382 2740 cupidum
398 2709 481 2731 esse.
507 2698 621 2730 Plane.
634 2701 664 2731 5.
687 2699 799 2730 sitien-

51 2746 119 2772 tem
136 2751 192 2772 me
215 2742 347 2776 virtutis
370 2748 440 2774 tuae
463 2742 651 2774 deseruisti.
679 2742 721 2783 Ω.
746 2741 796 2773 Fr.

51 2785 97 2815 iii.
113 2788 146 2816 5.
174 2786 265 2816 sitire
286 2785 439 2818 honores.
470 2786 652 2817 ‘defle-ere.
679 2787 721 2827 Ω.
746 2784 797 2818 Fr.

52 2829 98 2859 iii.
119 2830 146 2859 1.
163 2838 192 2859 c.
206 2830 237 2859 4.
261 2829 324 2870 ipsi
339 2829 449 2861 fontes
458 2831 533 2870 jam
547 2831 675 2861 eitiunt.

98 2870 243 2911 Sieeyboe.
267 2873 339 2904 Att.
353 2873 395 2909 iv.
410 2877 441 2906 5.
465 2873 530 2905 vid.
547 2873 621 2905 Ind.
638 2873 744 2905 Grec.

1515 79 1599 114 429

897 171 997 201 Situs.
1026 171 1104 210 Lug.
1122 173 1155 203 ii.
1172 175 1224 204 2⁴2.
1247 176 1300 204 siti
1316 173 1475 205 dicuntur
1491 175 1526 211 ii,
1543 175 1599 213 qui

852 214 980 244 conditi
997 222 1087 245 sunt.

897 257 1025 293 Soccus,
1039 258 1275 290 indumentum
1291 261 1411 300 pedum
1426 260 1596 298 Graecum,

851 304 889 330 ut
904 300 1036 330 calceus
1059 301 1268 333 Romanum:
1295 305 1382 333 unde
1407 303 1546 344 pallium
1563 310 1597 333 et

850 354 956 374 soccus
974 344 1181 383 junguntur.
1221 346 1329 376 Rabir.
1356 347 1443 377 Post.
1472 351 1521 378 10.
1562 347 1598 378 Ρ.

851 387 999 418 Rutilius
1015 398 1113 418 coccos
1130 388 1245 418 hahuit
1265 396 1298 419 et
1324 391 1473 429 pallium.
1502 391 1597 421 Orat.

852 432 898 461 iii.
927 433 981 462 32.
1023 431 1176 472 pallium,
1205 443 1270 471 quo
1299 434 1455 471 amictus,
1485 445 1596 473 soccos,

852 476 972 514 quibus
990 475 1126 506 indutus
1143 481 1240 506 esset.

896 519 1043 556 Soc-iaus,
1076 519 1116 549 ad
1148 519 1252 549 socios
1283 520 1455 559 pertinens
1484 521 1597 561 populi

852 563 947 593 Rom.
977 573 1159 602 eorumque
1198 563 1336 602 injurias
1371 563 1599 595 vindicandas.

853 607 885 636 in
912 606 1023 637 Caecil.
1049 610 1078 637 5.
1115 606 1185 637 haec
1210 606 1262 636 lex
1285 607 1410 636 socialis
1433 613 1502 636 est:
1536 607 1597 637 hoc

846 651 902 686 jus
928 651 1102 680 nationum
1127 655 1330 680 exterarum.
1364 649 1493 680 Verrin.
1515 650 1548 680 ii.
1566 651 1597 681 6.

852 694 885 723 in
907 693 967 723 hac
992 695 1176 733 quaestione
1201 693 1239 723 de
1265 694 1414 734 pecuniis
1440 699 1598 733 repetun-

852 736 913 774 dis,
931 747 1004 776 quae
1029 739 1194 768 sociorum
1216 748 1316 768 causa
1331 738 1518 767 constituta
1532 742 1596 775 est,

851 780 922 819 lege
941 781 1135 820 judicioque
1158 782 1280 819 socilia,
1298 782 1463 812 sociorum
1488 782 1598 820 queri-

851 824 978 854 monias
996 824 1110 854 audire
1127 829 1306 864 oporteret.

895 867 1047 906 Societas,
1063 868 1248 908 συμτίθιια.
1279 869 1355 900 Div.
1372 869 1404 899 ii.
1422 871 1474 903 71.
1505 868 1598 899 nulla

851 916 980 942 naturae
1003 914 1135 942 societas
1158 922 1234 942 cum
1260 913 1408 942 somniis.
1441 912 1510 942 ⁸‘de
1534 923 1596 952 pn·

849 954 987 985 blicanis
1014 956 1214 996 simpliciter
1239 956 1374 986 dicitur.
1406 955 1449 986 cs.
1474 957 1595 987 socius.

849 998 890 1028 ad
922 999 1050 1029 Divers.
1083 1000 1152 1029 xiii.
1179 1004 1210 1034 9.
1247 1001 1378 1030 societas
1407 998 1595 1039 Bithynica.

850 1042 963 1072 Plane.
994 1046 1040 1074 13.
1075 1045 1263 1073 societatum
1291 1046 1511 1074 maximarum
1536 1053 1596 1074 au-

849 1089 933 1123 ctor,
950 1085 1170 1126 plurimarum
1190 1088 1359 1126 magister.
1390 1086 1524 1117 Muren.
1541 1090 1595 1119 33.

848 1129 927 1168 quid
952 1130 979 1159 si
1007 1140 1123 1160 omnes
1149 1131 1312 1160 societates
1339 1131 1466 1160 obviam
1496 1140 1595 1161 vene-

848 1181 941 1210 runt,
965 1183 1106 1212 quarum
1133 1184 1150 1203 e
1180 1184 1320 1204 numero
1344 1173 1444 1205 multi
1467 1173 1519 1204 hic
1543 1183 1596 1204 se-

848 1216 930 1247 dent
945 1217 1088 1255 judices.
1121 1217 1246 1248 *Rosc.
1265 1218 1359 1248 Com.
1377 1217 1407 1248 6.
1437 1219 1596 1249 societatis

841 1261 1032 1299 judicium3
1065 1266 1128 1300 est,
1149 1260 1237 1301 quod
1260 1266 1295 1291 et
1318 1271 1378 1302 pro
1400 1262 1489 1291 socio
1513 1260 1595 1292 dici·

846 1309 914 1334 tur.
946 1304 1011 1335 vid.
1031 1306 1151 1336 socius.
1184 1305 1333 1345 ‘Quint
1350 1308 1382 1336 4.
1411 1306 1594 1337 societatem

846 1348 908 1378 sibi
925 1347 1057 1379 debere.
1087 1349 1185 1380 Rosc.
1200 1348 1275 1379 Am.
1291 1351 1344 1379 43.
1375 1349 1436 1379 sub
1453 1359 1519 1388 quo
1534 1359 1595 1380 no-

772 1401 802 1420 e.
847 1392 937 1422 mine
964 1395 1037 1422 tota
1059 1394 1190 1423 societas
1215 1393 1388 1423 statuitur.
1419 1392 1538 1433 Quint.
1561 1396 1594 1424 3.

847 1445 971 1475 magna.
986 1435 1051 1466 fide
1066 1437 1247 1467 societatem
1263 1445 1390 1476 gerere.
1420 1437 1439 1455 ⁸*
1451 1436 1492 1467 ad
1515 1437 1594 1468 Div.

845 1479 903 1510 xii.
935 1481 986 1510 28.
1032 1482 1213 1511 societatem
1245 1480 1326 1520 reip.
1358 1480 1592 1512 conservande

846 1532 980 1553 mecum
997 1533 1145 1554 renovas.

891 1567 1013 1605 Socias,
1038 1567 1078 1597 de
1108 1566 1295 1608 publicanis
1324 1566 1536 1608 simpliciter,
1559 1572 1595 1600 et

845 1609 973 1648 adjecto
1006 1611 1178 1651 vectigalis
1209 1611 1358 1648 nomine,
1383 1611 1473 1650 quod
1500 1611 1594 1642 rede·

846 1658 992 1684 merunt.
1027 1654 1139 1685 Plane.
1156 1659 1188 1689 9.
1213 1655 1301 1685 sociis
1318 1655 1415 1685 unice
1432 1654 1593 1695 diligeba-

844 1702 912 1728 tur.
937 1697 980 1728 cf.
994 1697 1086 1728 Verr.
1100 1699 1145 1728 iii.
1158 1700 1211 1729 20.
1238 1698 1280 1728 ad
1296 1697 1372 1729 Div.
1383 1698 1452 1729 xiii.
1469 1703 1500 1734 9.
1517 1700 1593 1730 socia·

844 1741 1023 1782 Bithyniae.
1048 1742 1127 1772 ibid.
1144 1743 1196 1773 65.
1220 1743 1293 1772 socii
1307 1742 1494 1782 scripturae.
1511 1742 1593 1773 ‘ar-

845 1785 983 1815 bitrium
1008 1795 1067 1825 pro
1089 1787 1167 1816 socio
1189 1785 1308 1825 Quint.
1325 1788 1356 1816 3.
1387 1789 1449 1823 est,
1467 1786 1502 1817 in
1525 1796 1591 1826 quo

844 1829 918 1867 quis
935 1839 954 1859 a
969 1831 1047 1859 socio
1061 1829 1122 1859 sibi
1139 1829 1298 1868 injuriam
1323 1833 1358 1859 et
1373 1828 1527 1860 fraudem
1543 1830 1592 1861 fa-

845 1879 933 1902 ctam
961 1873 1182 1912 persequitur.
1214 1872 1293 1903 hinc
1318 1872 1427 1903 Flacc.
1452 1876 1500 1904 18.
1531 1883 1592 1914 pro

842 1917 922 1946 socio
945 1915 1111 1954 damnari,
1134 1926 1212 1946 cum
1236 1916 1310 1955 quis
1333 1915 1458 1948 fraudis
1482 1917 1517 1947 in
1539 1926 1593 1948 so-

845 1960 935 1989 cium
954 1961 1176 1991 convincitur.

887 2001 1016 2034 Sodalis
1040 2008 1092 2034 est
1113 2003 1254 2044 collega,
1279 2013 1345 2034 non
1369 2004 1405 2034 in
1429 2013 1592 2044 quocum·

843 2056 907 2086 que
935 2046 1090 2087 collegio,
1117 2057 1195 2078 nam
1220 2047 1374 2078 sodalitas
1403 2058 1423 2078 a
1449 2047 1590 2088 collegio

843 2090 964 2120 diserte
981 2091 1204 2131 distinguitur
1219 2091 1315 2122 Brut.
1331 2094 1385 2123 45.
1412 2091 1470 2122 sed
1487 2092 1521 2122 in
1537 2102 1591 2130 eo,

843 2134 932 2174 quod
948 2144 1119 2165 sacrorum
1137 2144 1238 2165 causa
1257 2135 1292 2165 in
1308 2134 1469 2165 honorem
1486 2135 1592 2166 alicu-

835 2178 894 2216 jus
920 2177 982 2209 Dei
1006 2180 1232 2209 constitutum
1247 2184 1311 2216 est,
1328 2179 1422 2218 cujus
1440 2178 1592 2210 membr·

842 2231 911 2251 una
948 2222 1142 2262 epulantur,
1182 2221 1295 2261 quales
1336 2226 1417 2252 sunt
1455 2221 1590 2265 &vagu-a

842 2265 1047 2295 Graecorum.
1080 2265 1161 2296 Coel.
1182 2269 1230 2295 11.
1259 2265 1378 2296 sodalis
1400 2266 1435 2295 in
1462 2265 1591 2307 Luper·

842 2308 901 2338 cis.
949 2308 1032 2339 Cato
1066 2312 1114 2340 13.
1154 2309 1301 2350 primum
1335 2309 1435 2339 habui
1466 2309 1589 2340 sodales

841 2361 985 2392 semper.
1008 2351 1203 2383 sodalitates
1221 2355 1335 2383 autem
1353 2362 1406 2383 me
1422 2359 1588 2392 quaestore

842 2396 1034 2426 constitutae
1064 2402 1158 2434 sunt,
1190 2396 1292 2427 saeris
1325 2395 1421 2426 ldaeis
1451 2396 1588 2437 Magnae

842 2438 962 2470 Matris
992 2441 1151 2480 acceptis.
1189 2439 1349 2480 epulabar
1376 2433 1481 2480 i'gitur
1509 2450 1589 2471 cum

839 2483 1000 2513 sodalibus
1014 2484 1154 2514 omnino
1171 2483 1312 2513 modice.
1344 2483 1384 2513 de
1402 2483 1452 2515 his
1468 2483 1591 2515 sodali-

840 2526 902 2557 bus
918 2534 954 2557 et
966 2526 1197 2557 sodalitatibus
1221 2536 1250 2557 v.
1266 2525 1429 2558 Budaeum
1445 2526 1488 2557 ad
1503 2527 1592 2558 Pan·

841 2569 928 2600 dect.
953 2580 985 2610 p.
1011 2580 1056 2600 m.
1079 2572 1154 2605 299.
1178 2579 1204 2600 s.
1221 2570 1360 2601 Salmas.
1378 2569 1421 2601 ad
1441 2568 1504 2602 Jus
1527 2571 1588 2602 At-

840 2614 899 2643 tic.
917 2618 952 2644 et
967 2612 1065 2644 Rom.
1077 2623 1105 2644 c.
1123 2616 1155 2644 4.
1186 2613 1306 2647 ‘Vena
1321 2614 1344 2645 i.
1359 2617 1412 2648 37.
1442 2619 1592 2654 quaestor

841 2655 1032 2697 appellatur
1058 2657 1177 2688 sodalis
1205 2656 1318 2697 legati.
1354 2657 1448 2689 Orat.
1475 2658 1510 2688 ii.
1532 2661 1587 2692 49.

841 2704 986 2739 quaestor
999 2700 1188 2741 appellatur
1197 2701 1316 2732 sodalis
1328 2700 1494 2732 Praetoris.
1511 2701 1589 2732 *so-

841 2743 924 2774 cius.
953 2743 1046 2774 Verr.
1070 2744 1092 2775 i.
1113 2744 1166 2776 36.
1196 2744 1314 2776 sodalis
1335 2744 1433 2776 istius
1456 2750 1530 2775 erat
1552 2744 1588 2775 ἰι

842 2786 904 2817 boc
932 2787 1048 2818 morbo
1071 2792 1107 2818 et
1129 2787 1326 2829 cupiditate.
1366 2788 1519 2819 “sodates
1540 2787 1590 2818 di-

841 2834 966 2861 cuntur
980 2831 1100 2869 etiam,
1115 2831 1171 2871 qui
1196 2835 1334 2870 coeunt,
1350 2835 1388 2862 ut
1414 2831 1590 2871 mag-istra-

840 2878 917 2905 tum
934 2873 1034 2905 alicui
1050 2875 1184 2915 injustis
1205 2875 1313 2907 modis
1337 2874 1530 2906 conficiant.
1559 2884 1594 2908 vr.⁴
