1804 3178
583 113 729 144 mul-:x
760 115 1053 147 LATWITAUS.

54 204 93 237 ln
113 205 237 244 numis,
253 210 427 244 tamquam
449 201 653 240 Germanici,
668 212 783 234 occur-

55 250 111 281 rit.
140 248 214 280 Act.
238 250 259 279 i.
289 247 383 278 Verr.
405 250 437 281 7.
461 245 585 287 jin-nix
609 246 784 278 Fabianus.

52 289 149 323 Verr.
163 293 198 324 ii.
214 293 268 324 63.
297 291 396 330 hujus
406 288 528 329 Jbrm't
550 290 584 320 in
601 290 670 320 foro
690 292 725 330 S)
735 301 784 321 ra-

56 336 144 366 cusis
167 342 232 374 est,
249 336 284 367 in
307 343 372 374 quo
387 332 496 363 nudus
513 331 601 363 filius
618 338 698 371 stat,
715 334 783 374 ipse

56 384 172 410 autem
196 390 237 410 cx
260 387 345 418 equo
367 375 526 407 nudatam
543 376 583 406 ab
599 386 633 406 se
650 378 782 417 provin—

52 423 140 453 ciam
173 421 357 464 prospicit3
392 429 490 459 quein
518 418 627 450 locum
650 422 782 460 egregie

51 465 223 497 illustrant
251 464 358 502 numi,
381 463 437 502 qui
454 462 600 503 jin-uices
623 463 781 495 exhibent

49 509 172 540 ntatuis
188 507 352 549 impositis
368 514 512 537 ornatos.

93 552 242 584 Pin-tasse
255 561 316 593 pro
338 550 417 580 sere.
446 550 542 581 Brut.
564 551 616 581 68.
646 550 780 581 biennio

36 595 185 637 fortasse
197 596 314 633 major.
341 594 398 624 Or.
415 594 466 626 56.
492 594 632 634 triginta
634 593 780 634 jin-tasse

49 649 174 671 versus.
218 639 272 669 Sic
295 638 402 668 Graeci
419 637 535 668 dicunt
560 637 584 667 n'
599 637 699 678 τύχη,
716 648 778 669 nn-

47 682 90 713 de
105 682 140 713 id
154 692 346 723 expressum
361 686 397 711 et
411 680 551 711 ductum
565 687 627 711 cst.

90 725 194 758 Pone.
234 727 292 757 Or.
325 726 372 756 iii.
405 725 453 755 19.
494 731 529 756 et
559 724 717 764 aliquem,
749 725 776 755 si

34 768 144 811 sorte,
159 776 302 801 motum.

87 813 281 845 form-ulus.
308 811 408 843 Tusc.
439 811 473 842 ii.
507 813 556 846 19.
574 809 775 851 seniculum

41 865 78 887 ne
94 857 230 898 praebet.

87 900 205 939 Fortis,
221 899 262 931 de
278 901 482 934 accusatore,
498 897 532 928 in
557 896 667 928 caecil.
685 901 716 932 7.
747 899 774 929 si

42 943 222 976 accusandi
250 943 406 974 voluutas
432 941 475 971 ad
500 941 586 971 viros
603 940 713 980 jin-tes
739 947 773 973 et

42 991 210 1028 spectatos
231 985 396 1017 translata
417 985 471 1015 sit.
516 985 567 1015 De
588 984 772 1024 defensore,

41 1030 215 1062 advocato.
236 1029 357 1070 Quint.
373 1030 405 1060 2.
430 1028 531 1059 habet
547 1028 771 1059 adversarium

39 1074 140 1104 verbo
163 1072 196 1104 S.
211 1073 380 1110 Naevium,
398 1081 511 1102 revera
537 1071 634 1109 hujus
661 1073 770 1103 aetatis

39 1115 192 1148 homines
219 1116 468 1153 disertissimos,
483 1113 695 1155 Jbrtissimos,
719 1125 771 1146 or-

39 1160 243 1192 natissimos.
264 1170 295 1191 v.
314 1159 421 1190 Graev.
438 1158 480 1189 ad
494 1158 527 1189 h.
546 1158 568 1189 l.
615 1158 767 1198 Denique

38 1203 80 1234 de
87 1204 215 1244 judice.
237 1203 313 1244 Aet.
329 1204 352 1233 i.
380 1203 414 1233 in
437 1202 530 1232 Verr.
559 1206 607 1237 17.
638 1201 768 1233 Verrin.

39 1247 61 1278 i.
93 1250 121 1278 1.
175 1247 215 1278 ln
243 1247 295 1278 his
319 1246 472 1277 omnibus
490 1244 595 1286 sortis
621 1250 685 1283 est,
712 1246 768 1285 qui

37 1300 147 1331 neque
161 1295 269 1330 metu,
282 1299 390 1330 neque
404 1288 566 1330 periculo,
580 1299 686 1328 neque
699 1289 769 1320 ulla

38 1334 104 1364 alia
126 1344 162 1366 re
184 1335 372 1366 deterretur
394 1333 435 1364 ab
452 1343 504 1370 e0,
521 1332 609 1372 quod
633 1337 683 1362 est
697 1333 768 1363 offi-

37 1378 79 1408 cii
95 1379 168 1409 sui:
193 1379 250 1418 qui
266 1377 367 1409 libere
383 1377 478 1412 dicit,
495 1386 569 1415 quae
585 1377 690 1406 sentit
706 1377 765 1406 (ke.

34 1420 163 1452 Eodem
195 1421 294 1452 modo
323 1420 424 1452 Catil.
448 1421 495 1450 iii.
523 1419 554 1450 6.
573 1419 767 1460 sortissimoe

34 1465 212 1496 sententie
224 1464 394 1496 dicuntur.
408 1463 428 1482 ³
439 1463 549 1495 Fortes
559 1468 637 1494 sunt
649 1465 765 1501 ctiam,

34 1509 91 1548 qui
115 1507 256 1546 labores,
277 1507 404 1539 dolores
427 1507 553 1545 ferunt,
577 1506 764 1547 voluptates

34 1551 215 1593 repudiant
229 1552 289 1583 διε.
315 1550 387 1582 Att.
404 1560 455 1581 κν.
475 1553 525 1582 11.
551 1549 683 1580 Cassius
686 1550 764 1591 for-

32 1595 118 1626 tibus
138 1605 218 1626 sane
241 1594 346 1626 oculis
369 1599 511 1625 matrem
537 1597 700 1634 spectare.
723 1594 763 1625 fr.

35 1637 191 1670 Hortens.
214 1639 248 1669 in
273 1637 384 1669 dolore
401 1638 555 1679 podagrae
572 1637 675 1668 nihilo
685 1637 763 1676 sm·-

31 1683 105 1714 nfor.
119 1683 180 1713 διο.
202 1683 222 1701 *²
234 1681 435 1720 Vehemens,
451 1682 572 1722 gravis,
589 1690 676 1711 acer.
702 1682 760 1711 Or.

30 1726 54 1756 i.
72 1729 124 1757 54.
150 1725 335 1756 orationem
351 1725 508 1755 disertam
525 1724 588 1755 sibi
603 1730 637 1754 et
653 1729 762 1754 orato-

31 1770 116 1800 riam
133 1769 257 1808 videri3
268 1767 397 1809 fortem
421 1772 456 1799 ct
477 1768 605 1798 virilem
630 1777 697 1798 non
714 1769 761 1798 vi-

30 1813 114 1843 deri.
141 1812 226 1844 Phil.
241 1813 299 1843 xii.
315 1815 346 1844 3.
378 1812 574 1843 acerrimam
597 1814 630 1841 et
639 1810 760 1850 ,sortis-

28 1858 148 1888 simam
163 1856 326 1887 libertatis
341 1855 577 1896 recuperandae
596 1854 760 1893 cupidita-

28 1905 101 1930 tem
117 1900 332 1931 imminutam
347 1904 382 1930 et
398 1898 617 1930 debilitatam.
639 1898 696 1928 Or.
713 1899 758 1928 iii.

27 1947 61 1978 9.
91 1953 197 1983 genus
221 1942 352 1974 dicendi
378 1942 517 1974 Antonii
530 1940 637 1980 sorte,
661 1941 758 1972 vehe-

31 1996 139 2024 mens,
156 1991 363 2018 commotum
386 1985 447 2016 διο.

71 2030 265 2061 fortissime.
288 2029 405 2070 Quint.
421 2033 453 2061 8.
476 2029 633 2070 injuriam
648 2028 756 2059 facere

13 2071 198 2113 fortissime
213 2077 412 2114 perseverat.

69 2117 251 2152 fortitudo.
267 2116 348 2156 quid
363 2117 432 2147 sit?
456 2114 593 2146 Tuscul.
611 2125 640 2146 v.
661 2117 709 2146 14.

69 2160 234 2192 Fortuita.
257 2159 342 2192 Phil.
358 2170 390 2191 x.
416 2162 447 2191 2.
470 2159 620 2190 Graevius
641 2163 756 2190 tamen

24 2203 146 2235 habet:
170 2204 322 2235 fortuito.
355 2203 419 2234 Sed
441 2202 484 2234 cf.
505 2203 571 2234 Off.
595 2203 616 2233 i.
639 2204 691 2237 29.
720 2208 755 2234 et

24 2247 110 2278 adde
133 2247 250 2280 Burm.
279 2252 315 2279 et
338 2246 553 2287 Oudendorp.
579 2245 618 2276 V.
647 2246 685 2278 C.
712 2246 755 2278 ad

25 2290 119 2322 Suet.
132 2291 208 2323 Tib.
224 2294 277 2327 39.

67 2334 233 2374 Fortunae,
256 2344 316 2375 pro
337 2333 484 2364 fortuna.
513 2331 606 2364 Verr.
632 2333 674 2364 iv.
699 2336 752 2368 37.

23 2377 188 2418 ejusmodi
202 2388 272 2410 esse
277 2377 439 2419 fortunas
455 2376 588 2407 mortui.

68 2421 201 2454 Forum.
231 2422 289 2454 Or.
306 2422 328 2452 i.
345 2421 397 2453 36.
424 2429 486 2459 ego
503 2421 581 2450 istos
599 2429 665 2450 non
682 2429 752 2451 mo·

21 2463 65 2496 do
80 2466 222 2497 oratoris
239 2466 388 2502 nomine,
404 2463 462 2495 sed
479 2461 602 2503 nefiro
616 2463 752 2502 quidem

21 2507 140 2548 dignos
156 2509 303 2550 putarim
319 2521 328 2548 3
353 2508 393 2538 de
409 2507 558 2548 patronis
574 2516 750 2538 causarum

20 2561 140 2592 parum
166 2551 304 2584 idoneis.
335 2551 407 2582 *ad
433 2551 509 2582 Div.
536 2550 606 2581 xiii.
635 2552 683 2582 10.
715 2551 750 2581 in

8 2594 131 2634 sorum
152 2597 278 2627 venire.
301 2596 380 2626 ibid.
404 2605 434 2625 v.
458 2598 488 2625 8.
503 2593 625 2635 sorum
649 2594 751 2624 attin-

20 2647 110 2678 gere.
125 2638 166 2670 de
189 2640 230 2670 iis
251 2639 386 2678 dicitur,
403 2638 459 2678 qui
482 2647 599 2678 puram
621 2641 749 2677 togam,

21 2680 56 2713 h.
73 2693 103 2713 e.
120 2682 264 2721 virilem,
281 2683 315 2713 in
318 2682 399 2723 soro
416 2684 617 2721 acceperunt
631 2691 651 2711 a
666 2690 750 2721 prae-

18 2729 106 2763 tore,
122 2728 222 2766 atque
237 2726 356 2757 deinde
374 2727 409 2757 in
417 2724 552 2765 judiciis
572 2725 692 2754 versari
715 2729 750 2754 et

19 2777 136 2799 causas
153 2778 251 2809 agere
266 2773 416 2810 possunt.
440 2769 458 2787 ¹*
472 2768 558 2808 Quia
573 2766 689 2807 infore
699 2771 750 2798 ta-

19 2810 132 2843 bernae
143 2813 409 2852 argentariorum
422 2818 515 2849 sunt,
527 2811 636 2850 ibique
648 2820 749 2851 pecu-

19 2855 85 2885 niae
98 2856 407 2897 perscriptionibus,
424 2855 750 2895 transcriptionibus-
787 2876 803 2891 .,

19 2907 84 2938 que
106 2898 166 2931 δια.
191 2903 391 2939 tractantur,
408 2904 584 2941 propterea
606 2908 692 2940 saepe
714 2899 746 2928 iu

1469 113 1554 164 807

828 213 862 234 re
883 207 1083 254 ‘pecuniaria
1100 206 1174 247 firi
1200 211 1335 241 mentio.
1374 211 1488 244 Manil.
1516 219 1549 249 7.

828 254 912 277 ratio
928 250 1157 288 pecuniarum,
1171 262 1241 291 qua·
1259 254 1374 292 infin-o
1390 265 1548 289 xcrsutur.

828 290 932 320 Flacc.
949 294 1001 326 29.
1032 293 1065 322 in
1075 293 1153 332 Jbro
1168 298 1300 333 venari,
1317 297 1474 329 dicunmr
1491 310 1547 331 ne·

826 335 1017 373 gotiatores.
1046 335 1124 375 Agr.
1141 338 1161 366 i.
1179 341 1208 368 8.
1224 339 1320 370 fidem
1339 341 1462 381 ‹lc-sim»
1478 353 1547 373 sus-

825 378 962 415 tulistis,
986 378 1041 410 ubi
1069 380 1132 410 vid.
1160 379 1402 414 Lauredanum.
1436 386 1546 418 nabit.

826 420 912 451 Post.
935 425 981 453 15.
1006 422 1202 454 Postumum
1219 433 1285 455 non
1303 425 1494 459 buln-remus
1511 431 1544 460 in

809 463 908 503 jin-0.-
932 475 968 495 cr
994 469 1077 496 usu-e
1105 467 1331 506 banquerout:
1358 469 1395 499 de
1420 482 1483 510 quo
1510 480 1545 504 ct

809 507 888 545 ⁸tin-⁰
910 509 1025 539 cciicre
1049 509 1181 540 dicitur.
1205 510 1355 542 ‘Fomm
1377 522 1544 554 ornatum,

822 551 912 582 Vcrr.
938 553 956 583 i.
982 556 1034 584 5⁴.
1060 559 1111 584 est
1133 558 1281 595 tempore
1306 554 1456 587 ludorum
1481 559 1544 589 Ru-

821 604 995 626 manorum
1018 598 1077 627 &tn
1109 598 1150 627 cs.
1169 598 1207 627 iv.
1225 601 1254 629 3.
1288 599 1342 628 ubi
1360 608 1426 630 non
1448 602 1544 632 modo

819 638 926 677 signa,
951 639 1009 670 sed
1038 646 1073 671 et
1102 640 1224 671 tabulae
1255 648 1484 674 memorantur
1510 645 1545 675 in

805 680 884 720 Jbro
913 685 1073 714 ornando.
1115 684 1287 722 Originem
1318 686 1364 715 rei
1394 686 1466 716 vide
1491 697 1544 728 ap.

819 725 889 756 Liv.
905 727 947 756 ix.
964 729 1016 757 40.
1041 729 1057 745 ⁸*
1068 728 1130 758 Pro
1146 727 1223 768 ipsis
1239 727 1324 758 ludis
1339 727 1544 768 gladiatoriis

817 768 940 799 dicitur
954 769 1083 809 forum.
1108 771 1239 802 Murcn.
1267 775 1318 803 34.
1351 772 1467 804 ‘Fora
1494 774 1544 804 di-

817 818 941 843 cuntur
971 820 1153 845 conventus
1192 814 1420 855 provinciales,
1452 816 1483 847 h.
1511 827 1542 850 e.

816 864 883 885 non
900 856 998 887 modo
1015 858 1176 896 civitates,
1193 859 1227 888 in
1244 859 1362 898 quibus
1379 866 1539 899 aguntur,

815 899 871 929 sed
884 900 944 939 ipsi
954 901 1055 931 etiam
1068 901 1137 931 dies
1150 907 1385 933 conventuum.
1410 902 1540 936 verrin.

814 942 859 972 iii.
880 945 927 974 15.
958 951 1051 975 extra
1061 944 1181 985 Jbrum
1197 954 1293 975 suum
1312 945 1539 980 vadimonium

814 987 1018 1025 promittere.
1050 988 1128 1019 ibid.
1147 989 1180 1018 ii.
1201 992 1248 1020 15.
1280 989 1444 1026 civitates,
1461 1000 1535 1029 quae

813 1029 846 1058 in
865 1029 896 1059 id
906 1029 1027 1070 Jbrum
1046 1032 1272 1062 convenirent.
1296 1032 1338 1062 cf.
1361 1042 1388 1062 c.
1414 1037 1465 1066 70.
1495 1033 1538 1064 ad

811 1072 887 1102 Div.
905 1074 950 1104 iii.
969 1075 999 1104 6.
1029 1075 1070 1104 ad
1086 1074 1155 1106 Att.
1177 1085 1206 1105 v.
1222 1077 1274 1106 21.
1293 1075 1411 1114 ²lorum
1427 1085 1536 1116 agere.

812 1118 831 1136 θ
846 1116 1005 1147 Civitates
1032 1119 1134 1148 etiam
1159 1117 1263 1149 Italiae
1288 1120 1436 1157 quiedam
1451 1120 1537 1160 jbra

811 1158 981 1198 dicuntur,
998 1165 1037 1191 ut
1058 1161 1099 1191 ad
1116 1161 1190 1192 Div.
1211 1172 1243 1192 x.
1262 1165 1309 1195 17.
1330 1161 1450 1202 Jbrum
1473 1163 1534 1194 Ju-

811 1201 857 1233 lii.
884 1204 983 1234 Catil.
1001 1205 1021 1234 i.
1038 1203 1201 1244 9-Jbr11m
1216 1204 1400 1236 Aurelium.
1417 1206 1475 1236 διε.
1493 1207 1533 1238 de

810 1246 927 1285 quibus
952 1257 981 1277 v.
1004 1247 1116 1287 Sigon.
1140 1248 1219 1278 Ant.
1241 1248 1313 1278 Jur.
1339 1248 1410 1279 ltal.
1433 1250 1466 1279 ii.
1486 1253 1535 1282 15.

808 1290 1052 1321 *vestibulum.
1084 1290 1163 1330 Leg.
1189 1291 1221 1322 ii.
1247 1293 1299 1322 24.
1330 1291 1381 1321 lex
1400 1292 1534 1332 sorum,

809 1332 842 1363 id
865 1338 927 1370 est,
945 1334 1145 1365 vestibulum
1168 1334 1324 1376 sepulcri,
1345 1335 1535 1376 bustumve,

809 1378 943 1417 usuc-api
962 1383 1061 1408 vetat.

850 1420 980 1458 For-ere,
1012 1421 1187 1451 delectare.
1221 1420 1309 1451 Mur.
1342 1423 1394 1452 35.
1415 1421 1534 1461 fovere

807 1472 921 1494 sensus
959 1464 1144 1494 hominum.
1182 1463 1407 1505 ¹‘amplexam
1445 1466 1531 1497 Gall.

806 1516 961 1537 cai-esser.
988 1507 1029 1537 ad
1043 1508 1118 1538 Div.
1136 1507 1157 1537 i.
1172 1511 1203 1541 9.
1227 1508 1399 1538 inimicum
1416 1517 1531 1540 meum

806 1549 839 1580 in
863 1551 1015 1581 manibus
1038 1550 1218 1588 habebant,
1241 1552 1286 1581 sic
1298 1550 1467 1591 Jboevelzqut,
1483 1553 1532 1582 sic

805 1594 1051 1625 osculabantur.
1068 1594 1110 1624 cf.
1126 1593 1165 1633 Ω.
1182 1593 1232 1624 Fr.
1245 1594 1289 1624 iii.
1306 1597 1332 1625 1.
1345 1598 1375 1624 3.
1393 1595 1462 1626 Ait.
1476 1605 1527 1626 xv.

811 1640 858 1668 113.
888 1637 1034 1668 *lenire
1064 1637 1135 1668 Att.
1161 1637 1217 1667 xii.
1248 1641 1297 1668 18.
1328 1646 1417 1675 nain,
1447 1638 1527 1669 dum

804 1680 888 1711 illud
916 1681 1116 1719 tractabam,
1145 1680 1236 1720 quasi
1255 1680 1410 1721 Jbvebam
1437 1681 1528 1711 dolo-

805 1734 855 1754 res
873 1733 974 1754 meos.

847 1767 1029 1806 Frangere,
1041 1766 1198 1797 refutare.
1209 1766 1310 1798 Acad.
1320 1767 1361 1797 iv.
1369 1765 1526 1806 29.sr‹m-

799 1811 868 1849 gite
883 1812 1017 1841 soriten.
1041 1810 1082 1840 ad
1097 1810 1172 1841 Div.
1190 1810 1211 1840 i.
1226 1812 1257 1841 4.
1269 1809 1438 1850 frangere
1452 1820 1528 1841 sen-

801 1855 944 1884 tentiam
959 1854 1110 1892 alicujus.
1128 1853 1173 1883 *a
1184 1854 1350 1883 sententia
1364 1852 1527 1884 abducere

801 1902 834 1927 et
850 1898 884 1927 in
899 1907 994 1928 suam
1011 1897 1185 1927 adducere.
1200 1896 1300 1927 Tusc.
1313 1897 1333 1926 i.
1353 1897 1404 1926 21.
1422 1901 1460 1926 ut
1475 1907 1525 1927 ra-

800 1942 926 1971 tionem
950 1940 1077 1971 nullam
1101 1940 1233 1971 afferret
1249 1939 1355 1977 Plato,
1373 1939 1443 1979 ipsa
1465 1949 1524 1970 au·

799 1985 954 2015 ctoritate
965 1994 1017 2014 me
1019 1983 1210 2024 Jiangeret.
1223 1983 1446 2023 *supprimere
1454 1992 1525 2013 mo-

798 2034 873 2058 tum
885 2028 998 2058 animi.
1015 2027 1057 2058 ad
1071 2027 1146 2058 Div.
1160 2025 1410 2066 iv.6.srangere
1423 2035 1458 2055 se
1474 2026 1524 2066 ip-

797 2071 1056 2102 smnfdomare.
1065 2071 1141 2101 Sen.
1150 2080 1181 2110 p.
1190 2069 1271 2100 Red.
1284 2073 1312 2100 ὃ.
1323 2067 1522 2099 sceleratum

799 2115 917 2153 civem,
941 2119 999 2145 aut
1022 2113 1240 2144 domesticum
1263 2113 1371 2153 potius
1392 2112 1523 2142 hostem

791 2157 1156 2199 judiciosrangendnm
1177 2166 1257 2186 esse.
1281 2156 1441 2185 *mutare
1465 2155 1525 2185 ali·

797 2211 896 2240 quem
913 2212 1006 2243 paene
1022 2201 1176 2231 invitum.
1193 2200 1233 2229 ad
1249 2200 1325 2230 Div.
1342 2199 1382 2228 iv.
1398 2202 1428 2229 4.
1440 2197 1520 2239 sre-

793 2246 845 2284 git
869 2245 930 2276 hoc
954 2254 1065 2275 meum
1090 2242 1265 2273 consilium
1291 2241 1427 2272 Caesaris
1452 2251 1522 2271 ma·

796 2288 937 2328 gnitudo
960 2292 994 2318 et
1017 2292 1152 2318 senatus
1175 2286 1332 2316 officium.
1356 2285 1425 2315 *ad
1444 2284 1519 2315 Div.

795 2342 825 2362 x.
857 2334 905 2362 1‘2.
929 2336 1047 2371 rogatu
1072 2329 1201 2360 Servilii
1228 2329 1262 2359 P.
1285 2328 1395 2358 Titius
1418 2328 1523 2358 inter-

795 2376 905 2406 cessit.
932 2384 983 2406 rcs
1011 2375 1044 2404 in
1068 2378 1237 2414 posterum
1262 2371 1374 2403 dilata.
1419 2371 1521 2402 Venit

794 2424 930 2458 paratus
960 2416 1128 2454 Servilius,
1152 2416 1226 2446 «10νί
1254 2416 1314 2455 ipsi
1342 2415 1521 2453 iniquus—-

795 2461 883 2492 hunc
899 2459 1179 2501 quemadmodum
1184 2458 1366 2499 fregerim,
1377 2464 1521 2497 quanta·

793 2515 857 2544 quc
881 2505 1093 2535 contentione
1118 2503 1367 2534 intercessorem
1393 2501 1521 2541 abjece-

794 2549 855 2578 rim
874 2549 933 2579 &c.
957 2551 975 2569 ¹*
989 2546 1030 2578 ad
1040 2547 1116 2578 Div.
1129 2557 1160 2577 x.
1172 2548 1201 2576 3.
1227 2544 1409 2576 invidentes
1426 2545 1520 2581 inge-

793 2593 848 2622 nio
864 2591 1090 2629 industriaque
1095 2587 1245 2630 fiegisti.
1269 2587 1353 2628 ‘Qui
1372 2586 1458 2617 male
1471 2587 1520 2617 ‹li-

792 2635 922 2672 vidunt,
939 2634 1110 2674 eleganter
1127 2633 1198 2663 rem
1211 2631 1379 2672 frangere
1401 2630 1518 2661 dicun-

791 2684 858 2709 tur.
878 2678 945 2708 Fin.
960 2678 992 2708 ii.
1007 2682 1039 2712 9.
1054 2676 1120 2706 duo
1133 2685 1254 2716 genera
1265 2683 1338 2714 quae
1353 2678 1460 2710 erant,
1470 2673 1518 2703 fe-

791 2723 838 2752 cit
854 2722 928 2751 tria.
945 2721 1006 2751 hoc
1021 2726 1072 2750 est
1088 2728 1155 2750 non
1171 2718 1328 2755 dividere,
1346 2716 1517 2756 sedsran-

788 2775 850 2805 μη·
897 2774 978 2795 rem.
1020 2763 1106 2793 ‘012
1139 2763 1161 2793 i.
1191 2761 1244 2793 62.
1287 2759 1435 2802 paullum
1466 2768 1517 2790 re·

790 2809 845 2849 qui
904 2813 950 2845 et,
965 2807 1044 2838 dnm
1061 2815 1095 2836 se
1111 2803 1363 2845 calorsraugat.

798 2853 800 2855 ’
878 2886 882 2893 ¹
904 2861 953 2888 us,
976 2850 1120 2880 facinus:
1137 2848 1219 2880 Rab.
1245 2847 1337 2878 Perd.
1360 2850 1389 2880 9.
1407 2844 1516 2886 smus

791 2895 901 2937 capita
927 2904 954 2925 s.
976 2893 1067 2925 Verr.
1092 2893 1139 2930 iii.
1154 2893 1207 2927 76.
1231 2891 1265 2922 in
1276 2889 1439 2931 fraudem
1463 2889 1512 2918 in—

875 2939 931 2969 x2
