1804 3178
607 79 752 110 mmm
782 79 1078 111 mantenano.

92 167 152 197 «1
169 169 206 198 et
225 166 376 206 rauna,
397 166 574 212 ηοσγμίκ
597 167 655 199 ul
674 168 823 211 bengn-

92 207 200 250 „aa
211 210 231 230 ⁸
243 210 355 243 Rabir.
370 212 459 243 Post.
473 215 521 247 17.
532 220 666 252 possum
678 212 824 243 excitare

93 252 218 285 multo·
230 256 375 287 nanctae
387 259 490 286 testes
502 255 711 286 liberalitatis
726 261 795 285 ωε
811 266 821 294 ς

91 297 182 336 quod
203 307 290 339 sepe
306 298 416 330 audivi
431 299 519 339 patri
540 303 614 335 tuo,
631 299 687 338 qui
714 298 747 329 id
772 298 822 329 fe-

93 339 207 379 cisset,
239 351 362 381 magno
392 342 586 382 adJumento
607 342 641 372 in
673 342 820 382 periculo

92 384 212 424 capiti·
247 385 361 416 finisse.
407 384 509 416 Hune
540 385 664 423 locum,
692 387 726 416 in
754 396 820 425 quo

90 426 242 459 Graevius
258 433 359 468 negat
381 438 417 459 se
436 429 534 467 scire,
558 430 614 469 qui
631 430 699 460 sint
721 430 819 459 redu—

92 472 150 509 m’,
165 471 213 502 sic
235 472 460 512 interpretem
492 482 627 513 possum
654 472 819 503 adducere

90 513 216 546 multos
239 520 344 546 testes
364 515 420 546 lib.
442 520 468 546 t.
485 526 566 556 quos
582 521 633 554 tu,
649 526 726 547 cum
752 526 817 547 aere

88 557 201 589 alieno
217 558 441 590 concidissent
453 565 488 590 et
500 559 607 590 solum
625 561 816 598 vertissent,

87 600 264 640 reduxisti,
288 603 479 640 restituisti,
504 613 569 634 ατε
596 603 704 634 alieno
730 605 817 644 ipso-

87 652 165 675 mm
195 649 258 676 tua
287 645 488 677 liberalitate
518 647 692 684 dissoluto,
729 647 817 686 quod

85 696 165 718 cum
181 692 217 719 et
233 696 329 729 pater
344 696 422 721 tuus
440 690 583 729 fecisset,
598 692 628 721 ei
645 700 743 730 opem
758 699 814 720 tu-

84 729 126 762 lit
140 731 311 771 injudicio
327 734 459 774 capitis,
474 733 622 774 adeoque
637 734 699 764 tibi
711 738 812 764 etiam

84 774 240 817 prodesse
262 775 373 807 debet.
397 777 451 808 Sic
471 778 614 808 reductio
637 779 723 817 regis
738 777 815 807 Ale-

83 818 239 850 xandrini
261 820 303 850 ad
323 821 400 852 Div.
424 822 446 851 i.
462 824 494 854 7.
517 825 569 851 est
585 821 755 851 restitutio
779 821 813 851 in

85 871 241 902 regnum.
264 863 389 894 Exules
404 863 529 894 reducti
553 864 704 905 pluribus
732 864 812 894 locis

81 906 171 945 apud
186 906 383 938 Ciceronem
399 912 592 938 occurrunt.
625 908 759 938 Patricii
776 913 812 938 et

81 948 230 980 Manutii
259 950 573 991 interpretationem
604 956 696 982 recte
719 951 811 982 Gre-

79 992 153 1023 vius
169 993 289 1032 rejicit.
334 993 411 1024 Non
428 995 519 1025 enim
537 995 689 1035 quadrat.

124 1035 372 1068 Rea-andanem.
396 1038 490 1069 Orat.
512 1041 566 1070 3ο.
589 1039 661 1080 ipsa
678 1037 736 1069 illa
749 1048 808 1079 pro

80 1079 201 1111 Roscio
217 1080 378 1120 juvenilis
392 1082 636 1113 redundantia.-
661 1081 694 1112 h.
709 1091 739 1112 c.
756 1082 808 1112 ni-

80 1123 151 1154 mia
185 1125 447 1163 sententiarum,
471 1126 681 1164 acuminum,
713 1134 810 1156 orna-

78 1171 340 1208 mentorumque
365 1169 518 1200 omnium
544 1169 654 1211 eopia,
670 1178 746 1210 quae
773 1172 809 1199 et

77 1209 213 1242 luxuria
226 1211 361 1243 dicitur.

121 1253 335 1286 Redundare.
358 1255 453 1286 Orat.
471 1256 517 1286 iii.
535 1259 568 1288 4.
590 1260 732 1287 ornatus
756 1265 811 1286 re-

77 1297 217 1330 dundat.
242 1308 275 1329 v.
298 1299 533 1331 redundantia.
565 1299 660 1332 Balb.
691 1301 743 1331 25.
767 1304 808 1329 ut

77 1341 181 1383 aliqui
193 1351 363 1374 sermones
378 1342 556 1374 bominum
572 1344 674 1374 etiam
691 1342 734 1373 ad
749 1352 808 1372 au-

78 1394 133 1417 res
146 1389 273 1418 vestras
288 1390 540 1427 permanarent,
558 1391 592 1418 et
608 1387 643 1417 in
659 1387 730 1427 ipso
749 1387 807 1425 ju-

75 1427 164 1461 dicio
171 1429 396 1461 redundarent
405 1443 415 1460 .·
423 1429 456 1460 h.
466 1440 495 1460 e.
504 1439 810 1461 commemoraren-

78 1476 150 1512 tur,
163 1472 406 1515 proferrentur,
421 1472 474 1504 vel
486 1474 520 1504 in
537 1483 638 1504 causa
659 1473 805 1512 aliquam

72 1516 145 1548 vim
176 1516 352 1548 baberent.
374 1517 490 1548 *Rab.
521 1517 610 1548 Post.
641 1520 671 1549 5.
695 1526 736 1548 ex
765 1527 805 1548 ea

73 1568 176 1591 eausa
193 1560 360 1592 redundat
376 1569 464 1592 reus.
486 1561 509 1592 i.
532 1570 562 1591 e.
579 1561 615 1591 in
637 1570 678 1591 ea
703 1571 805 1592 causa

70 1604 226 1644 repertus
241 1608 294 1635 est
315 1613 486 1646 reus,-per
499 1605 697 1635 societatem
723 1604 807 1635 faci·

71 1647 177 1687 noris,
193 1651 234 1679 nt
258 1653 437 1690 propterea
457 1648 492 1679 in
510 1648 680 1688 judicium
706 1657 802 1679 voce-

72 1694 142 1722 tur.

114 1734 277 1772 Bedunia,
302 1738 355 1766 est
380 1734 547 1775 particula
586 1735 688 1772 cutis,
724 1745 800 1775 quae

70 1777 161 1809 eirea
173 1787 306 1818 ungues
320 1777 502 1817 digitorum
514 1789 550 1810 se
564 1778 718 1810 resolvit:
744 1778 801 1809 de-

71 1821 150 1853 inde
163 1821 339 1863 proverbio
354 1821 394 1852 de
410 1831 445 1853 re
459 1832 561 1864 parva
581 1827 618 1853 et
633 1821 697 1852 levi
717 1821 799 1852 dici-

71 1869 141 1897 tur.
162 1865 260 1897 ause.
275 1865 352 1896 Am.
367 1868 422 1897 44.
445 1867 618 1897 reduviam
635 1875 763 1896 curare.

114 1907 295 1950 Mer-cire,
311 1908 463 1950 implere.
486 1909 587 1941 Tusc.
604 1910 638 1940 ii.
651 1911 682 1941 2.
707 1909 799 1940 libris

68 1952 185 1983 omnia
194 1951 408 1992 rfferserunc.
430 1953 544 1984 Rabir.
558 1953 648 1984 Post.
667 1955 717 1984 14.
740 1962 800 1983 au·

69 2004 122 2026 res
136 1994 268 2036 rdet-sie
283 1996 355 2027 istis
370 1997 590 2028 sermonibus.
625 1997 644 2015 ⁶
655 1997 800 2036 cumpri-

70 2048 175 2077 mere‚
192 2042 371 2070 coarctare.
393 2040 488 2071 Orat.
512 2041 534 2071 i.
558 2043 612 2072 35.
635 2045 676 2070 ut
702 2039 799 2070 Cras-

66 2091 123 2113 sus
139 2082 225 2122 haec,
241 2093 316 2123 quae
332 2084 528 2122 coarctavit,
543 2089 580 2114 et
597 2088 797 2124 peranguste

49 2125 202 2167 'refersit
225 2127 261 2158 in
283 2127 434 2157 oratione
458 2137 532 2165 sua,
555 2126 676 2158 dilatet
692 2127 798 2158 nobis.

112 2169 265 2210 Met-re,
279 2171 489 2212 respondere.
510 2170 632 2210 vulgo:
657 2170 798 2210 replica-

66 2222 113 2244 re.
137 2213 262 2245 Coecin.
288 2215 341 2249 29.
363 2224 426 2254 ego
448 2214 509 2244 tibi
539 2213 654 2254 refero.
676 2214 796 2254 Quint.

69 2259 118 2288 13.
141 2257 223 2298 quid
237 2267 258 2288 a
273 2258 367 2288 nobis
394 2257 557 2298 refertur.-
580 2257 638 2288 ubi
652 2267 683 2287 v.
704 2257 796 2288 (ἶπε-

64 2300 148 2332 vius.
173 2303 194 2323 θ
211 2301 408 2332 instaurare.
426 2301 533 2332 Flacc.
548 2304 576 2332 l.
589 2299 714 2340 referre
729 2301 795 2332 Va-

64 2342 156 2375 leriae
171 2346 282 2385 gentis
302 2344 450 2376 laudem.
476 2346 512 2376 in
529 2344 643 2375 Caecil.
663 2345 717 2376 21.
742 2355 795 2376 re-

52 2385 155 2428 ferre
165 2388 374 2420 institutum.
387 2388 466 2420 ibid.
479 2388 687 2418 cousuetudo
700 2398 795 2429 repe-

64 2431 132 2462 tita
145 2441 186 2462 ac
199 2434 320 2463 relata.
344 2433 445 2464 Dom.
464 2433 518 2466 29.
542 2437 792 2466 sacramentum

62 2473 211 2516 rdet-re.-
234 2476 257 2507 i.
283 2477 408 2506 iterum
425 2476 466 2506 ad
490 2475 622 2515 judices
653 2474 793 2506 deferre.

63 2517 85 2539 ⁸
99 2517 251 2552 madere.
268 2519 362 2550 Verr.
382 2520 430 2550 iii.
447 2519 500 2554 96.
523 2517 650 2558 referre
664 2518 794 2556 judicia

63 2561 107 2593 ad
122 2567 313 2603 equestrem
329 2563 493 2594 ordinem.
515 2562 582 2592 *in
610 2562 793 2593 rationibus
833 2570 853 2599 q

63 2613 154 2646 σερε
168 2606 293 2638 dicitur
306 2607 469 2648 elliptice,
485 2604 678 2646 pron-*ferre
692 2606 726 2636 in
741 2611 794 2635 ta-

63 2647 159 2680 bulas
174 2650 358 2682 rationum.
374 2650 481 2681 Flacc.
494 2652 544 2684 19.
556 2650 649 2690 operi
658 2648 792 2689 publico

61 2689 217 2732 rffertmt
229 2706 241 2724 .·
285 2693 319 2725 h.
335 2703 366 2726 e.
389 2694 569 2735 pecuniam
595 2693 629 2723 in
647 2693 793 2723 rationes

1508 72 1594 121 ⁴07

866 167 956 200 scta
979 167 1184 208 offeruntur.
1221 169 1264 202 cf.
1294 170 1391 203 Rue.
1425 170 1520 204 Coun.
1559 175 1593 206 Ι.

866 210 951 242 Phil.
966 221 997 242 ν.
1013 215 1046 243 4.
1070 212 1110 242 de
1125 213 1308 245 rationibus
1319 224 1397 246 cum
1419 215 1461 246 ad
1476 215 1590 247 ueni-i-

865 264 923 285 um
939 254 1164 295 deponuntur.
1177 255 1268 287 verr.
1283 258 1305 288 i.
1314 261 1366 289 30.
1376 258 1422 289 iii.
1436 261 1488 292 71.
1504 259 1586 291 item

863 297 904 328 de
923 297 996 328 aliis
1012 299 1121 336 rebus,
1138 308 1277 338 quarum
1295 301 1455 333 memoria
1479 301 1584 333 literis

864 341 1006 382 publicis
1037 342 1225 372 mandatur.
1261 345 1462 382 registi-iren.
1499 344 1583 376 Suu.

866 388 915 416 14.
934 395 987 415 me
1004 384 1115 422 aliter,
1131 395 1170 415 ac
1186 385 1312 416 dictum
1325 393 1388 424 est,
1404 388 1437 418 iu
1453 387 1583 420 tabulas

861 428 1010 469 publicas
1022 428 1184 459 retulisse.
1202 428 1244 458 ib.
1258 429 1313 467 qui
1330 429 1378 460 his
1396 431 1583 462 hominibus

859 472 900 503 ad
917 482 993 502 vere
1007 471 1215 512 referendum
1242 471 1341 501 fidem
1365 473 1506 504 defuisse
1523 484 1584 514 pu-

859 521 922 546 tet.
945 518 963 534 ⁸
980 516 1144 546 recedere.
1168 515 1247 545 Nat.
1259 514 1303 546 D.
1319 515 1365 546 iii.
1387 519 1434 546 14.
1458 527 1534 548 cum
1547 527 1582 548 se

859 558 908 589 sol
924 559 1059 599 referat.
1083 560 1102 578 ⁶
1117 557 1245 599 referre
1267 557 1390 588 dicitur
1415 560 1516 590 etiam
1539 560 1582 592 ad

858 602 1018 642 aliquem,
1036 603 1091 642 qui
1109 603 1140 633 ei
1166 601 1292 641 aliquid
1316 600 1580 641 deliberandum,

859 646 1134 684 examinandum,
1145 644 1383 683 judicandum,
1399 645 1582 677 decernen-

858 689 951 726 dum,
969 690 1199 728 jubendumve
1218 688 1383 728 proponit.
1404 688 1542 720 Tuscul.
1559 690 1579 720 i.

861 734 910 764 16.
933 733 974 763 ad
997 734 1112 763 oculos
1136 733 1250 763 omnia
1282 730 1418 772 referre.
1443 731 1528 763 Phil.
1546 733 1580 763 ii.

857 777 888 806 6.
919 777 1039 815 ecquid
1062 776 1103 806 ad
1135 786 1212 806 eum
1243 775 1284 806 de
1312 785 1380 815 rep.
1410 777 1551 807 retulisti
1564 776 1582 806 Ι

854 820 975 860 Quint.
996 821 1045 850 16.
1068 819 1109 850 ad
1122 829 1157 849 se
1175 820 1284 859 ipsum
1300 818 1426 858 aliquid
1443 817 1580 858 rgtcrre.

856 863 955 893 Catil.
977 864 998 893 i.
1012 867 1042 894 8.
1067 862 1191 903 referre
1206 862 1248 892 ad
1265 863 1437 893 Senatum.
1460 862 1580 894 Manil-

856 909 904 941 19.
924 907 1041 937 Cicero
1055 914 1179 947 praetor
1192 905 1287 942 dicit,
1308 914 1343 935 se
1366 905 1407 936 ad
1422 911 1580 938 senatum

851 952 1039 981 relaturum
1055 950 1095 980 de
1112 960 1146 981 re
1161 948 1285 988 aliqua,
1300 948 1389 987 quod
1411 954 1484 980 erat
1499 958 1579 981 con·

851 993 974 1024 sulum.
1003 994 1064 1024 Est
1078 999 1193 1026 autem
1209 993 1249 1023 de
1265 992 1454 1031 egressione
1466 991 1580 1024 relati·

849 1038 923 1068 onis
953 1036 1229 1076 intelligendum,
1250 1043 1290 1066 ut
1309 1035 1392 1066 vidit
1408 1035 1576 1067 Graevius:

852 1090 929 1111 cum
942 1080 1118 1111 Senatores
1128 1081 1186 1120 jus
1201 1079 1363 1110 haberent
1382 1088 1449 1109 non
1466 1079 1576 1111 solum

848 1125 1052 1154 sententiam
1070 1122 1200 1154 dicendi
1217 1122 1258 1153 ‹le
1273 1132 1325 1158 eo,
1341 1121 1380 1152 de
1393 1132 1459 1161 quo
1474 1122 1581 1154 inter-

851 1167 958 1207 rogati
981 1174 1105 1205 essent,
1125 1166 1183 1198 scd
1199 1166 1302 1196 etiam
1319 1165 1358 1196 de
1376 1164 1441 1195 alia
1466 1174 1514 1203 re,
1535 1165 1577 1197 de

852 1221 918 1250 qua
929 1210 1070 1241 relatum
1081 1220 1101 1240 a
1110 1210 1201 1241 Coss.
1211 1218 1279 1239 non
1292 1212 1391 1239 esset.
1407 1208 1426 1227 ⁰
1440 1207 1576 1241 Cluent-

850 1257 904 1288 49.
929 1253 1056 1294 referre
1073 1253 1116 1284 ad
1131 1252 1306 1293 populum.
1322 1260 1381 1292 pro
1402 1261 1468 1291 quo
1483 1251 1578 1283 Gras-

850 1298 923 1328 vius
947 1297 1093 1338 perferre
1120 1295 1266 1327 mavult:
1291 1294 1378 1326 male
1405 1304 1480 1326 mea
1501 1304 1578 1326 sen-

848 1342 968 1372 tentia.
1023 1341 1112 1372 Nam
1155 1340 1263 1380 primo
1292 1337 1446 1379 exempla
1474 1338 1577 1371 allata

850 1384 916 1415 huc
943 1393 1010 1415 non
1037 1383 1226 1424 quadrant:
1250 1381 1371 1413 deinde
1397 1391 1438 1412 ex
1462 1381 1577 1413 analo·

847 1428 903 1466 gia
917 1428 1041 1468 ling-uae
1069 1427 1194 1467 referre
1220 1425 1262 1457 ad
1286 1424 1448 1466 populum
1479 1435 1575 1465 aeque

849 1470 913 1502 dici
931 1476 1056 1512 potest,
1073 1481 1112 1501 ac
1127 1470 1213 1501 ferre
1232 1482 1239 1499 :
1263 1469 1365 1500 tertio
1379 1469 1427 1499 sic
1442 1473 1494 1499 est
1517 1473 1571 1500 et-

846 1515 913 1545 iam
930 1516 1031 1546 Dom.
1050 1518 1100 1549 19.
1115 1518 1196 1553 quot
1213 1511 1319 1544 modis
1334 1512 1449 1550 doceo,
1462 1511 1571 1551 legem

846 1558 960 1596 istam,
985 1567 1085 1598 quam
1107 1566 1217 1594 vocas,
1239 1565 1306 1586 non
1335 1565 1406 1586 esse
1433 1554 1568 1595 legem?

844 1602 925 1641 quid
936 1603 963 1633 si
977 1602 1080 1632 etiam
1091 1600 1241 1641 pluribus
1256 1599 1296 1630 de
1310 1599 1406 1630 rebus
1419 1609 1486 1630 uno
1501 1608 1572 1630 sor-

842 1646 911 1677 titu
927 1646 1066 1677 retulisti
1080 1645 1098 1674 ἵ
1113 1653 1213 1683 quem
1229 1643 1340 1673 locum
1357 1642 1505 1673 Graevius
1520 1643 1572 1673 in·

844 1693 974 1720 tactum
992 1688 1140 1728 reliquit.
1185 1687 1362 1718 Manutius
1385 1691 1500 1716 tamen
1514 1685 1571 1716 hle

844 1742 976 1772 quoque
1003 1732 1171 1763 malebat:
1200 1729 1319 1760 tulisti.
1343 1728 1506 1760 Formulae
1535 1729 1571 1761 in

839 1776 949 1814 sctis,
961 1783 1001 1807 ut
1013 1775 1055 1806 ad
1068 1775 1145 1806 Div.
1158 1774 1227 1804 viii.
1244 1776 1274 1804 8.
1287 1772 1329 1803 ad
1338 1779 1495 1803 senatum
1507 1781 1567 1812 po-

838 1820 1023 1861 pulumque
1030 1816 1253 1859 refert-emihil
1261 1816 1326 1846 huc
1336 1815 1570 1856 prosunt‚quia

840 1873 900 1904 per
910 1862 1064 1900 σύλληψιν
1075 1862 1114 1892 de
1126 1864 1268 1900 utroque
1280 1858 1406 1900 rtgt'erre
1416 1859 1481 1890 dici
1494 1864 1570 1899 pot-

840 1912 902 1938 est.
925 1907 990 1937 Sed
1005 1905 1142 1937 aliunde
1166 1904 1293 1934 firmari
1309 1912 1349 1933 ea
1368 1902 1476 1933 forma
1491 1907 1567 1942 pot-

840 1955 905 1989 est,
923 1955 963 1981 ut
972 1959 1007 1980 se
1022 1949 1110 1981 tueri
1121 1952 1293 1986 utcunque
1309 1946 1423 1986 possit.
1439 1945 1558 1976 Duke-

838 2003 895 2025 rus
910 1993 952 2024 ad
967 1994 1038 2025 Liv.
1055 1993 1125 2023 viii.
1135 1995 1188 2026 37.
1212 2001 1230 2020 e
1245 1989 1378 2020 Valerio
1388 1988 1437 2019 M.
1453 1988 1564 2026 affert,

843 2038 901 2078 (ix.
921 2041 970 2068 10.
1001 2035 1041 2075 l.)
1068 2036 1117 2066 M.
1140 2034 1270 2065 Flavius
1287 2032 1329 2063 ad
1344 2031 1507 2073 populum
1523 2031 1565 2062 de

837 2080 1039 2112 Tusculanis
1054 2080 1180 2110 retulit.
1196 2077 1251 2108 ubi
1266 2080 1380 2106 tamen
1397 2075 1566 2106 Perizoni-

837 2134 876 2156 us
893 2124 1039 2154 malebat
1054 2121 1146 2153 tulit.
1171 2120 1235 2151 Sed
1251 2120 1367 2150 retulit
1380 2122 1432 2149 est
1446 2120 1562 2150 tamen

834 2168 937 2199 etiam
962 2166 1051 2207 apud
1077 2166 1209 2197 Florum
1241 2163 1288 2194 iii.
1314 2164 1367 2193 21.
1390 2166 1422 2196 9.
1447 2161 1563 2193 Livius

837 2213 937 2242 xxxii.
960 2213 1013 2243 20.
1042 2219 1119 2240 cum
1147 2207 1296 2248 reserant
1321 2206 1563 2245 magistratus:

837 2254 946 2286 intell.
963 2254 1003 2285 ad
1020 2252 1212 2284 concilium.
1230 2249 1309 2281 ibid.
1325 2250 1376 2280 22.
1401 2249 1565 2279 relatum

835 2308 870 2329 se
886 2298 927 2328 de
944 2298 1115 2333 societate,
1134 2296 1193 2326 int.
1211 2294 1253 2324 ad
1273 2293 1484 2323 concionem.
1522 2290 1563 2323 ln

835 2341 1032 2382 quibusdam
1048 2339 1169 2370 talibus
1196 2335 1318 2376 referre
1344 2335 1490 2375 positum
1515 2335 1567 2366 vi·

836 2386 904 2416 deri
933 2388 1043 2426 potest
1064 2393 1123 2423 pro
1147 2381 1296 2411 deferre:
1321 2379 1415 2417 cujus
1431 2378 1562 2418 generis

835 2430 938 2469 ipsius
968 2427 1122 2465 exempla
1147 2429 1228 2455 sunt
1251 2421 1340 2463 apud
1357 2422 1428 2453 Liv.
1451 2421 1563 2452 xxxix.

833 2476 890 2505 44.
910 2473 945 2502 in
974 2471 1129 2502 omnibus
1156 2468 1259 2499 libris.
1276 2465 1351 2496 add.
1369 2465 1493 2496 xxxvii.
1509 2468 1563 2499 57.

835 2515 912 2547 xliv.
937 2510 971 2545 '4.
995 2520 1029 2544 et
1068 2513 1111 2543 ibi
1142 2510 1314 2542 Drakenb.
1355 2509 1455 2540 Refer
1482 2507 1563 2545 huc,

856 2569 907 2589 uae
924 2559 1013 2588 idem
1030 2556 1179 2586 Graevius
1196 2554 1280 2584 dixit
1297 2562 1354 2592 pro
1379 2551 1563 2583 defenden-

833 2603 876 2633 da
887 2601 1042 2637 formula,
1054 2600 1138 2630 ferre
1155 2597 1372 2633 sententiam,
1382 2595 1439 2626 ubi
1454 2594 1494 2626 de
1509 2603 1562 2625 se-

834 2645 1006 2677 natoribus
1023 2652 1132 2676 sermo
1145 2647 1206 2672 cst.
1224 2640 1316 2670 Verr.
1331 2639 1365 2670 ii.
1382 2642 1413 2671 3.
1436 2637 1562 2678 ‘Quin

834 2700 867 2730 p.
888 2689 929 2720 R.
962 2691 1009 2719 lo.
1044 2686 1248 2717 sententiam
1281 2682 1480 2723 simpliciter
1507 2690 1561 2712 re·

61 2733 228 2775 referunt,
242 2740 418 2778 tamquam
436 2740 648 2768 consumtam
666 2737 700 2767 in
714 2745 793 2776 ope·
819 2733 930 2775 jerre.
949 2732 1067 2762 mni-ito
1083 2725 1238 2760 dubitarit
1253 2726 1293 2757 de
1309 2726 1372 2758 bac
1394 2725 1561 2765 scriptura

61 2787 99 2810 re
111 2778 224 2819 aliquo
239 2780 384 2822 publico.
407 2781 428 2801 *
444 2781 526 2811 item
543 2780 584 2811 de
599 2779 706 2818 sctis,
731 2789 753 2820 p

62 2820 192 2862 rfferre
204 2822 240 2854 in
249 2823 382 2856 tabulas
396 2824 560 2866 publicas,
573 2822 792 2861 tabularium,

63 2865 238 2907 quoderat
261 2867 304 2900 ad
327 2868 496 2903 crarium.
518 2867 562 2900 ad
577 2867 654 2900 Div.
678 2867 735 2899 xii.
761 2870 791 2898 l.

756 2789 792 2810 ro
833 2777 894 2807 viri
919 2775 1022 2812 docti,
1039 2779 1074 2804 et
1097 2777 1156 2804 aut
1181 2771 1267 2802 ferre
1289 2774 1330 2801 ut
1360 2769 1498 2800 Hotom.
1523 2770 1560 2796 et

832 2820 939 2851 Graev.
956 2822 1017 2849 aut
1039 2817 1169 2854 efferre,
1185 2818 1226 2846 ut
1249 2814 1383 2845 Manut.
1414 2811 1560 2842 scriben-

832 2864 913 2896 dum
929 2866 1083 2894 censent.
1097 2870 1130 2892 v.
1143 2863 1259 2892 notam
1278 2857 1322 2889 ad
1339 2855 1408 2888 h.l.
1425 2854 1445 2874 ‘
1457 2854 1560 2887 non.

877 2905 983 2938 od4
