1790 3219
531 49 675 79 INDEX
706 49 841 79 LATIN
848 52 1004 81 fraus.

5 139 71 176 uti,
82 139 177 179 nequi
193 137 330 178 aliquid.
355 136 463 169 Hace.
480 139 527 169 14.
550 137 632 168 vidie
648 135 752 167 aliud.

5 181 166 221 ‘cut-are,
189 189 223 213 et
246 182 344 212 variis
367 180 500 221 quidem
525 180 642 210 modis.
677 179 748 210 ΑΜ.

7 226 74 257 xiv.
101 229 151 258 11.
183 224 254 257 haec
278 226 414 256 fortuna
435 224 563 255 viderie.
596 222 639 252 ib.
663 233 694 253 x.
720 226 750 257 7.

4 277 82 299 cum
96 265 276 300 Philotimo
287 268 414 299 videbis.
440 268 482 298 ib.
496 277 527 296 ν.
546 269 574 296 l.
597 272 635 295 ut
651 275 751 306 pran-

3 311 98 343 dium
122 313 216 344 nobis
242 313 373 343 videret.
410 309 510 341 Tusc.
535 309 582 340 iii.
611 313 659 344 19.
691 309 752 339 ali-

1 356 82 395 quid
105 357 272 388 u'deamus
285 361 320 386 et
343 354 418 385 cibi.
439 353 559 393 Quint.
580 355 630 387 17.
663 354 751 383 vide-

2 401 73 433 rint
88 400 152 431 ista
169 400 279 431 officia
300 398 377 429 boni
400 397 472 426 viri.
501 397 749 437 *imperativus

1 447 36 474 et
51 443 283 483 conjunctivus
301 441 437 479 ponitur
451 449 511 480 pro
525 450 656 470 vereor:
675 449 748 479 quoe

2 492 54 518 est
76 486 211 527 elegans
233 485 331 521 ratio,
348 484 409 514 sub
432 484 541 524 specie
567 484 747 514 dubitatio-

1 531 66 567 nis,
104 535 139 561 et
177 529 346 570 judicium
389 527 486 558 alteri
525 527 747 566 relinquendi,

0 582 95 604 suam
118 572 323 603 sententiam
345 570 490 601 dicendi.
520 570 617 601 Rosc.
636 571 676 601 Α.
692 574 745 602 48.

0 617 142 654 videant,
166 625 208 647 ne
230 615 275 646 sit
299 615 358 645 διο.
393 613 494 645 Tusc.
518 615 552 644 ii.
581 617 629 645 18.
662 615 745 652 vide,

0 669 41 690 ne
57 669 124 690 non
141 659 185 690 sit
202 658 265 689 hoc
285 659 456 699 proprium
475 667 597 688 nomen
614 658 745 688 virtuti.

0 704 73 734 Div.
97 703 132 733 ii.
155 705 187 734 4.
222 703 306 739 vide,
325 712 366 731 ne
392 700 486 732 nulla
508 702 551 732 sit
575 702 746 732 divinatio.

0 746 39 777 cf.
55 745 98 777 ad
113 746 190 778 Div.
207 747 251 777 xi.
272 748 321 777 12.
349 746 412 775 xvi.
428 746 482 777 26.
515 745 680 785 reperitur
695 750 745 775 ta-

0 799 76 820 men
99 791 200 820 etiam
225 789 441 831 participium
465 788 531 818 sic:
562 788 658 818 Offic.
675 789 696 818 i.
713 792 744 822 9.

0 834 110 873 itaque
127 833 300 864 videndum
316 837 378 871 est,
397 842 438 862 ue
462 840 528 862 non
551 832 632 862 satis
652 831 695 862 sit
711 831 744 861 id

0 877 57 908 stc.
88 877 130 907 ad
153 877 283 908 Divers.
307 877 371 906 xiv.
398 878 448 906 14.
479 875 655 906 videndum
679 881 743 913 est,

0 927 34 952 ut
57 919 196 951 honeste
220 930 276 951 vos
299 929 369 950 esse
399 919 544 959 possitis.
583 920 742 949 '‘e-avere.

0 965 91 996 Offic.
103 963 125 995 i.
139 965 192 995 20.
217 963 432 1004 quamobrem
449 967 483 992 et
499 962 570 993 haec
586 962 741 1001 videnda,

0 1013 30 1039 et
51 1007 213 1048 fugienda
236 1007 388 1047 pecuniae
413 1006 597 1046 cupiditas:
631 1006 686 1036 ubi
711 1016 740 1036 v.

0 1051 100 1082 Groev.
132 1050 296 1090 *elegans
320 1050 424 1080 etiam
441 1054 493 1080 est
509 1049 580 1080 haec
595 1048 741 1080 formula

0 1104 27 1126 an
50 1093 116 1126 Pis.
142 1097 196 1126 25.
227 1094 307 1133 quin
331 1099 370 1124 tu
395 1103 448 1123 me
471 1093 570 1124 vides.
608 1103 648 1123 eo
671 1093 739 1123 fere

0 1147 103 1177 ÷ensu,
126 1148 192 1178 quo
216 1137 320 1168 nostri
344 1136 479 1168 dicunt:
512 1137 554 1168 da
583 1135 656 1167 lobe
684 1136 738 1167 ich

0 1182 83 1213 mich
99 1182 196 1213 doch.

36 1225 160 1263 Viden-i,
176 1228 229 1256 est
249 1225 388 1256 verbum
411 1224 548 1256 solenne
568 1224 603 1254 in
626 1224 735 1262 sctis,

0 1267 132 1301 iecretis
148 1269 364 1307 Pontificum,
381 1268 736 1308 sententiisjudicum.

0 1313 92 1344 Dom.
118 1315 170 1344 53.
202 1323 279 1344 cum
304 1312 339 1343 P.
364 1312 522 1350 Scaevola,
547 1311 670 1342 Pontii.
687 1311 735 1342 M.

0 1365 49 1387 >ro
73 1356 213 1396 colleg-io
236 1355 421 1397 respondit,
440 1365 572 1386 sacrum
597 1364 664 1386 non
687 1357 735 1386 vi-

0 1400 69 1431 leri.
100 1399 166 1431 vid.
184 1399 318 1431 Manut.
341 1399 383 1430 ad
406 1399 499 1430 Verr.
516 1409 546 1430 v.
564 1399 594 1430 6.
624 1399 733 1430 *curn

0 1445 188 1475 accusativo.
211 1442 348 1474 Tuscul.
365 1452 394 1473 ν.
412 1447 442 1474 5.
466 1452 533 1473 non
549 1443 630 1473 mihi
648 1443 735 1473 vide-

0 1494 46 1518 *ur
67 1489 148 1518 satis
171 1496 266 1528 posse
289 1487 467 1518 virtutem:
494 1486 549 1517 ubi
573 1495 602 1517 v.
619 1486 733 1516 Davis.

0 1527 53 1562 Jff.
69 1531 116 1562 iii.
136 1534 186 1565 17.
219 1539 293 1570 quae
312 1529 386 1561 vult
400 1531 516 1568 videri,
532 1539 566 1560 se
584 1539 654 1560 esse
669 1530 735 1560 vir-

4 1580 109 1605 utem.
139 1574 306 1615 *passiva
340 1573 442 1605 Tusc.
465 1574 511 1604 iii.
537 1575 589 1608 29.
619 1573 732 1613 opinio

0 1617 80 1656 nali,
96 1627 162 1658 quo
181 1618 248 1649 viso
271 1623 307 1648 et
329 1627 497 1658 persuaso.
527 1617 660 1648 *videri
682 1619 732 1647 et-

0 1671 52 1692 am
75 1661 259 1700 interdum,
282 1666 323 1692 ut
345 1660 538 1692 Graecorum
561 1658 662 1699 δοκῶ,
683 1661 732 1691 di-

0 1705 73 1736 ritur
95 1706 130 1736 in
154 1704 227 1736 aliis
250 1705 348 1735 rebus
370 1705 410 1735 de
427 1715 478 1742 eo,
494 1704 584 1744 quod
600 1710 730 1735 certum

0 1758 56 1779 fsse
79 1750 215 1779 scimus.
243 1748 324 1779 Nat.
349 1748 392 1779 D.
410 1749 431 1778 i.
446 1751 499 1780 21.
528 1757 615 1788 saepe
639 1749 730 1778 enim

0 1791 24 1822 ie
47 1792 88 1823 L.
112 1791 243 1830 Crasso,
265 1791 430 1822 familiare
455 1791 512 1822 illo
534 1797 607 1828 tuo,
621 1792 731 1822 videor

0 1835 128 1875 adisse,
155 1845 234 1866 cum
263 1839 298 1866 te
328 1836 449 1876 togatis
474 1835 629 1866 omnibus
658 1836 729 1866 sine

0 1879 83 1910 lubio
97 1879 290 1910 anteferret.

28 1919 160 1963 Vzgere,
182 1921 412 1954 inclarescere.
445 1921 546 1953 Tusc.
572 1921 607 1953 ii.
633 1924 663 1953 2.
694 1922 729 1953 in

0 1975 54 2006 psa
82 1963 211 1997 Graecia
240 1965 450 2007 philosophia
479 1970 577 1996 tanto
609 1966 643 1995 in
670 1965 729 1996 ho-

0 2019 63 2040 iore
101 2019 274 2050 nunquam
309 2009 441 2047 fuisset,
475 2009 538 2039 nisi
577 2009 729 2040 doctissi—

0 2063 113 2085 norum
145 2053 418 2085 contentionibus
453 2051 729 2084 dissensionibus-

0 2107 46 2136 με
82 2098 245 2136 vig-uisset.
287 2096 460 2134 *laudat-i,
496 2096 639 2136 probari.
686 2096 729 2127 ad

0 2141 58 2171 )iv.
83 2141 151 2172 viii.
178 2144 206 2173 l.
235 2139 287 2171 tui
311 2140 440 2182 politici
467 2139 542 2170 libri
571 2140 728 2171 omnibus

0 2186 99 2224 igent.

25 2227 192 2268 Vigilare.
224 2227 266 2258 ad
286 2227 327 2268 Ω.
352 2227 403 2258 Fr.
427 2226 462 2257 ii.
490 2228 538 2258 15.
570 2227 726 2266 viatores,

0 2272 6 2302 i
21 2272 139 2310 serius,
154 2280 254 2312 quam
272 2271 462 2308 voluerunt,
475 2270 558 2301 forte
574 2279 726 2301 surrexe-

0 2315 62 2353 int,
85 2314 292 2356 properando
315 2315 418 2345 etiam
442 2315 557 2352 citius,
575 2321 674 2353 quam
698 2315 725 2345 si

2 2369 20 2389 e
43 2358 152 2390 multa
171 2362 270 2389 nocte
292 2360 492 2398 vigilassent,
509 2359 723 2399 perveniunt,

1 2412 43 2433 uo
66 2401 195 2433 volunt.
241 2401 431 2442 Malaspina
454 2406 552 2441 putat
576 2402 722 2442 positum

2 2455 36 2476 ro
59 2447 275 2485 evigilassem.
307 2450 342 2475 et
360 2445 408 2475 sic
425 2445 489 2475 dici
506 2444 568 2475 hoc
583 2445 723 2476 verbum

0 2499 71 2520 osse
102 2494 212 2530 putat.
257 2489 322 2520 Sed
358 2488 474 2519 Burm.
504 2488 545 2519 ad
582 2489 723 2520 Sueton.

0 2541 61 2572 ug.
91 2534 144 2567 78.
182 2532 312 2564 mavult
341 2532 461 2572 corrigi
494 2533 722 2571 evigilassem.-

0 2575 64 2607 uod
80 2576 163 2607 mihi
177 2577 278 2608 verba
293 2575 334 2606 de
351 2576 462 2606 multa
484 2572 590 2606 nocte'
600 2577 654 2606 vix
675 2577 723 2607 vi·

0 2621 99 2650 entur
112 2620 193 2660 pati.

22 2661 150 2694 Vilicus.
187 2662 281 2695 Verr.
307 2663 353 2694 iii.
377 2665 431 2698 93.
468 2670 576 2693 annus
607 2668 660 2694 est
686 2663 721 2694 in

0 2706 119 2738 meane.-
144 2706 205 2737 int.
220 2715 376 2738 annonoe.

20 2748 205 2781 mmmm.
250 2749 346 2782 Font.
378 2753 408 2782 5.
451 2751 620 2782 vinarium
658 2750 722 2781 cri-

0 2802 64 2824 ien-

1457 43 1543 92 479

838 138 986 177 Vincere,
1001 141 1176 172 ostendere
1192 141 1318 182 aliquid
1333 142 1394 180 ita,
1411 145 1450 172 ut
1464 151 1543 183 pro·

791 182 860 218 bes,
899 190 937 212 ut
974 184 1136 215 obtineas.
1176 185 1310 216 Cluent.
1345 188 1398 216 44.
1437 187 1542 225 vince,

790 224 897 254 virum
916 225 1040 256 bonum
1058 227 1156 258 fuisse
1174 229 1410 269 Oppianicum.
1442 229 1460 246 ·
1473 229 1542 259 ele-

792 273 910 308 ganter
925 268 965 298 de
982 279 1034 306 eo,
1052 271 1104 300 cui
1129 272 1207 310 qnid
1225 273 1258 302 in
1275 273 1430 303 auctione
1447 271 1542 303 addi-

791 312 891 349 citur,
903 312 970 342 sive
988 313 1045 351 qui
1062 313 1137 352 plus
1154 314 1283 345 licendo
1300 316 1436 356 accipit,
1449 315 1540 355 quod

791 354 872 385 vult.
888 356 936 385 sic
952 356 1074 396 passim
1091 364 1142 386 est
1161 358 1193 386 in
1212 359 1309 397 epist.
1326 359 1366 389 ad
1384 359 1486 390 Attic.
1499 363 1541 390 ut

791 399 860 429 xiii.
885 400 938 434 29.
976 399 1146 429 Othonem
1172 402 1281 431 vincas
1304 402 1386 432 volo.
1417 402 1459 433 cf.
1483 406 1538 434 33.

790 442 953 472 ‘causam
971 441 1146 482 injudicio
1162 443 1324 474 obtinere.
1354 446 1386 475 in
1404 455 1469 484 quo
1486 450 1538 477 est

790 485 910 526 duplex
928 486 1053 517 forma:
1079 486 1185 516 altera
1200 492 1292 517 certa
1311 493 1345 517 et
1361 489 1540 520 usitatissi-

789 539 855 560 ma.
898 529 995 561 Rosc.
1027 529 1121 561 Com.
1157 533 1207 560 18.
1245 531 1367 560 vicisset
1394 532 1537 570 jndicio.

789 572 906 612 Quint.
923 575 977 607 27.
1003 583 1066 613 ego
1081 573 1260 614 sponsione
1276 574 1409 604 vicerim
1422 587 1431 604 .·
1455 575 1538 605 alte-

788 626 824 646 ra
840 616 986 647 insolens
1003 623 1104 656 atque
1121 617 1206 647 hanc
1222 617 1263 647 ob
1280 627 1415 647 causam
1429 618 1462 648 in
1476 619 1539 648 du-

789 659 880 690 bium
905 667 1042 691 vocata:
1069 660 1163 691 Verr.
1181 661 1202 690 i.
1220 663 1271 692 53.
1301 662 1430 691 vincere
1444 661 1539 701 judi-

787 703 890 734 cium.
930 704 1054 735 Caecin.
1078 707 1132 736 31.
1161 706 1287 735 vincere
1310 705 1537 745 sponsionem.

787 746 844 777 ubi
872 747 938 778 vid.
963 747 1126 778 Passerat.
1163 753 1198 778 et
1228 748 1336 779 Graev.
1373 747 1539 780 Similiter

785 790 881 821 ovid.
907 791 987 821 Her.
1014 792 1077 821 xvi.
1102 792 1155 826 76.
1191 792 1294 822 dixit:
1324 801 1391 822 non
1415 801 1535 823 omnes

786 843 920 864 causam
945 836 1072 865 vinc-ere
1095 844 1190 875 posse
1206 845 1319 866 suam:
1347 835 1404 866 ubi
1428 835 1536 866 Hein-

783 877 852 907 sius
884 878 1071 918 corrigebat
1096 888 1213 909 causa:
1247 879 1425 910 dubitante
1448 878 1534 911 Bur-

784 930 921 960 manno,
946 929 981 952 et
1012 922 1172 952 afferente
1203 923 1330 953 vincere
1360 922 1487 954 bellum
1514 933 1535 954 e

784 964 868 995 Vell.
884 965 917 996 ii.
936 968 987 997 55.
1021 965 1095 996 add.
1112 965 1203 1005 Virg.
1222 966 1299 996 AEn.
1323 976 1354 997 x.
1371 969 1446 1001 370.
1478 966 1535 998 de-

782 1009 872 1039 victa
887 1008 984 1039 bella.
1021 1009 1133 1040 Etiam
1151 1009 1258 1040 Graeci
1275 1014 1417 1049 utroque
1435 1010 1534 1042 modo

782 1051 912 1090 dicunt,
939 1054 1016 1093 ηκᾷν
1037 1052 1145 1093 μάχην
1167 1058 1202 1083 et
1223 1052 1327 1095 μάχῃ.
1364 1063 1393 1083 V.
1416 1053 1535 1085 Alber-

779 1100 853 1126 tum
872 1095 910 1126 V.
929 1097 999 1127 Cel.
1015 1096 1094 1127 Obs.
1111 1096 1152 1126 ad
1167 1097 1253 1128 Nov.
1269 1097 1308 1128 T.
1327 1107 1359 1137 p.
1376 1098 1452 1128 242.
1480 1097 1531 1128 Si·

780 1138 858 1169 mile
875 1140 978 1170 etiam
996 1139 1079 1170 illud
1096 1143 1159 1178 est,
1176 1139 1264 1180 quod
1283 1139 1388 1171 latine
1404 1139 1531 1172 dicitur

778 1186 905 1214 certare
922 1184 1098 1224 sponsione
1119 1185 1162 1225 (v.
1179 1183 1328 1224 sponsio)
1347 1189 1382 1214 et
1400 1189 1530 1216 certare

778 1226 920 1257 multam
945 1237 998 1267 ap.
1014 1227 1086 1259 Liv.
1103 1237 1177 1258 xxv.
1196 1230 1227 1258 3.
1258 1227 1299 1257 ab
1322 1227 1386 1258 hac
1410 1233 1527 1259 autem

778 1271 868 1301 verbi
893 1271 1139 1310 significatione
1163 1271 1324 1301 dicuntur
1347 1273 1446 1310 vinci,
1469 1272 1528 1312 qui

776 1323 877 1344 causa
893 1314 1019 1346 cadunt
1035 1324 1096 1346 seu
1120 1314 1403 1346 condemnantur.
1430 1315 1527 1348 Verr.

775 1358 796 1387 i.
824 1361 856 1389 4.
895 1368 970 1388 rcus
999 1363 1071 1389 tam
1098 1367 1238 1397 nocens,
1263 1363 1336 1389 tam
1362 1359 1528 1400 perditus,

775 1406 846 1432 tam
866 1403 978 1433 victus.

821 1445 962 1476 Vim-ire.
1001 1446 1072 1476 Att.
1097 1445 1151 1476 vii.
1178 1448 1228 1477 18.
1267 1446 1384 1477 vinciri
1411 1443 1528 1487 praesi·

775 1488 848 1519 diis.
872 1489 994 1520 ⁷'‘Orat.
1015 1490 1064 1520 13.
1088 1489 1187 1519 verba
1201 1490 1336 1520 vincire.
1359 1490 1453 1521 Orat.
1472 1493 1526 1523 50.

772 1533 958 1563 sententias
985 1533 1118 1563 vincire.
1154 1532 1218 1563 hoc
1250 1533 1330 1573 quid
1360 1534 1416 1572 sit,
1441 1534 1526 1565 tiro-

773 1585 854 1606 num
878 1586 980 1606 causa
1002 1575 1182 1606 dicendum
1207 1583 1279 1616 est3
1305 1578 1338 1607 in
1362 1586 1428 1617 quo
1448 1577 1524 1608 bre-

772 1620 858 1650 viter
872 1623 1075 1660 repetemus,
1091 1629 1166 1659 quae
1189 1619 1268 1651 olim
1286 1620 1327 1651 de
1342 1620 1406 1651 hac
1428 1630 1464 1651 re
1480 1631 1521 1652 ex

771 1663 928 1694 instituto
957 1664 991 1694 in
1021 1663 1212 1704 prolusione
1231 1663 1353 1703 'aliqua
1374 1664 1521 1696 diximus

770 1706 932 1747 pluribus.
980 1707 1111 1738 Vincire
1132 1711 1248 1738 autem
1271 1712 1336 1746 est,
1352 1709 1400 1739 ita
1421 1709 1523 1740 verba

770 1754 806 1781 et
828 1751 1012 1781 sententias
1035 1751 1096 1781 sibi
1116 1751 1272 1791 jungere,
1289 1756 1327 1782 ut
1351 1762 1390 1782 ex
1414 1752 1520 1793 pluri-

770 1794 831 1824 bus
862 1794 1105 1835 propemodum
1134 1794 1188 1824 vel
1218 1803 1327 1825 unum
1364 1796 1518 1834 verbum,

769 1837 821 1868 vel
837 1847 906 1868 una
921 1839 1092 1869 sententia
1105 1838 1196 1868 facta
1209 1837 1374 1870 videatur.
1419 1839 1519 1880 Quod

769 1881 811 1911 ad
827 1881 926 1912 verba
940 1882 1079 1920 attinet,
1094 1891 1145 1912 res
1168 1891 1208 1912 eo
1232 1881 1331 1920 redit,
1348 1886 1388 1913 ut
1409 1886 1520 1914 extre-

769 1934 833 1956 mae
865 1929 900 1955 et
937 1925 1054 1966 primae
1091 1925 1267 1956 verborum
1306 1925 1413 1957 literae
1450 1927 1521 1958 sint'

769 1967 946 2008 ejusmodi,
962 1973 1002 1999 ut
1025 1969 1060 1999 in
1081 1969 1336 2010 pronunciando
1357 1970 1459 2001 verba
1480 1972 1518 2002 in

770 2021 873 2042 unam
901 2022 1016 2042 vocem
1043 2012 1227 2043 coalescere
1257 2013 1398 2053 possint,
1425 2015 1517 2054 quia,

767 2061 807 2086 ut
823 2056 1003 2096 Dionysius
1020 2056 1081 2094 ait,
1098 2065 1166 2086 non
1189 2060 1241 2087 est
1257 2055 1400 2091 ateana-35
1414 2057 1517 2100 xgfim

765 2099 880 2138 μεταξὺ
902 2099 960 2129 τίῆν
980 2099 1134 2139 inopia-m.
1163 2099 1203 2130 de
1226 2100 1393 2131 Structur.
1422 2101 1519 2133 Orat.

767 2143 798 2172 S.
817 2144 869 2174 23.
901 2153 920 2173 a
943 2153 1009 2182 quo
1031 2143 1153 2174 deinde
1176 2143 1300 2174 leniter
1321 2144 1424 2175 fluere
1443 2154 1519 2176 ora-

765 2187 813 2216 tio
830 2190 865 2216 et
880 2186 971 2222 laevis
987 2196 1058 2217 esse
1074 2187 1210 2218 dicitur.
1255 2186 1420 2228 Exemplo
1443 2197 1517 2220 esse

766 2235 906 2270 possunt
920 2230 1073 2261 versiculi
1090 2230 1244 2271 Sapphus
1261 2230 1351 2272 apud
1366 2231 1514 2263 eundem

764 2274 983 2314 Dionysium:
1008 2273 1197 2316 ποικιλὸφρον
1221 2274 1280 2305 διο.
1314 2284 1392 2305 nam
1417 2276 1452 2305 in
1474 2275 1516 2307 iis

764 2317 878 2347 onmia
894 2318 1007 2354 verba,
1026 2318 1105 2356 quia
1120 2322 1180 2347 aut
1196 2317 1340 2350 alterum
1359 2318 1393 2349 in
1416 2328 1517 2350 voca·

764 2361 787 2390 li
819 2361 956 2399 desinit,
983 2360 1128 2391 alterum
1155 2371 1175 2392 a
1203 2370 1349 2392 consona
1378 2362 1514 2403 incipit,

764 2407 823 2434 aut
838 2408 968 2442 contra,
978 2407 1103 2435 coeunt
1114 2409 1278 2444 tanquam
1292 2405 1326 2435 in
1338 2414 1442 2436 unam
1457 2413 1518 2437 vo··

764 2457 849 2478 cem.
888 2447 925 2477 In
943 2447 1071 2479 duobus
1086 2452 1200 2478 autem
1216 2445 1269 2482 3135
1284 2446 1448 2480 sam-uz·
1463 2458 1514 2483 ea

762 2500 916 2522 consonae
947 2496 1168 2529 concurrunt,
1197 2501 1340 2530 quarum
1371 2501 1514 2524 concur·

762 2544 818 2565 sus
835 2534 919 2565 nihil
935 2535 1126 2575 asperitatis
1149 2534 1272 2574 habet3
1295 2535 1385 2574 quod
1407 2546 1446 2567 ex
1471 2546 1512 2568 eo

754 2578 944 2617 ,judicatum
960 2577 1048 2618 quod
1071 2578 1204 2609 easdem
1226 2578 1260 2608 in
1276 2579 1394 2609 eodem
1411 2580 1511 2613 verbo

760 2631 935 2652 occurrere
957 2621 1122 2660 videmus,
1146 2626 1186 2653 ut
1208 2622 1243 2652 in
1266 2619 1414 2657 διὸιδιτις.
1458 2623 1511 2655 Ex

762 2664 933 2695 Ciceronis
949 2664 1250 2696 innumerabilibus
1267 2675 1431 2706 ponamus
1444 2666 1509 2698 hoc

760 2717 868 2739 unum
886 2718 927 2738 ex
942 2708 1040 2739 Rosc.
1055 2708 1131 2739 Am.
1149 2710 1202 2741 24.
1233 2708 1286 2739 hae
1300 2714 1381 2740 sunt
1397 2710 1510 2751 impiis

760 2751 902 2782 assiduoe
926 2751 986 2782 &c.
1017 2751 1058 2783 In
1080 2751 1145 2782 hoc
1167 2761 1288 2792 genere
1311 2757 1427 2784 autem
1450 2753 1511 2787 ina

760 2795 873 2826 cautio
888 2798 951 2835 est,
967 2805 1010 2827 ne
1034 2795 1135 2828 nimis
1150 2805 1191 2828 ea
1204 2804 1257 2830 res
1277 2795 1426 2829 studiose
1448 2799 1510 2832 aut
