<?xml version="1.0" encoding="UTF-8"?>
<!DOCTYPE html PUBLIC "-//W3C//DTD XHTML 1.0 Transitional//EN"
    "http://www.w3.org/TR/xhtml1/DTD/xhtml1-transitional.dtd">
<html xmlns="http://www.w3.org/1999/xhtml" xml:lang="en" lang="en">
 <head>
  <title>
</title>
<meta http-equiv="Content-Type" content="text/html;charset=utf-8" />
  <meta name='ocr-system' content='tesseract 3.04.00' />
  <meta name='ocr-capabilities' content='ocr_page ocr_carea ocr_par ocr_line ocrx_word'/>
</head>
<body>
  <div class='ocr_page' id='page_1' title='image "./operaomnia05ciceuoft/operaomnia05ciceuoft_0418.png"; bbox 0 0 1800 3131; ppageno 0'>
   <div class='ocr_carea' id='block_1_1' title="bbox 97 55 180 94">
    <p class='ocr_par' dir='ltr' id='par_1_1' title="bbox 97 55 180 94">
     <span class='ocr_line' id='line_1_1' title="bbox 97 55 180 94; baseline -0.012 0"><span class='ocrx_word' id='word_1_1' title='bbox 97 55 180 94; x_wconf 79' lang='lat'><strong>408</strong></span> 
     </span>
    </p>
   </div>
   <div class='ocr_carea' id='block_1_2' title="bbox 94 150 864 2896">
    <p class='ocr_par' dir='ltr' id='par_1_2' title="bbox 103 150 845 367">
     <span class='ocr_line' id='line_1_2' title="bbox 103 150 845 193; baseline -0.001 -9"><span class='ocrx_word' id='word_1_2' title='bbox 103 154 157 187; x_wconf 74' lang='lat'><strong>⁶29.</strong></span> <span class='ocrx_word' id='word_1_3' title='bbox 185 160 258 191; x_wconf 68' lang='lat' dir='ltr'><strong>rem</strong></span> <span class='ocrx_word' id='word_1_4' title='bbox 274 150 463 192; x_wconf 74' lang='lat' dir='ltr'><strong>judicatam</strong></span> <span class='ocrx_word' id='word_1_5' title='bbox 485 150 623 193; x_wconf 71' lang='lat' dir='ltr'><strong>referre,</strong></span> <span class='ocrx_word' id='word_1_6' title='bbox 638 163 683 184; x_wconf 89' lang='lat' dir='ltr'><strong>sc.</strong></span> <span class='ocrx_word' id='word_1_7' title='bbox 701 153 737 183; x_wconf 92' lang='lat' dir='ltr'><strong>in</strong></span> <span class='ocrx_word' id='word_1_8' title='bbox 754 152 845 193; x_wconf 87' lang='lat' dir='ltr'><strong>judi-</strong></span> 
     </span>
     <span class='ocr_line' id='line_1_3' title="bbox 105 195 843 236; baseline 0.001 -10"><span class='ocrx_word' id='word_1_9' title='bbox 105 195 210 234; x_wconf 87' lang='lat' dir='ltr'><strong>cium,</strong></span> <span class='ocrx_word' id='word_1_10' title='bbox 225 200 266 226; x_wconf 88' lang='lat' dir='ltr'><strong>ut</strong></span> <span class='ocrx_word' id='word_1_11' title='bbox 281 196 321 227; x_wconf 90' lang='lat' dir='ltr'><strong>de</strong></span> <span class='ocrx_word' id='word_1_12' title='bbox 337 206 378 227; x_wconf 86' lang='lat' dir='ltr'><strong>ea</strong></span> <span class='ocrx_word' id='word_1_13' title='bbox 391 196 707 236; x_wconf 84' lang='lat' dir='ltr'><strong>iterumjudicetur.</strong></span> <span class='ocrx_word' id='word_1_14' title='bbox 732 196 751 216; x_wconf 70' lang='lat'><strong>⁵*</strong></span> <span class='ocrx_word' id='word_1_15' title='bbox 764 197 843 227; x_wconf 86' lang='lat' dir='ltr'><strong>Nat.</strong></span> 
     </span>
     <span class='ocr_line' id='line_1_4' title="bbox 105 238 843 279; baseline -0.001 -9"><span class='ocrx_word' id='word_1_16' title='bbox 105 238 151 270; x_wconf 89' lang='lat' dir='ltr'><strong>D.</strong></span> <span class='ocrx_word' id='word_1_17' title='bbox 174 240 197 273; x_wconf 87' lang='lat' dir='ltr'><strong>i.</strong></span> <span class='ocrx_word' id='word_1_18' title='bbox 225 242 275 271; x_wconf 75' lang='lat'><strong>1⁴2.</strong></span> <span class='ocrx_word' id='word_1_19' title='bbox 311 239 439 279; x_wconf 74' lang='lat' dir='ltr'><strong>referre</strong></span> <span class='ocrx_word' id='word_1_20' title='bbox 460 240 496 271; x_wconf 88' lang='lat' dir='ltr'><strong>in</strong></span> <span class='ocrx_word' id='word_1_21' title='bbox 519 249 658 271; x_wconf 84' lang='lat' dir='ltr'><strong>numero</strong></span> <span class='ocrx_word' id='word_1_22' title='bbox 681 240 843 271; x_wconf 78' lang='lat' dir='ltr'><strong>Deorum.</strong></span> 
     </span>
     <span class='ocr_line' id='line_1_5' title="bbox 104 282 844 324; baseline 0 -11"><span class='ocrx_word' id='word_1_23' title='bbox 104 282 226 314; x_wconf 74' lang='lat' dir='ltr'><strong>*Vei-r.</strong></span> <span class='ocrx_word' id='word_1_24' title='bbox 250 284 271 313; x_wconf 93' lang='lat' dir='ltr'><strong>i.</strong></span> <span class='ocrx_word' id='word_1_25' title='bbox 296 287 326 317; x_wconf 88' lang='lat'><strong>7.</strong></span> <span class='ocrx_word' id='word_1_26' title='bbox 364 287 474 314; x_wconf 84' lang='lat' dir='ltr'><strong>vestra</strong></span> <span class='ocrx_word' id='word_1_27' title='bbox 495 283 639 324; x_wconf 83' lang='lat' dir='ltr'>dignitas</span> <span class='ocrx_word' id='word_1_28' title='bbox 665 284 750 315; x_wconf 90' lang='lat' dir='ltr'><strong>mihi</strong></span> <span class='ocrx_word' id='word_1_29' title='bbox 776 285 844 314; x_wconf 80' lang='lat' dir='ltr'><strong>sru-</strong></span> 
     </span>
     <span class='ocr_line' id='line_1_6' title="bbox 106 326 527 367; baseline 0.002 -10"><span class='ocrx_word' id='word_1_30' title='bbox 106 329 199 357; x_wconf 86' lang='lat' dir='ltr'><strong>ctum</strong></span> <span class='ocrx_word' id='word_1_31' title='bbox 217 326 400 367; x_wconf 66' lang='lat' dir='ltr'><strong>diligentias</strong></span> <span class='ocrx_word' id='word_1_32' title='bbox 415 327 527 367; x_wconf 59' lang='lat' dir='ltr'><strong>refert</strong></span> 
     </span>
    </p>

    <p class='ocr_par' dir='ltr' id='par_1_3' title="bbox 104 369 846 576">
     <span class='ocr_line' id='line_1_7' title="bbox 151 369 846 415; baseline -0.003 -14"><span class='ocrx_word' id='word_1_33' title='bbox 151 369 320 415; x_wconf 61' lang='lat' dir='ltr'><strong>Refertur,</strong></span> <span class='ocrx_word' id='word_1_34' title='bbox 349 372 514 412; x_wconf 86' lang='lat' dir='ltr'><strong>copiosus,</strong></span> <span class='ocrx_word' id='word_1_35' title='bbox 546 371 718 402; x_wconf 88' lang='lat' dir='ltr'><strong>abundans</strong></span> <span class='ocrx_word' id='word_1_36' title='bbox 749 371 846 401; x_wconf 85' lang='lat' dir='ltr'><strong>rebus</strong></span> 
     </span>
     <span class='ocr_line' id='line_1_8' title="bbox 106 411 846 455; baseline -0.003 -11"><span class='ocrx_word' id='word_1_37' title='bbox 106 411 213 444; x_wconf 87' lang='lat' dir='ltr'><strong>bonis.</strong></span> <span class='ocrx_word' id='word_1_38' title='bbox 237 413 326 445; x_wconf 87' lang='lat' dir='ltr'><strong>Mur.</strong></span> <span class='ocrx_word' id='word_1_39' title='bbox 341 419 372 450; x_wconf 89' lang='lat'><strong>9.</strong></span> <span class='ocrx_word' id='word_1_40' title='bbox 395 414 519 455; x_wconf 72' lang='lat' dir='ltr'><strong>referta</strong></span> <span class='ocrx_word' id='word_1_41' title='bbox 536 415 613 445; x_wconf 84' lang='lat' dir='ltr'><strong>Asia</strong></span> <span class='ocrx_word' id='word_1_42' title='bbox 634 419 670 445; x_wconf 85' lang='lat' dir='ltr'><strong>et</strong></span> <span class='ocrx_word' id='word_1_43' title='bbox 692 414 846 444; x_wconf 76' lang='lat' dir='ltr'><strong>delicata.</strong></span> 
     </span>
     <span class='ocr_line' id='line_1_9' title="bbox 105 457 848 498; baseline -0.003 -10"><span class='ocrx_word' id='word_1_44' title='bbox 105 457 215 488; x_wconf 64' lang='lat' dir='ltr'><strong>*cum</strong></span> <span class='ocrx_word' id='word_1_45' title='bbox 231 457 343 489; x_wconf 88' lang='lat' dir='ltr'><strong>Genit.</strong></span> <span class='ocrx_word' id='word_1_46' title='bbox 375 458 675 498; x_wconf 68' lang='lat' dir='ltr'><strong>Font.1.&#39;1eferta</strong></span> <span class='ocrx_word' id='word_1_47' title='bbox 697 458 848 496; x_wconf 76' lang='lat' dir='ltr'><strong>negotia—</strong></span> 
     </span>
     <span class='ocr_line' id='line_1_10' title="bbox 105 500 843 542; baseline -0.003 -11"><span class='ocrx_word' id='word_1_48' title='bbox 105 503 219 532; x_wconf 80' lang='lat' dir='ltr'><strong>torum</strong></span> <span class='ocrx_word' id='word_1_49' title='bbox 247 503 429 542; x_wconf 83' lang='lat' dir='ltr'><strong>provincia.</strong></span> <span class='ocrx_word' id='word_1_50' title='bbox 469 502 511 532; x_wconf 89' lang='lat' dir='ltr'><strong>cf.</strong></span> <span class='ocrx_word' id='word_1_51' title='bbox 543 501 654 532; x_wconf 88' lang='lat' dir='ltr'><strong>Plane.</strong></span> <span class='ocrx_word' id='word_1_52' title='bbox 683 504 738 531; x_wconf 72' lang='lat'><strong>41.</strong></span> <span class='ocrx_word' id='word_1_53' title='bbox 774 500 843 530; x_wconf 87' lang='lat' dir='ltr'><strong>Att.</strong></span> 
     </span>
     <span class='ocr_line' id='line_1_11' title="bbox 104 545 223 576; baseline 0.008 -1"><span class='ocrx_word' id='word_1_54' title='bbox 104 545 174 576; x_wconf 85' lang='lat' dir='ltr'><strong>viii.</strong></span> <span class='ocrx_word' id='word_1_55' title='bbox 194 548 223 576; x_wconf 83' lang='lat'><strong>1.</strong></span> 
     </span>
    </p>

    <p class='ocr_par' dir='ltr' id='par_1_4' title="bbox 94 587 848 673">
     <span class='ocr_line' id='line_1_12' title="bbox 152 587 848 629; baseline -0.004 -9"><span class='ocrx_word' id='word_1_56' title='bbox 152 587 341 629; x_wconf 63' lang='lat' dir='ltr'><strong>Refert-ere,</strong></span> <span class='ocrx_word' id='word_1_57' title='bbox 355 588 493 620; x_wconf 81' lang='lat' dir='ltr'><strong>fervere.</strong></span> <span class='ocrx_word' id='word_1_58' title='bbox 516 588 614 619; x_wconf 86' lang='lat' dir='ltr'><strong>Rosc.</strong></span> <span class='ocrx_word' id='word_1_59' title='bbox 631 587 725 618; x_wconf 92' lang='lat' dir='ltr'><strong>Com.</strong></span> <span class='ocrx_word' id='word_1_60' title='bbox 742 587 773 618; x_wconf 89' lang='lat'><strong>6.</strong></span> <span class='ocrx_word' id='word_1_61' title='bbox 797 596 848 617; x_wconf 83' lang='lat' dir='ltr'><strong>re-</strong></span> 
     </span>
     <span class='ocr_line' id='line_1_13' title="bbox 94 631 388 673; baseline -0.007 -9"><span class='ocrx_word' id='word_1_62' title='bbox 94 631 236 673; x_wconf 76' lang='lat' dir='ltr'><strong>fervens</strong></span> <span class='ocrx_word' id='word_1_63' title='bbox 249 633 388 662; x_wconf 80' lang='lat' dir='ltr'>crimen.</span> 
     </span>
    </p>

    <p class='ocr_par' dir='ltr' id='par_1_5' title="bbox 107 674 850 803">
     <span class='ocr_line' id='line_1_14' title="bbox 153 674 849 717; baseline -0.004 -11"><span class='ocrx_word' id='word_1_64' title='bbox 153 675 389 717; x_wconf 69' lang='lat' dir='ltr'><strong>Refervescere,</strong></span> <span class='ocrx_word' id='word_1_65' title='bbox 413 675 648 706; x_wconf 77' lang='lat' dir='ltr'><strong>defervescere.</strong></span> <span class='ocrx_word' id='word_1_66' title='bbox 679 674 774 705; x_wconf 84' lang='lat' dir='ltr'><strong>Brut.</strong></span> <span class='ocrx_word' id='word_1_67' title='bbox 795 676 849 708; x_wconf 88' lang='lat'><strong>91.</strong></span> 
     </span>
     <span class='ocr_line' id='line_1_15' title="bbox 107 718 850 756; baseline -0.003 -7"><span class='ocrx_word' id='word_1_68' title='bbox 107 720 280 750; x_wconf 87' lang='lat' dir='ltr'><strong>contentio</strong></span> <span class='ocrx_word' id='word_1_69' title='bbox 310 719 415 749; x_wconf 89' lang='lat' dir='ltr'><strong>nimia</strong></span> <span class='ocrx_word' id='word_1_70' title='bbox 450 719 539 749; x_wconf 92' lang='lat' dir='ltr'><strong>vocis</strong></span> <span class='ocrx_word' id='word_1_71' title='bbox 578 718 784 756; x_wconf 76' lang='lat' dir='ltr'><strong>conciderat,</strong></span> <span class='ocrx_word' id='word_1_72' title='bbox 816 721 850 747; x_wconf 87' lang='lat' dir='ltr'><strong>et</strong></span> 
     </span>
     <span class='ocr_line' id='line_1_16' title="bbox 108 761 529 803; baseline -0.005 -9"><span class='ocrx_word' id='word_1_73' title='bbox 108 763 203 803; x_wconf 83' lang='lat' dir='ltr'><strong>quasi</strong></span> <span class='ocrx_word' id='word_1_74' title='bbox 216 761 397 802; x_wconf 61' lang='lat' dir='ltr'><strong>referverat</strong></span> <span class='ocrx_word' id='word_1_75' title='bbox 412 763 529 792; x_wconf 89' lang='lat' dir='ltr'><strong>oratio.</strong></span> 
     </span>
    </p>

    <p class='ocr_par' dir='ltr' id='par_1_6' title="bbox 97 805 859 2058">
     <span class='ocr_line' id='line_1_17' title="bbox 152 805 850 847; baseline -0.003 -10"><span class='ocrx_word' id='word_1_76' title='bbox 152 807 309 847; x_wconf 75' lang='lat' dir='ltr'><strong>Reficere,</strong></span> <span class='ocrx_word' id='word_1_77' title='bbox 332 815 460 837; x_wconf 85' lang='lat' dir='ltr'><strong>sanare.</strong></span> <span class='ocrx_word' id='word_1_78' title='bbox 489 806 560 837; x_wconf 87' lang='lat' dir='ltr'><strong>Att.</strong></span> <span class='ocrx_word' id='word_1_79' title='bbox 583 805 638 836; x_wconf 85' lang='lat' dir='ltr'><strong>vii.</strong></span> <span class='ocrx_word' id='word_1_80' title='bbox 657 808 687 835; x_wconf 89' lang='grc'><strong>3.</strong></span> <span class='ocrx_word' id='word_1_81' title='bbox 717 805 850 836; x_wconf 88' lang='lat' dir='ltr'><strong>Tironis</strong></span> 
     </span>
     <span class='ocr_line' id='line_1_18' title="bbox 107 849 850 891; baseline -0.005 -10"><span class='ocrx_word' id='word_1_82' title='bbox 107 850 273 890; x_wconf 69' lang='lat' dir='ltr'><strong>reficiendi</strong></span> <span class='ocrx_word' id='word_1_83' title='bbox 286 859 372 891; x_wconf 88' lang='lat' dir='ltr'><strong>spes.</strong></span> <span class='ocrx_word' id='word_1_84' title='bbox 402 849 614 879; x_wconf 63' lang='lat' dir='ltr'><strong>*restituere</strong></span> <span class='ocrx_word' id='word_1_85' title='bbox 637 850 728 879; x_wconf 75' lang='lat' dir='ltr'><strong>Sext.</strong></span> <span class='ocrx_word' id='word_1_86' title='bbox 744 849 774 879; x_wconf 89' lang='grc'><strong>6.</strong></span> <span class='ocrx_word' id='word_1_87' title='bbox 798 858 850 877; x_wconf 78' lang='lat' dir='ltr'><strong>re·</strong></span> 
     </span>
     <span class='ocr_line' id='line_1_19' title="bbox 97 892 849 935; baseline -0.004 -11"><span class='ocrx_word' id='word_1_88' title='bbox 97 893 204 935; x_wconf 83' lang='lat' dir='ltr'><strong>ficere</strong></span> <span class='ocrx_word' id='word_1_89' title='bbox 218 894 363 923; x_wconf 84' lang='lat' dir='ltr'><strong>salutem</strong></span> <span class='ocrx_word' id='word_1_90' title='bbox 380 902 607 924; x_wconf 86' lang='lat' dir='ltr'><strong>communem.</strong></span> <span class='ocrx_word' id='word_1_91' title='bbox 635 893 654 911; x_wconf 68' lang='lat'><strong>⁵¹*</strong></span> <span class='ocrx_word' id='word_1_92' title='bbox 667 892 779 922; x_wconf 80' lang='lat' dir='ltr'><strong>Plane.</strong></span> <span class='ocrx_word' id='word_1_93' title='bbox 802 894 849 922; x_wconf 84' lang='lat'><strong>18.</strong></span> 
     </span>
     <span class='ocr_line' id='line_1_20' title="bbox 108 936 849 977; baseline -0.004 -10"><span class='ocrx_word' id='word_1_94' title='bbox 108 947 150 967; x_wconf 91' lang='lat' dir='ltr'><strong>ne</strong></span> <span class='ocrx_word' id='word_1_95' title='bbox 165 937 297 977; x_wconf 66' lang='lat' dir='ltr'><strong>reficere</strong></span> <span class='ocrx_word' id='word_1_96' title='bbox 313 937 507 970; x_wconf 83' lang='lat' dir='ltr'><strong>necessariis</strong></span> <span class='ocrx_word' id='word_1_97' title='bbox 523 937 591 967; x_wconf 91' lang='lat' dir='ltr'><strong>suis</strong></span> <span class='ocrx_word' id='word_1_98' title='bbox 606 946 701 966; x_wconf 84' lang='lat' dir='ltr'><strong>suam</strong></span> <span class='ocrx_word' id='word_1_99' title='bbox 723 936 849 966; x_wconf 82' lang='lat' dir='ltr'><strong>tribum</strong></span> 
     </span>
     <span class='ocr_line' id='line_1_21' title="bbox 107 980 851 1020; baseline -0.004 -9"><span class='ocrx_word' id='word_1_100' title='bbox 107 981 247 1020; x_wconf 82' lang='lat' dir='ltr'><strong>possint.</strong></span> <span class='ocrx_word' id='word_1_101' title='bbox 293 981 326 1011; x_wconf 90' lang='lat' dir='ltr'><strong>Si</strong></span> <span class='ocrx_word' id='word_1_102' title='bbox 355 981 471 1011; x_wconf 86' lang='lat' dir='ltr'><strong>Cicero</strong></span> <span class='ocrx_word' id='word_1_103' title='bbox 496 981 545 1010; x_wconf 91' lang='lat' dir='ltr'><strong>ita</strong></span> <span class='ocrx_word' id='word_1_104' title='bbox 565 980 710 1020; x_wconf 77' lang='lat' dir='ltr'><strong>scripsit,</strong></span> <span class='ocrx_word' id='word_1_105' title='bbox 733 988 851 1009; x_wconf 85' lang='lat' dir='ltr'><strong>sensus</strong></span> 
     </span>
     <span class='ocr_line' id='line_1_22' title="bbox 108 1023 850 1063; baseline -0.003 -9"><span class='ocrx_word' id='word_1_106' title='bbox 108 1028 161 1054; x_wconf 86' lang='lat' dir='ltr'><strong>est</strong></span> <span class='ocrx_word' id='word_1_107' title='bbox 183 1025 223 1062; x_wconf 89' lang='lat' dir='ltr'><strong>is,</strong></span> <span class='ocrx_word' id='word_1_108' title='bbox 248 1034 348 1063; x_wconf 85' lang='lat' dir='ltr'><strong>quem</strong></span> <span class='ocrx_word' id='word_1_109' title='bbox 377 1024 553 1056; x_wconf 83' lang='lat' dir='ltr'><strong>Manutius</strong></span> <span class='ocrx_word' id='word_1_110' title='bbox 574 1024 715 1054; x_wconf 80' lang='lat' dir='ltr'><strong>tribuit:</strong></span> <span class='ocrx_word' id='word_1_111' title='bbox 746 1023 850 1053; x_wconf 86' lang='lat' dir='ltr'><strong>confi-</strong></span> 
     </span>
     <span class='ocr_line' id='line_1_23' title="bbox 107 1067 854 1106; baseline -0.003 -8"><span class='ocrx_word' id='word_1_112' title='bbox 107 1077 182 1098; x_wconf 84' lang='lat' dir='ltr'><strong>cere</strong></span> <span class='ocrx_word' id='word_1_113' title='bbox 198 1067 325 1098; x_wconf 85' lang='lat' dir='ltr'><strong>tribum</strong></span> <span class='ocrx_word' id='word_1_114' title='bbox 341 1077 437 1098; x_wconf 86' lang='lat' dir='ltr'><strong>suam</strong></span> <span class='ocrx_word' id='word_1_115' title='bbox 454 1068 661 1104; x_wconf 90' lang='lat' dir='ltr'><strong>necessariis,</strong></span> <span class='ocrx_word' id='word_1_116' title='bbox 679 1067 735 1106; x_wconf 82' lang='lat' dir='ltr'><strong>qui</strong></span> <span class='ocrx_word' id='word_1_117' title='bbox 752 1071 854 1097; x_wconf 86' lang='lat' dir='ltr'><strong>antea</strong></span> 
     </span>
     <span class='ocr_line' id='line_1_24' title="bbox 108 1111 851 1150; baseline -0.003 -8"><span class='ocrx_word' id='word_1_118' title='bbox 108 1121 205 1142; x_wconf 87' lang='lat' dir='ltr'><strong>suam</strong></span> <span class='ocrx_word' id='word_1_119' title='bbox 217 1112 311 1142; x_wconf 86' lang='lat' dir='ltr'><strong>nobis</strong></span> <span class='ocrx_word' id='word_1_120' title='bbox 328 1111 557 1149; x_wconf 73' lang='lat' dir='ltr'><strong>confecerant,</strong></span> <span class='ocrx_word' id='word_1_121' title='bbox 568 1112 632 1141; x_wconf 90' lang='lat' dir='ltr'><strong>nisi</strong></span> <span class='ocrx_word' id='word_1_122' title='bbox 648 1120 725 1140; x_wconf 92' lang='lat' dir='ltr'><strong>vero</strong></span> <span class='ocrx_word' id='word_1_123' title='bbox 740 1111 851 1150; x_wconf 89' lang='lat' dir='ltr'><strong>ipsum</strong></span> 
     </span>
     <span class='ocr_line' id='line_1_25' title="bbox 108 1154 850 1194; baseline -0.001 -9"><span class='ocrx_word' id='word_1_124' title='bbox 108 1155 240 1194; x_wconf 73' lang='lat' dir='ltr'><strong>rejicere</strong></span> <span class='ocrx_word' id='word_1_125' title='bbox 262 1158 313 1185; x_wconf 86' lang='lat' dir='ltr'><strong>est</strong></span> <span class='ocrx_word' id='word_1_126' title='bbox 335 1156 516 1185; x_wconf 85' lang='lat' dir='ltr'><strong>conficere:</strong></span> <span class='ocrx_word' id='word_1_127' title='bbox 547 1159 587 1186; x_wconf 84' lang='lat' dir='ltr'><strong>ut</strong></span> <span class='ocrx_word' id='word_1_128' title='bbox 610 1155 646 1185; x_wconf 87' lang='grc'><strong>111</strong></span> <span class='ocrx_word' id='word_1_129' title='bbox 668 1154 739 1192; x_wconf 90' lang='grc'><strong>1110,</strong></span> <span class='ocrx_word' id='word_1_130' title='bbox 755 1154 850 1184; x_wconf 89' lang='lat' dir='ltr'><strong>Verr.</strong></span> 
     </span>
     <span class='ocr_line' id='line_1_26' title="bbox 108 1198 854 1239; baseline -0.004 -9"><span class='ocrx_word' id='word_1_131' title='bbox 108 1199 156 1231; x_wconf 84' lang='lat' dir='ltr'><strong>iii.</strong></span> <span class='ocrx_word' id='word_1_132' title='bbox 185 1203 239 1230; x_wconf 84' lang='lat'><strong>50.</strong></span> <span class='ocrx_word' id='word_1_133' title='bbox 267 1198 367 1236; x_wconf 78' lang='lat' dir='ltr'><strong>infra,</strong></span> <span class='ocrx_word' id='word_1_134' title='bbox 399 1208 601 1239; x_wconf 88' lang='lat' dir='ltr'><strong>quamquam</strong></span> <span class='ocrx_word' id='word_1_135' title='bbox 634 1208 696 1228; x_wconf 90' lang='lat' dir='ltr'><strong>nec</strong></span> <span class='ocrx_word' id='word_1_136' title='bbox 727 1198 772 1227; x_wconf 89' lang='lat' dir='ltr'><strong>ibi</strong></span> <span class='ocrx_word' id='word_1_137' title='bbox 802 1202 854 1228; x_wconf 87' lang='lat' dir='ltr'><strong>est</strong></span> 
     </span>
     <span class='ocr_line' id='line_1_27' title="bbox 109 1241 852 1283; baseline -0.001 -11"><span class='ocrx_word' id='word_1_138' title='bbox 109 1242 309 1283; x_wconf 89' lang='lat' dir='ltr'><strong>simpliciter</strong></span> <span class='ocrx_word' id='word_1_139' title='bbox 338 1243 513 1273; x_wconf 88' lang='lat' dir='ltr'><strong>conficere.</strong></span> <span class='ocrx_word' id='word_1_140' title='bbox 558 1241 623 1273; x_wconf 89' lang='lat' dir='ltr'><strong>Sed</strong></span> <span class='ocrx_word' id='word_1_141' title='bbox 646 1241 697 1271; x_wconf 88' lang='lat' dir='ltr'><strong>vix</strong></span> <span class='ocrx_word' id='word_1_142' title='bbox 722 1241 852 1279; x_wconf 82' lang='lat' dir='ltr'><strong>dubito,</strong></span> 
     </span>
     <span class='ocr_line' id='line_1_28' title="bbox 109 1285 851 1326; baseline 0 -10"><span class='ocrx_word' id='word_1_143' title='bbox 109 1286 191 1325; x_wconf 90' lang='lat' dir='ltr'><strong>quin</strong></span> <span class='ocrx_word' id='word_1_144' title='bbox 214 1296 329 1316; x_wconf 90' lang='lat' dir='ltr'><strong>verum</strong></span> <span class='ocrx_word' id='word_1_145' title='bbox 354 1286 410 1323; x_wconf 86' lang='lat' dir='ltr'><strong>sit,</strong></span> <span class='ocrx_word' id='word_1_146' title='bbox 435 1285 522 1326; x_wconf 92' lang='lat' dir='ltr'><strong>quod</strong></span> <span class='ocrx_word' id='word_1_147' title='bbox 545 1296 586 1315; x_wconf 86' lang='lat' dir='ltr'><strong>ex</strong></span> <span class='ocrx_word' id='word_1_148' title='bbox 618 1285 744 1315; x_wconf 84' lang='lat' dir='ltr'><strong>Erfurt.</strong></span> <span class='ocrx_word' id='word_1_149' title='bbox 770 1285 851 1317; x_wconf 79' lang='lat' dir='ltr'><strong>Cod.</strong></span> 
     </span>
     <span class='ocr_line' id='line_1_29' title="bbox 108 1328 853 1370; baseline -0.003 -10"><span class='ocrx_word' id='word_1_150' title='bbox 108 1330 259 1370; x_wconf 89' lang='lat' dir='ltr'><strong>reposuit</strong></span> <span class='ocrx_word' id='word_1_151' title='bbox 275 1330 441 1359; x_wconf 63' lang='lat' dir='ltr'><strong>Graevius:</strong></span> <span class='ocrx_word' id='word_1_152' title='bbox 466 1330 642 1360; x_wconf 80' lang='lat' dir='ltr'><strong>conficere.</strong></span> <span class='ocrx_word' id='word_1_153' title='bbox 665 1328 788 1358; x_wconf 57' lang='lat' dir='ltr'><strong>*Vera</strong></span> <span class='ocrx_word' id='word_1_154' title='bbox 806 1328 853 1358; x_wconf 90' lang='lat' dir='ltr'><strong>iii.</strong></span> 
     </span>
     <span class='ocr_line' id='line_1_30' title="bbox 111 1371 852 1412; baseline -0.004 -8"><span class='ocrx_word' id='word_1_155' title='bbox 111 1376 164 1404; x_wconf 86' lang='lat'><strong>50.</strong></span> <span class='ocrx_word' id='word_1_156' title='bbox 173 1373 293 1404; x_wconf 90' lang='lat' dir='ltr'><strong>Villico</strong></span> <span class='ocrx_word' id='word_1_157' title='bbox 301 1373 499 1411; x_wconf 81' lang='lat' dir='ltr'><strong>delectetur,</strong></span> <span class='ocrx_word' id='word_1_158' title='bbox 508 1372 596 1412; x_wconf 88' lang='lat' dir='ltr'><strong>quod</strong></span> <span class='ocrx_word' id='word_1_159' title='bbox 603 1377 701 1403; x_wconf 83' lang='lat' dir='ltr'><strong>tanto</strong></span> <span class='ocrx_word' id='word_1_160' title='bbox 707 1372 768 1402; x_wconf 86' lang='lat' dir='ltr'><strong>sibi</strong></span> <span class='ocrx_word' id='word_1_161' title='bbox 777 1371 852 1412; x_wconf 89' lang='lat' dir='ltr'><strong>plus</strong></span> 
     </span>
     <span class='ocr_line' id='line_1_31' title="bbox 109 1416 855 1457; baseline -0.001 -11"><span class='ocrx_word' id='word_1_162' title='bbox 109 1417 271 1447; x_wconf 85' lang='lat' dir='ltr'><strong>mercedis</strong></span> <span class='ocrx_word' id='word_1_163' title='bbox 286 1427 325 1447; x_wconf 83' lang='lat' dir='ltr'><strong>ex</strong></span> <span class='ocrx_word' id='word_1_164' title='bbox 335 1416 442 1447; x_wconf 90' lang='lat' dir='ltr'><strong>fundo</strong></span> <span class='ocrx_word' id='word_1_165' title='bbox 450 1416 610 1457; x_wconf 63' lang='lat' dir='ltr'><strong>reg-fectum</strong></span> <span class='ocrx_word' id='word_1_166' title='bbox 621 1417 675 1447; x_wconf 88' lang='lat' dir='ltr'><strong>sit.</strong></span> <span class='ocrx_word' id='word_1_167' title='bbox 694 1416 855 1446; x_wconf 85' lang='lat' dir='ltr'><strong>Paradox.</strong></span> 
     </span>
     <span class='ocr_line' id='line_1_32' title="bbox 108 1459 854 1500; baseline 0 -11"><span class='ocrx_word' id='word_1_168' title='bbox 108 1461 152 1491; x_wconf 89' lang='lat' dir='ltr'><strong>vi.</strong></span> <span class='ocrx_word' id='word_1_169' title='bbox 173 1463 200 1490; x_wconf 94' lang='lat' dir='ltr'><strong>l.</strong></span> <span class='ocrx_word' id='word_1_170' title='bbox 224 1459 404 1500; x_wconf 84' lang='lat' dir='ltr'><strong>antequam</strong></span> <span class='ocrx_word' id='word_1_171' title='bbox 423 1461 485 1490; x_wconf 88' lang='lat' dir='ltr'><strong>sibi</strong></span> <span class='ocrx_word' id='word_1_172' title='bbox 501 1470 542 1490; x_wconf 90' lang='lat' dir='ltr'><strong>ex</strong></span> <span class='ocrx_word' id='word_1_173' title='bbox 556 1460 624 1490; x_wconf 89' lang='lat' dir='ltr'><strong>tuis</strong></span> <span class='ocrx_word' id='word_1_174' title='bbox 638 1459 854 1500; x_wconf 88' lang='lat' dir='ltr'><strong>possessioni-</strong></span> 
     </span>
     <span class='ocr_line' id='line_1_33' title="bbox 112 1502 855 1544; baseline -0.003 -10"><span class='ocrx_word' id='word_1_175' title='bbox 112 1504 172 1534; x_wconf 92' lang='lat' dir='ltr'><strong>bus</strong></span> <span class='ocrx_word' id='word_1_176' title='bbox 187 1508 324 1534; x_wconf 86' lang='lat' dir='ltr'><strong>tantum</strong></span> <span class='ocrx_word' id='word_1_177' title='bbox 336 1504 516 1544; x_wconf 78' lang='lat' dir='ltr'><strong>reficiatur.</strong></span> <span class='ocrx_word' id='word_1_178' title='bbox 534 1503 575 1533; x_wconf 91' lang='lat' dir='ltr'><strong>In</strong></span> <span class='ocrx_word' id='word_1_179' title='bbox 591 1504 711 1542; x_wconf 85' lang='lat' dir='ltr'><strong>quibus</strong></span> <span class='ocrx_word' id='word_1_180' title='bbox 723 1502 855 1543; x_wconf 64' lang='lat' dir='ltr'><strong>reficere</strong></span> 
     </span>
     <span class='ocr_line' id='line_1_34' title="bbox 110 1546 852 1588; baseline -0.001 -11"><span class='ocrx_word' id='word_1_181' title='bbox 110 1557 181 1578; x_wconf 86' lang='lat' dir='ltr'><strong>esse</strong></span> <span class='ocrx_word' id='word_1_182' title='bbox 187 1548 321 1578; x_wconf 90' lang='lat' dir='ltr'><strong>videtur</strong></span> <span class='ocrx_word' id='word_1_183' title='bbox 331 1557 390 1588; x_wconf 90' lang='lat' dir='ltr'><strong>pro</strong></span> <span class='ocrx_word' id='word_1_184' title='bbox 402 1548 579 1584; x_wconf 87' lang='lat' dir='ltr'><strong>conficere,</strong></span> <span class='ocrx_word' id='word_1_185' title='bbox 588 1546 676 1585; x_wconf 89' lang='lat' dir='ltr'><strong>quod</strong></span> <span class='ocrx_word' id='word_1_186' title='bbox 687 1546 726 1576; x_wconf 90' lang='lat' dir='ltr'><strong>de</strong></span> <span class='ocrx_word' id='word_1_187' title='bbox 735 1546 852 1577; x_wconf 87' lang='lat' dir='ltr'><strong>eadem</strong></span> 
     </span>
     <span class='ocr_line' id='line_1_35' title="bbox 111 1590 853 1629; baseline -0.004 -7"><span class='ocrx_word' id='word_1_188' title='bbox 111 1601 146 1622; x_wconf 88' lang='lat' dir='ltr'><strong>re</strong></span> <span class='ocrx_word' id='word_1_189' title='bbox 163 1591 299 1629; x_wconf 81' lang='lat' dir='ltr'><strong>dieitur,</strong></span> <span class='ocrx_word' id='word_1_190' title='bbox 310 1598 350 1622; x_wconf 91' lang='lat' dir='ltr'><strong>ut</strong></span> <span class='ocrx_word' id='word_1_191' title='bbox 366 1594 401 1621; x_wconf 87' lang='lat' dir='ltr'><strong>et</strong></span> <span class='ocrx_word' id='word_1_192' title='bbox 416 1592 557 1622; x_wconf 86' lang='lat' dir='ltr'><strong>efficere.</strong></span> <span class='ocrx_word' id='word_1_193' title='bbox 573 1590 638 1621; x_wconf 88' lang='lat' dir='ltr'><strong>Sed</strong></span> <span class='ocrx_word' id='word_1_194' title='bbox 649 1595 713 1627; x_wconf 84' lang='lat' dir='ltr'><strong>est,</strong></span> <span class='ocrx_word' id='word_1_195' title='bbox 723 1596 763 1620; x_wconf 92' lang='lat' dir='ltr'><strong>ut</strong></span> <span class='ocrx_word' id='word_1_196' title='bbox 777 1599 853 1620; x_wconf 86' lang='lat' dir='ltr'><strong>vere</strong></span> 
     </span>
     <span class='ocr_line' id='line_1_36' title="bbox 113 1633 855 1675; baseline -0.003 -10"><span class='ocrx_word' id='word_1_197' title='bbox 113 1635 236 1672; x_wconf 88' lang='lat' dir='ltr'><strong>dicam,</strong></span> <span class='ocrx_word' id='word_1_198' title='bbox 259 1635 393 1675; x_wconf 70' lang='lat' dir='ltr'><strong>reficere</strong></span> <span class='ocrx_word' id='word_1_199' title='bbox 414 1634 499 1664; x_wconf 86' lang='lat' dir='ltr'><strong>nihil</strong></span> <span class='ocrx_word' id='word_1_200' title='bbox 521 1634 612 1665; x_wconf 89' lang='lat' dir='ltr'><strong>aliud</strong></span> <span class='ocrx_word' id='word_1_201' title='bbox 643 1634 677 1664; x_wconf 94' lang='lat' dir='ltr'><strong>in</strong></span> <span class='ocrx_word' id='word_1_202' title='bbox 708 1633 758 1664; x_wconf 92' lang='grc'><strong>1115</strong></span> <span class='ocrx_word' id='word_1_203' title='bbox 781 1634 855 1673; x_wconf 90' lang='lat' dir='ltr'><strong>qui-</strong></span> 
     </span>
     <span class='ocr_line' id='line_1_37' title="bbox 113 1677 857 1718; baseline -0.003 -9"><span class='ocrx_word' id='word_1_204' title='bbox 113 1678 191 1709; x_wconf 85' lang='lat' dir='ltr'><strong>dem</strong></span> <span class='ocrx_word' id='word_1_205' title='bbox 205 1678 287 1709; x_wconf 85' lang='lat' dir='ltr'><strong>locis</strong></span> <span class='ocrx_word' id='word_1_206' title='bbox 299 1679 362 1709; x_wconf 88' lang='grc'><strong>11151</strong></span> <span class='ocrx_word' id='word_1_207' title='bbox 374 1679 537 1708; x_wconf 89' lang='lat' dir='ltr'><strong>conficere</strong></span> <span class='ocrx_word' id='word_1_208' title='bbox 551 1679 728 1718; x_wconf 88' lang='lat' dir='ltr'><strong>pecuniam</strong></span> <span class='ocrx_word' id='word_1_209' title='bbox 743 1687 783 1707; x_wconf 85' lang='lat' dir='ltr'><strong>ex</strong></span> <span class='ocrx_word' id='word_1_210' title='bbox 797 1677 857 1707; x_wconf 90' lang='lat' dir='ltr'><strong>ali-</strong></span> 
     </span>
     <span class='ocr_line' id='line_1_38' title="bbox 113 1720 857 1762; baseline -0.003 -10"><span class='ocrx_word' id='word_1_211' title='bbox 113 1722 181 1762; x_wconf 79' lang='lat' dir='ltr'><strong>qu&#39;a</strong></span> <span class='ocrx_word' id='word_1_212' title='bbox 194 1731 243 1760; x_wconf 84' lang='lat' dir='ltr'><strong>re,</strong></span> <span class='ocrx_word' id='word_1_213' title='bbox 259 1723 295 1752; x_wconf 90' lang='lat' dir='ltr'><strong>in</strong></span> <span class='ocrx_word' id='word_1_214' title='bbox 312 1732 378 1761; x_wconf 86' lang='lat' dir='ltr'><strong>qua</strong></span> <span class='ocrx_word' id='word_1_215' title='bbox 395 1723 573 1762; x_wconf 84' lang='lat' dir='ltr'><strong>pecuniam</strong></span> <span class='ocrx_word' id='word_1_216' title='bbox 595 1730 691 1751; x_wconf 85' lang='lat' dir='ltr'><strong>tuam</strong></span> <span class='ocrx_word' id='word_1_217' title='bbox 715 1720 857 1751; x_wconf 84' lang='lat' dir='ltr'><strong>colloca-</strong></span> 
     </span>
     <span class='ocr_line' id='line_1_39' title="bbox 113 1765 857 1806; baseline -0.003 -10"><span class='ocrx_word' id='word_1_218' title='bbox 113 1766 172 1804; x_wconf 90' lang='lat' dir='ltr'><strong>ris,</strong></span> <span class='ocrx_word' id='word_1_219' title='bbox 188 1769 228 1795; x_wconf 87' lang='lat' dir='ltr'><strong>ut</strong></span> <span class='ocrx_word' id='word_1_220' title='bbox 250 1775 318 1796; x_wconf 77' lang='lat' dir='ltr'><strong>non</strong></span> <span class='ocrx_word' id='word_1_221' title='bbox 333 1770 406 1796; x_wconf 87' lang='lat' dir='ltr'><strong>tam</strong></span> <span class='ocrx_word' id='word_1_222' title='bbox 428 1766 583 1806; x_wconf 87' lang='lat' dir='ltr'><strong>accipias,</strong></span> <span class='ocrx_word' id='word_1_223' title='bbox 600 1775 700 1804; x_wconf 85' lang='lat' dir='ltr'><strong>quam</strong></span> <span class='ocrx_word' id='word_1_224' title='bbox 716 1765 857 1804; x_wconf 86' lang='lat' dir='ltr'><strong>recipias</strong></span> 
     </span>
     <span class='ocr_line' id='line_1_40' title="bbox 113 1809 857 1849; baseline -0.001 -10"><span class='ocrx_word' id='word_1_225' title='bbox 113 1810 306 1849; x_wconf 82' lang='lat' dir='ltr'><strong>pecuniam.</strong></span> <span class='ocrx_word' id='word_1_226' title='bbox 352 1809 406 1839; x_wconf 92' lang='lat' dir='ltr'><strong>Sic</strong></span> <span class='ocrx_word' id='word_1_227' title='bbox 431 1809 530 1849; x_wconf 86' lang='lat' dir='ltr'><strong>plane</strong></span> <span class='ocrx_word' id='word_1_228' title='bbox 554 1814 605 1839; x_wconf 88' lang='lat' dir='ltr'><strong>est</strong></span> <span class='ocrx_word' id='word_1_229' title='bbox 637 1819 690 1848; x_wconf 87' lang='lat' dir='ltr'><strong>ap.</strong></span> <span class='ocrx_word' id='word_1_230' title='bbox 716 1809 857 1839; x_wconf 87' lang='lat' dir='ltr'><strong>Varron.</strong></span> 
     </span>
     <span class='ocr_line' id='line_1_41' title="bbox 114 1853 859 1893; baseline -0.003 -10"><span class='ocrx_word' id='word_1_231' title='bbox 114 1853 155 1884; x_wconf 88' lang='lat' dir='ltr'><strong>R.</strong></span> <span class='ocrx_word' id='word_1_232' title='bbox 168 1853 208 1883; x_wconf 89' lang='lat' dir='ltr'><strong>R.</strong></span> <span class='ocrx_word' id='word_1_233' title='bbox 223 1854 245 1883; x_wconf 90' lang='lat' dir='ltr'><strong>i.</strong></span> <span class='ocrx_word' id='word_1_234' title='bbox 262 1855 293 1884; x_wconf 72' lang='lat'><strong>2.</strong></span> <span class='ocrx_word' id='word_1_235' title='bbox 311 1856 340 1883; x_wconf 79' lang='lat'><strong>8.</strong></span> <span class='ocrx_word' id='word_1_236' title='bbox 364 1853 497 1893; x_wconf 76' lang='lat' dir='ltr'><strong>reficere</strong></span> <span class='ocrx_word' id='word_1_237' title='bbox 511 1856 660 1884; x_wconf 84' lang='lat' dir='ltr'><strong>sumtum</strong></span> <span class='ocrx_word' id='word_1_238' title='bbox 678 1858 712 1882; x_wconf 82' lang='lat' dir='ltr'><strong>et</strong></span> <span class='ocrx_word' id='word_1_239' title='bbox 728 1853 859 1892; x_wconf 82' lang='lat' dir='ltr'><strong>impen-</strong></span> 
     </span>
     <span class='ocr_line' id='line_1_42' title="bbox 115 1896 859 1936; baseline -0.001 -9"><span class='ocrx_word' id='word_1_240' title='bbox 115 1906 206 1927; x_wconf 86' lang='lat' dir='ltr'><strong>sam:</strong></span> <span class='ocrx_word' id='word_1_241' title='bbox 242 1897 297 1927; x_wconf 89' lang='lat' dir='ltr'><strong>ubi</strong></span> <span class='ocrx_word' id='word_1_242' title='bbox 318 1896 406 1927; x_wconf 84' lang='lat' dir='ltr'><strong>forte</strong></span> <span class='ocrx_word' id='word_1_243' title='bbox 429 1898 464 1927; x_wconf 86' lang='lat' dir='ltr'><strong>in</strong></span> <span class='ocrx_word' id='word_1_244' title='bbox 488 1896 703 1936; x_wconf 86' lang='lat' dir='ltr'><strong>sequentibus</strong></span> <span class='ocrx_word' id='word_1_245' title='bbox 726 1899 859 1926; x_wconf 84' lang='lat' dir='ltr'><strong>sumtus</strong></span> 
     </span>
     <span class='ocr_line' id='line_1_43' title="bbox 116 1939 858 1980; baseline -0.001 -10"><span class='ocrx_word' id='word_1_246' title='bbox 116 1950 176 1980; x_wconf 89' lang='lat' dir='ltr'><strong>pro</strong></span> <span class='ocrx_word' id='word_1_247' title='bbox 191 1939 322 1971; x_wconf 77' lang='lat' dir='ltr'><strong>fructus</strong></span> <span class='ocrx_word' id='word_1_248' title='bbox 337 1940 597 1971; x_wconf 85' lang='lat' dir='ltr'><strong>rescribendum.</strong></span> <span class='ocrx_word' id='word_1_249' title='bbox 639 1939 727 1970; x_wconf 85' lang='lat' dir='ltr'><strong>Sunt</strong></span> <span class='ocrx_word' id='word_1_250' title='bbox 743 1944 858 1978; x_wconf 87' lang='lat' dir='ltr'><strong>tamen</strong></span> 
     </span>
     <span class='ocr_line' id='line_1_44' title="bbox 117 1983 859 2024; baseline -0.001 -11"><span class='ocrx_word' id='word_1_251' title='bbox 117 1983 174 2014; x_wconf 81' lang='lat' dir='ltr'><strong>alii</strong></span> <span class='ocrx_word' id='word_1_252' title='bbox 192 1983 268 2021; x_wconf 91' lang='lat' dir='ltr'><strong>loci,</strong></span> <span class='ocrx_word' id='word_1_253' title='bbox 285 1984 320 2014; x_wconf 90' lang='lat' dir='ltr'><strong>in</strong></span> <span class='ocrx_word' id='word_1_254' title='bbox 344 1984 462 2023; x_wconf 82' lang='lat' dir='ltr'><strong>quibus</strong></span> <span class='ocrx_word' id='word_1_255' title='bbox 485 1983 683 2024; x_wconf 81' lang='lat' dir='ltr'><strong>simpliciter</strong></span> <span class='ocrx_word' id='word_1_256' title='bbox 705 1989 757 2013; x_wconf 86' lang='lat' dir='ltr'><strong>est</strong></span> <span class='ocrx_word' id='word_1_257' title='bbox 780 1992 859 2016; x_wconf 88' lang='lat' dir='ltr'><strong>con-</strong></span> 
     </span>
     <span class='ocr_line' id='line_1_45' title="bbox 116 2027 708 2058; baseline -0.002 0"><span class='ocrx_word' id='word_1_258' title='bbox 116 2028 227 2058; x_wconf 84' lang='lat' dir='ltr'><strong>ficere.</strong></span> <span class='ocrx_word' id='word_1_259' title='bbox 250 2038 281 2056; x_wconf 94' lang='lat' dir='ltr'><strong>v.</strong></span> <span class='ocrx_word' id='word_1_260' title='bbox 298 2027 401 2058; x_wconf 87' lang='lat' dir='ltr'><strong>Gron.</strong></span> <span class='ocrx_word' id='word_1_261' title='bbox 418 2028 460 2058; x_wconf 79' lang='lat' dir='ltr'><strong>ad</strong></span> <span class='ocrx_word' id='word_1_262' title='bbox 475 2028 548 2058; x_wconf 90' lang='lat' dir='ltr'><strong>Liv.</strong></span> <span class='ocrx_word' id='word_1_263' title='bbox 564 2037 660 2057; x_wconf 86' lang='lat' dir='ltr'><strong>xxxv.</strong></span> <span class='ocrx_word' id='word_1_264' title='bbox 681 2029 708 2057; x_wconf 94' lang='lat'><strong>1.</strong></span> 
     </span>
    </p>

    <p class='ocr_par' dir='ltr' id='par_1_7' title="bbox 120 2069 858 2155">
     <span class='ocr_line' id='line_1_46' title="bbox 164 2069 858 2111; baseline -0.001 -10"><span class='ocrx_word' id='word_1_265' title='bbox 164 2070 327 2111; x_wconf 72' lang='lat' dir='ltr'><strong>Reflatus.</strong></span> <span class='ocrx_word' id='word_1_266' title='bbox 357 2072 430 2102; x_wconf 85' lang='lat' dir='ltr'><strong>Att.</strong></span> <span class='ocrx_word' id='word_1_267' title='bbox 454 2072 511 2102; x_wconf 88' lang='lat' dir='ltr'><strong>xii.</strong></span> <span class='ocrx_word' id='word_1_268' title='bbox 527 2073 558 2102; x_wconf 71' lang='lat'><strong>2.</strong></span> <span class='ocrx_word' id='word_1_269' title='bbox 591 2080 688 2102; x_wconf 83' lang='lat' dir='ltr'><strong>naves</strong></span> <span class='ocrx_word' id='word_1_270' title='bbox 713 2069 752 2101; x_wconf 89' lang='lat' dir='ltr'><strong>L.</strong></span> <span class='ocrx_word' id='word_1_271' title='bbox 768 2069 858 2101; x_wconf 87' lang='lat' dir='ltr'><strong>dela-</strong></span> 
     </span>
     <span class='ocr_line' id='line_1_47' title="bbox 120 2114 602 2155; baseline -0.002 -10"><span class='ocrx_word' id='word_1_272' title='bbox 120 2122 173 2145; x_wconf 79' lang='lat' dir='ltr'><strong>tas</strong></span> <span class='ocrx_word' id='word_1_273' title='bbox 189 2115 224 2144; x_wconf 89' lang='lat' dir='ltr'><strong>in</strong></span> <span class='ocrx_word' id='word_1_274' title='bbox 242 2115 376 2145; x_wconf 81' lang='lat' dir='ltr'><strong>Uticam</strong></span> <span class='ocrx_word' id='word_1_275' title='bbox 392 2114 514 2155; x_wconf 71' lang='lat' dir='ltr'><strong>reflatu</strong></span> <span class='ocrx_word' id='word_1_276' title='bbox 528 2115 602 2145; x_wconf 84' lang='lat' dir='ltr'><strong>hoc.</strong></span> 
     </span>
    </p>

    <p class='ocr_par' dir='ltr' id='par_1_8' title="bbox 111 2157 862 2363">
     <span class='ocr_line' id='line_1_48' title="bbox 163 2157 857 2198; baseline -0.004 -8"><span class='ocrx_word' id='word_1_277' title='bbox 163 2157 362 2198; x_wconf 64' lang='lat' dir='ltr'><strong>Rtffrenare.</strong></span> <span class='ocrx_word' id='word_1_278' title='bbox 394 2158 489 2190; x_wconf 87' lang='lat' dir='ltr'><strong>Verr.</strong></span> <span class='ocrx_word' id='word_1_279' title='bbox 519 2159 566 2190; x_wconf 91' lang='lat' dir='ltr'><strong>iii.</strong></span> <span class='ocrx_word' id='word_1_280' title='bbox 594 2161 646 2192; x_wconf 81' lang='lat'><strong>57.</strong></span> <span class='ocrx_word' id='word_1_281' title='bbox 678 2167 756 2188; x_wconf 91' lang='lat' dir='ltr'><strong>cum</strong></span> <span class='ocrx_word' id='word_1_282' title='bbox 786 2157 857 2187; x_wconf 90' lang='lat' dir='ltr'><strong>ani-</strong></span> 
     </span>
     <span class='ocr_line' id='line_1_49' title="bbox 122 2201 861 2242; baseline -0.003 -10"><span class='ocrx_word' id='word_1_283' title='bbox 122 2212 217 2232; x_wconf 89' lang='lat' dir='ltr'><strong>mum</strong></span> <span class='ocrx_word' id='word_1_284' title='bbox 241 2202 281 2232; x_wconf 88' lang='lat' dir='ltr'><strong>ad</strong></span> <span class='ocrx_word' id='word_1_285' title='bbox 304 2202 573 2242; x_wconf 77' lang='lat' dir='ltr'><strong>persequendum</strong></span> <span class='ocrx_word' id='word_1_286' title='bbox 597 2211 664 2231; x_wconf 89' lang='lat' dir='ltr'><strong>non</strong></span> <span class='ocrx_word' id='word_1_287' title='bbox 688 2201 861 2240; x_wconf 82' lang='lat' dir='ltr'><strong>negligen-</strong></span> 
     </span>
     <span class='ocr_line' id='line_1_50' title="bbox 121 2244 860 2283; baseline -0.001 -8"><span class='ocrx_word' id='word_1_288' title='bbox 121 2247 171 2276; x_wconf 79' lang='lat' dir='ltr'><strong>tia</strong></span> <span class='ocrx_word' id='word_1_289' title='bbox 186 2245 346 2283; x_wconf 81' lang='lat' dir='ltr'><strong>tardaret,</strong></span> <span class='ocrx_word' id='word_1_290' title='bbox 364 2245 422 2276; x_wconf 77' lang='lat' dir='ltr'><strong>sed</strong></span> <span class='ocrx_word' id='word_1_291' title='bbox 441 2246 647 2276; x_wconf 82' lang='lat' dir='ltr'><strong>cOnscientia</strong></span> <span class='ocrx_word' id='word_1_292' title='bbox 661 2244 794 2275; x_wconf 82' lang='lat' dir='ltr'><strong>sceleris</strong></span> <span class='ocrx_word' id='word_1_293' title='bbox 809 2254 860 2275; x_wconf 85' lang='lat' dir='ltr'><strong>re-</strong></span> 
     </span>
     <span class='ocr_line' id='line_1_51' title="bbox 111 2286 862 2331; baseline 0.001 -13"><span class='ocrx_word' id='word_1_294' title='bbox 111 2289 278 2331; x_wconf 67' lang='lat' dir='ltr'><strong>frenaret.</strong></span> <span class='ocrx_word' id='word_1_295' title='bbox 308 2289 393 2320; x_wconf 83' lang='lat' dir='ltr'><strong>Phil.</strong></span> <span class='ocrx_word' id='word_1_296' title='bbox 418 2292 461 2320; x_wconf 86' lang='lat' dir='ltr'><strong>xi.</strong></span> <span class='ocrx_word' id='word_1_297' title='bbox 483 2293 514 2322; x_wconf 74' lang='lat'><strong>2.</strong></span> <span class='ocrx_word' id='word_1_298' title='bbox 546 2300 565 2320; x_wconf 92' lang='lat' dir='ltr'><strong>a</strong></span> <span class='ocrx_word' id='word_1_299' title='bbox 589 2289 697 2323; x_wconf 78' lang='lat' dir='ltr'><strong>reditu</strong></span> <span class='ocrx_word' id='word_1_300' title='bbox 714 2286 862 2330; x_wconf 60' lang='lat' dir='ltr'><strong>refrena-</strong></span> 
     </span>
     <span class='ocr_line' id='line_1_52' title="bbox 123 2332 396 2363; baseline 0 0"><span class='ocrx_word' id='word_1_301' title='bbox 123 2334 182 2363; x_wconf 74' lang='lat' dir='ltr'><strong>vit.</strong></span> <span class='ocrx_word' id='word_1_302' title='bbox 200 2333 220 2362; x_wconf 90' lang='lat' dir='ltr'><strong>i.</strong></span> <span class='ocrx_word' id='word_1_303' title='bbox 237 2332 396 2363; x_wconf 79' lang='lat' dir='ltr'><strong>cohibuit.</strong></span> 
     </span>
    </p>

    <p class='ocr_par' dir='ltr' id='par_1_9' title="bbox 124 2376 864 2585">
     <span class='ocr_line' id='line_1_53' title="bbox 170 2376 862 2415; baseline 0 -9"><span class='ocrx_word' id='word_1_304' title='bbox 170 2376 355 2415; x_wconf 68' lang='lat' dir='ltr'><strong>Resricare,</strong></span> <span class='ocrx_word' id='word_1_305' title='bbox 381 2385 548 2406; x_wconf 83' lang='lat' dir='ltr'><strong>renovare.</strong></span> <span class='ocrx_word' id='word_1_306' title='bbox 587 2376 629 2406; x_wconf 83' lang='lat' dir='ltr'><strong>ad</strong></span> <span class='ocrx_word' id='word_1_307' title='bbox 656 2376 731 2406; x_wconf 89' lang='lat' dir='ltr'><strong>Div.</strong></span> <span class='ocrx_word' id='word_1_308' title='bbox 755 2386 786 2406; x_wconf 93' lang='lat' dir='ltr'><strong>v.</strong></span> <span class='ocrx_word' id='word_1_309' title='bbox 813 2379 862 2410; x_wconf 97' lang='lat'><strong>17.</strong></span> 
     </span>
     <span class='ocr_line' id='line_1_54' title="bbox 124 2418 864 2459; baseline -0.003 -9"><span class='ocrx_word' id='word_1_310' title='bbox 124 2418 285 2459; x_wconf 70' lang='lat' dir='ltr'><strong>refricare</strong></span> <span class='ocrx_word' id='word_1_311' title='bbox 301 2420 513 2450; x_wconf 83' lang='lat' dir='ltr'><strong>desiderium.</strong></span> <span class='ocrx_word' id='word_1_312' title='bbox 540 2420 603 2450; x_wconf 87' lang='lat' dir='ltr'><strong>Pis.</strong></span> <span class='ocrx_word' id='word_1_313' title='bbox 617 2422 668 2450; x_wconf 83' lang='grc'><strong>33.</strong></span> <span class='ocrx_word' id='word_1_314' title='bbox 692 2420 864 2459; x_wconf 61' lang='lat' dir='ltr'><strong>praeterita</strong></span> 
     </span>
     <span class='ocr_line' id='line_1_55' title="bbox 124 2463 860 2504; baseline 0 -11"><span class='ocrx_word' id='word_1_315' title='bbox 124 2463 196 2493; x_wconf 79' lang='lat' dir='ltr'><strong>fata</strong></span> <span class='ocrx_word' id='word_1_316' title='bbox 218 2463 359 2503; x_wconf 85' lang='lat' dir='ltr'><strong>reipubl.</strong></span> <span class='ocrx_word' id='word_1_317' title='bbox 383 2463 562 2504; x_wconf 70' lang='lat' dir='ltr'><strong>refiicabis.</strong></span> <span class='ocrx_word' id='word_1_318' title='bbox 591 2463 633 2493; x_wconf 76' lang='lat' dir='ltr'><strong>ad</strong></span> <span class='ocrx_word' id='word_1_319' title='bbox 655 2463 726 2493; x_wconf 78' lang='lat' dir='ltr'><strong>Att.</strong></span> <span class='ocrx_word' id='word_1_320' title='bbox 750 2473 782 2494; x_wconf 85' lang='lat' dir='ltr'><strong>x.</strong></span> <span class='ocrx_word' id='word_1_321' title='bbox 811 2466 860 2497; x_wconf 81' lang='lat'><strong>17.</strong></span> 
     </span>
     <span class='ocr_line' id='line_1_56' title="bbox 125 2506 862 2547; baseline 0 -11"><span class='ocrx_word' id='word_1_322' title='bbox 125 2507 240 2536; x_wconf 83' lang='lat' dir='ltr'><strong>crebro</strong></span> <span class='ocrx_word' id='word_1_323' title='bbox 254 2506 388 2546; x_wconf 62' lang='lat' dir='ltr'><strong>resideat</strong></span> <span class='ocrx_word' id='word_1_324' title='bbox 412 2507 588 2547; x_wconf 74' lang='lat' dir='ltr'><strong>lippitudo.</strong></span> <span class='ocrx_word' id='word_1_325' title='bbox 622 2507 684 2536; x_wconf 90' lang='lat' dir='ltr'><strong>int.</strong></span> <span class='ocrx_word' id='word_1_326' title='bbox 700 2516 746 2536; x_wconf 88' lang='lat' dir='ltr'><strong>se.</strong></span> <span class='ocrx_word' id='word_1_327' title='bbox 777 2506 862 2538; x_wconf 84' lang='lat' dir='ltr'><strong>Sull.</strong></span> 
     </span>
     <span class='ocr_line' id='line_1_57' title="bbox 126 2550 672 2590; baseline -0.002 -9"><span class='ocrx_word' id='word_1_328' title='bbox 126 2553 157 2581; x_wconf 81' lang='lat'><strong>5.</strong></span> <span class='ocrx_word' id='word_1_329' title='bbox 180 2550 331 2580; x_wconf 81' lang='lat' dir='ltr'><strong>animum</strong></span> <span class='ocrx_word' id='word_1_330' title='bbox 348 2550 486 2590; x_wconf 67' lang='grc' dir='ltr'><strong>901910οΐ</strong></span> <span class='ocrx_word' id='word_1_331' title='bbox 500 2551 672 2580; x_wconf 86' lang='lat' dir='ltr'><strong>memoria.</strong></span> 
     </span>
    </p>

    <p class='ocr_par' dir='ltr' id='par_1_10' title="bbox 126 2593 863 2754">
     <span class='ocr_line' id='line_1_58' title="bbox 171 2593 861 2633; baseline -0.001 -9"><span class='ocrx_word' id='word_1_332' title='bbox 171 2593 415 2633; x_wconf 71' lang='lat' dir='ltr'><strong>Resit&#39;gemtus,</strong></span> <span class='ocrx_word' id='word_1_333' title='bbox 440 2595 606 2624; x_wconf 83' lang='lat' dir='ltr'><strong>remissus.</strong></span> <span class='ocrx_word' id='word_1_334' title='bbox 638 2595 713 2625; x_wconf 66' lang='lat' dir='ltr'><strong>Act.</strong></span> <span class='ocrx_word' id='word_1_335' title='bbox 730 2594 751 2624; x_wconf 92' lang='lat' dir='ltr'><strong>i.</strong></span> <span class='ocrx_word' id='word_1_336' title='bbox 767 2593 861 2625; x_wconf 87' lang='lat' dir='ltr'><strong>Verr.</strong></span> 
     </span>
     <span class='ocr_line' id='line_1_59' title="bbox 130 2637 863 2677; baseline 0.001 -11"><span class='ocrx_word' id='word_1_337' title='bbox 130 2640 178 2668; x_wconf 88' lang='lat'><strong>10.</strong></span> <span class='ocrx_word' id='word_1_338' title='bbox 209 2637 353 2667; x_wconf 74' lang='lat' dir='ltr'><strong>defessa</strong></span> <span class='ocrx_word' id='word_1_339' title='bbox 389 2643 423 2667; x_wconf 87' lang='lat' dir='ltr'><strong>et</strong></span> <span class='ocrx_word' id='word_1_340' title='bbox 451 2637 654 2677; x_wconf 60' lang='lat' dir='ltr'><strong>refrigerata</strong></span> <span class='ocrx_word' id='word_1_341' title='bbox 684 2638 863 2668; x_wconf 80' lang='lat' dir='ltr'><strong>accusatio.</strong></span> 
     </span>
     <span class='ocr_line' id='line_1_60' title="bbox 126 2681 863 2720; baseline 0.003 -10"><span class='ocrx_word' id='word_1_342' title='bbox 126 2681 169 2710; x_wconf 80' lang='lat' dir='ltr'><strong>ad</strong></span> <span class='ocrx_word' id='word_1_343' title='bbox 185 2681 260 2711; x_wconf 86' lang='lat' dir='ltr'><strong>Div.</strong></span> <span class='ocrx_word' id='word_1_344' title='bbox 277 2681 323 2710; x_wconf 90' lang='lat' dir='ltr'><strong>iii.</strong></span> <span class='ocrx_word' id='word_1_345' title='bbox 341 2684 371 2711; x_wconf 79' lang='lat'><strong>8.</strong></span> <span class='ocrx_word' id='word_1_346' title='bbox 403 2681 599 2720; x_wconf 51' lang='lat' dir='ltr'><strong>refrigerato</strong></span> <span class='ocrx_word' id='word_1_347' title='bbox 615 2681 780 2711; x_wconf 79' lang='lat' dir='ltr'><strong>levissimo</strong></span> <span class='ocrx_word' id='word_1_348' title='bbox 795 2691 863 2712; x_wconf 81' lang='lat' dir='ltr'><strong>ser-</strong></span> 
     </span>
     <span class='ocr_line' id='line_1_61' title="bbox 126 2724 432 2754; baseline 0 -1"><span class='ocrx_word' id='word_1_349' title='bbox 126 2733 225 2754; x_wconf 85' lang='lat' dir='ltr'><strong>mone</strong></span> <span class='ocrx_word' id='word_1_350' title='bbox 242 2724 432 2754; x_wconf 87' lang='lat' dir='ltr'><strong>hominum.</strong></span> 
     </span>
    </p>

    <p class='ocr_par' dir='ltr' id='par_1_11' title="bbox 119 2766 863 2896">
     <span class='ocr_line' id='line_1_62' title="bbox 169 2766 863 2807; baseline 0 -9"><span class='ocrx_word' id='word_1_351' title='bbox 169 2766 404 2807; x_wconf 63' lang='lat' dir='ltr'><strong>Refrigescerc,</strong></span> <span class='ocrx_word' id='word_1_352' title='bbox 422 2777 489 2797; x_wconf 87' lang='lat' dir='ltr'><strong>non</strong></span> <span class='ocrx_word' id='word_1_353' title='bbox 513 2767 656 2807; x_wconf 83' lang='lat' dir='ltr'><strong>amplius</strong></span> <span class='ocrx_word' id='word_1_354' title='bbox 680 2769 746 2807; x_wconf 81' lang='lat' dir='ltr'><strong>agi,</strong></span> <span class='ocrx_word' id='word_1_355' title='bbox 763 2769 863 2804; x_wconf 74' lang='lat' dir='ltr'><strong>omit-</strong></span> 
     </span>
     <span class='ocr_line' id='line_1_63' title="bbox 121 2810 861 2852; baseline 0.001 -11"><span class='ocrx_word' id='word_1_356' title='bbox 121 2812 161 2841; x_wconf 80' lang='lat' dir='ltr'><strong>ti.</strong></span> <span class='ocrx_word' id='word_1_357' title='bbox 186 2811 228 2851; x_wconf 74' lang='grc' dir='ltr'><strong>Ω.</strong></span> <span class='ocrx_word' id='word_1_358' title='bbox 245 2811 296 2842; x_wconf 75' lang='lat' dir='ltr'><strong>Fr.</strong></span> <span class='ocrx_word' id='word_1_359' title='bbox 316 2811 348 2841; x_wconf 91' lang='lat' dir='ltr'><strong>ii.</strong></span> <span class='ocrx_word' id='word_1_360' title='bbox 367 2812 398 2841; x_wconf 86' lang='lat'><strong>6.</strong></span> <span class='ocrx_word' id='word_1_361' title='bbox 427 2810 514 2850; x_wconf 86' lang='lat' dir='ltr'><strong>quod</strong></span> <span class='ocrx_word' id='word_1_362' title='bbox 530 2811 569 2840; x_wconf 78' lang='lat' dir='ltr'><strong>de</strong></span> <span class='ocrx_word' id='word_1_363' title='bbox 588 2811 744 2852; x_wconf 85' lang='lat' dir='ltr'><strong>Pompeio</strong></span> <span class='ocrx_word' id='word_1_364' title='bbox 762 2812 861 2845; x_wconf 84' lang='lat' dir='ltr'><strong>Cani-</strong></span> 
     </span>
     <span class='ocr_line' id='line_1_64' title="bbox 119 2854 860 2896; baseline 0.001 -10"><span class='ocrx_word' id='word_1_365' title='bbox 119 2855 198 2887; x_wconf 74' lang='lat' dir='ltr'><strong>nius</strong></span> <span class='ocrx_word' id='word_1_366' title='bbox 215 2855 299 2896; x_wconf 83' lang='lat' dir='ltr'><strong>agit,</strong></span> <span class='ocrx_word' id='word_1_367' title='bbox 313 2864 393 2886; x_wconf 84' lang='lat' dir='ltr'><strong>sane</strong></span> <span class='ocrx_word' id='word_1_368' title='bbox 416 2864 515 2894; x_wconf 84' lang='lat' dir='ltr'><strong>quam</strong></span> <span class='ocrx_word' id='word_1_369' title='bbox 541 2854 686 2894; x_wconf 66' lang='lat' dir='ltr'><strong>refrixit.</strong></span> <span class='ocrx_word' id='word_1_370' title='bbox 718 2855 760 2886; x_wconf 88' lang='lat' dir='ltr'><strong>ad</strong></span> <span class='ocrx_word' id='word_1_371' title='bbox 782 2856 860 2891; x_wconf 80' lang='lat' dir='ltr'><strong>Div.</strong></span> 
     </span>
    </p>
   </div>
   <div class='ocr_carea' id='block_1_3' title="bbox 607 63 1080 94">
    <p class='ocr_par' dir='ltr' id='par_1_12' title="bbox 607 63 1080 94">
     <span class='ocr_line' id='line_1_65' title="bbox 607 63 1080 94; baseline 0 -1"><span class='ocrx_word' id='word_1_372' title='bbox 607 64 754 94; x_wconf 83' lang='lat' dir='ltr'>INDEX</span> <span class='ocrx_word' id='word_1_373' title='bbox 783 63 1080 93; x_wconf 73' lang='lat' dir='ltr'><strong>LATINITATIS.</strong></span> 
     </span>
    </p>
   </div>
   <div class='ocr_carea' id='block_1_4' title="bbox 883 148 1642 2898">
    <p class='ocr_par' dir='ltr' id='par_1_13' title="bbox 883 148 1624 583">
     <span class='ocr_line' id='line_1_66' title="bbox 884 148 1617 190; baseline -0.003 -7"><span class='ocrx_word' id='word_1_374' title='bbox 884 163 936 183; x_wconf 88' lang='lat' dir='ltr'><strong>xv.</strong></span> <span class='ocrx_word' id='word_1_375' title='bbox 965 156 1013 186; x_wconf 88' lang='lat'><strong>17.</strong></span> <span class='ocrx_word' id='word_1_376' title='bbox 1046 153 1219 182; x_wconf 83' lang='lat' dir='ltr'><strong>verentem</strong></span> <span class='ocrx_word' id='word_1_377' title='bbox 1246 158 1287 179; x_wconf 89' lang='lat' dir='ltr'><strong>ne</strong></span> <span class='ocrx_word' id='word_1_378' title='bbox 1312 149 1407 180; x_wconf 82' lang='lat' dir='ltr'><strong>hasta</strong></span> <span class='ocrx_word' id='word_1_379' title='bbox 1427 148 1617 190; x_wconf 62' lang='lat' dir='ltr'><strong>refrixisset.</strong></span> 
     </span>
     <span class='ocr_line' id='line_1_67' title="bbox 883 193 1617 235; baseline -0.004 -8"><span class='ocrx_word' id='word_1_380' title='bbox 883 197 902 215; x_wconf 61' lang='lat'><strong>⁴*</strong></span> <span class='ocrx_word' id='word_1_381' title='bbox 916 196 1029 227; x_wconf 84' lang='lat' dir='ltr'><strong>Plane.</strong></span> <span class='ocrx_word' id='word_1_382' title='bbox 1043 198 1095 227; x_wconf 75' lang='lat'><strong>23.</strong></span> <span class='ocrx_word' id='word_1_383' title='bbox 1124 193 1255 235; x_wconf 65' lang='lat' dir='ltr'><strong>refrixit</strong></span> <span class='ocrx_word' id='word_1_384' title='bbox 1278 194 1421 224; x_wconf 88' lang='lat' dir='ltr'><strong>crimen:</strong></span> <span class='ocrx_word' id='word_1_385' title='bbox 1447 193 1479 224; x_wconf 91' lang='grc'><strong>11.</strong></span> <span class='ocrx_word' id='word_1_386' title='bbox 1497 203 1526 224; x_wconf 87' lang='grc'><strong>0.</strong></span> <span class='ocrx_word' id='word_1_387' title='bbox 1551 203 1617 224; x_wconf 86' lang='lat' dir='ltr'><strong>non</strong></span> 
     </span>
     <span class='ocr_line' id='line_1_68' title="bbox 883 239 1618 278; baseline -0.003 -8"><span class='ocrx_word' id='word_1_388' title='bbox 883 240 943 278; x_wconf 89' lang='lat' dir='ltr'><strong>ita,</strong></span> <span class='ocrx_word' id='word_1_389' title='bbox 956 246 996 270; x_wconf 87' lang='lat' dir='ltr'><strong>ut</strong></span> <span class='ocrx_word' id='word_1_390' title='bbox 1012 245 1103 277; x_wconf 89' lang='lat' dir='ltr'><strong>ante,</strong></span> <span class='ocrx_word' id='word_1_391' title='bbox 1112 239 1274 277; x_wconf 76' lang='lat' dir='ltr'><strong>iactatur,</strong></span> <span class='ocrx_word' id='word_1_392' title='bbox 1290 243 1446 276; x_wconf 84' lang='lat' dir='ltr'><strong>augetur,</strong></span> <span class='ocrx_word' id='word_1_393' title='bbox 1457 246 1618 276; x_wconf 87' lang='lat' dir='ltr'><strong>magnum</strong></span> 
     </span>
     <span class='ocr_line' id='line_1_69' title="bbox 886 280 1621 333; baseline -0.007 -19"><span class='ocrx_word' id='word_1_394' title='bbox 886 282 1245 333; x_wconf 76' lang='lat' dir='ltr'><strong>putatur,opponitur:</strong></span> <span class='ocrx_word' id='word_1_395' title='bbox 1270 280 1388 310; x_wconf 82' lang='lat' dir='ltr'><strong>calere.</strong></span> <span class='ocrx_word' id='word_1_396' title='bbox 1410 280 1621 312; x_wconf 63' lang='grc' dir='ltr'><strong>*00111001οᾐ</strong></span> 
     </span>
     <span class='ocr_line' id='line_1_70' title="bbox 887 322 1621 362; baseline -0.007 -5"><span class='ocrx_word' id='word_1_397' title='bbox 887 328 963 357; x_wconf 89' lang='lat' dir='ltr'><strong>Div.</strong></span> <span class='ocrx_word' id='word_1_398' title='bbox 979 328 1013 357; x_wconf 91' lang='lat' dir='ltr'><strong>ii.</strong></span> <span class='ocrx_word' id='word_1_399' title='bbox 1028 330 1081 357; x_wconf 77' lang='lat'><strong>41.</strong></span> <span class='ocrx_word' id='word_1_400' title='bbox 1111 326 1229 356; x_wconf 84' lang='lat' dir='ltr'><strong>ceteris</strong></span> <span class='ocrx_word' id='word_1_401' title='bbox 1254 325 1287 354; x_wconf 88' lang='grc'><strong>111</strong></span> <span class='ocrx_word' id='word_1_402' title='bbox 1307 323 1387 354; x_wconf 84' lang='grc'><strong>10015</strong></span> <span class='ocrx_word' id='word_1_403' title='bbox 1402 329 1506 353; x_wconf 86' lang='lat' dir='ltr'><strong>sortes</strong></span> <span class='ocrx_word' id='word_1_404' title='bbox 1522 322 1621 362; x_wconf 68' lang='lat' dir='ltr'><strong>resi-i-</strong></span> 
     </span>
     <span class='ocr_line' id='line_1_71' title="bbox 885 368 1621 404; baseline -0.007 -3"><span class='ocrx_word' id='word_1_405' title='bbox 885 376 1016 401; x_wconf 75' lang='grc' dir='ltr'><strong>.ι·“09ιιηε.</strong></span> <span class='ocrx_word' id='word_1_406' title='bbox 1058 369 1129 399; x_wconf 63' lang='lat' dir='ltr'><strong>²&#39;‘‹le</strong></span> <span class='ocrx_word' id='word_1_407' title='bbox 1160 368 1344 398; x_wconf 83' lang='lat' dir='ltr'><strong>candidatis</strong></span> <span class='ocrx_word' id='word_1_408' title='bbox 1376 368 1511 404; x_wconf 85' lang='lat' dir='ltr'><strong>dicitur,</strong></span> <span class='ocrx_word' id='word_1_409' title='bbox 1542 375 1621 397; x_wconf 86' lang='lat' dir='ltr'><strong>eum</strong></span> 
     </span>
     <span class='ocr_line' id='line_1_72' title="bbox 887 409 1623 462; baseline -0.005 -19"><span class='ocrx_word' id='word_1_410' title='bbox 887 424 978 462; x_wconf 78' lang='lat' dir='ltr'><strong>spem</strong></span> <span class='ocrx_word' id='word_1_411' title='bbox 997 413 1149 453; x_wconf 82' lang='lat' dir='ltr'><strong>potiundi</strong></span> <span class='ocrx_word' id='word_1_412' title='bbox 1166 413 1300 442; x_wconf 87' lang='lat' dir='ltr'><strong>honoris</strong></span> <span class='ocrx_word' id='word_1_413' title='bbox 1316 412 1489 441; x_wconf 83' lang='lat' dir='ltr'><strong>amittunt.</strong></span> <span class='ocrx_word' id='word_1_414' title='bbox 1519 409 1623 440; x_wconf 78' lang='lat' dir='ltr'><strong>Attio.</strong></span> 
     </span>
     <span class='ocr_line' id='line_1_73' title="bbox 886 453 1624 492; baseline -0.005 -5"><span class='ocrx_word' id='word_1_415' title='bbox 886 458 929 487; x_wconf 90' lang='lat' dir='ltr'><strong>iv.</strong></span> <span class='ocrx_word' id='word_1_416' title='bbox 949 460 999 488; x_wconf 76' lang='lat'><strong>18.</strong></span> <span class='ocrx_word' id='word_1_417' title='bbox 1039 457 1220 487; x_wconf 88' lang='lat' dir='ltr'><strong>Memmius</strong></span> <span class='ocrx_word' id='word_1_418' title='bbox 1244 462 1370 492; x_wconf 83' lang='lat' dir='ltr'><strong>antem,</strong></span> <span class='ocrx_word' id='word_1_419' title='bbox 1391 454 1534 484; x_wconf 88' lang='lat' dir='ltr'><strong>diremta</strong></span> <span class='ocrx_word' id='word_1_420' title='bbox 1556 453 1624 484; x_wconf 85' lang='lat' dir='ltr'><strong>coi.-</strong></span> 
     </span>
     <span class='ocr_line' id='line_1_74' title="bbox 887 496 1624 539; baseline -0.005 -8"><span class='ocrx_word' id='word_1_421' title='bbox 887 501 993 537; x_wconf 78' lang='lat' dir='ltr'><strong>tione,</strong></span> <span class='ocrx_word' id='word_1_422' title='bbox 1009 500 1114 530; x_wconf 84' lang='lat' dir='ltr'><strong>invito</strong></span> <span class='ocrx_word' id='word_1_423' title='bbox 1139 499 1277 530; x_wconf 85' lang='lat' dir='ltr'><strong>Calvino</strong></span> <span class='ocrx_word' id='word_1_424' title='bbox 1296 498 1485 539; x_wconf 60' lang='lat' dir='ltr'><strong>refrixerat.</strong></span> <span class='ocrx_word' id='word_1_425' title='bbox 1513 497 1555 538; x_wconf 77' lang='grc' dir='ltr'><strong>Ω.</strong></span> <span class='ocrx_word' id='word_1_426' title='bbox 1571 496 1624 531; x_wconf 83' lang='lat' dir='ltr'><strong>Fr.</strong></span> 
     </span>
     <span class='ocr_line' id='line_1_75' title="bbox 885 541 1305 583; baseline 0 -10"><span class='ocrx_word' id='word_1_427' title='bbox 885 544 932 573; x_wconf 91' lang='lat' dir='ltr'><strong>iii.</strong></span> <span class='ocrx_word' id='word_1_428' title='bbox 948 546 978 574; x_wconf 70' lang='lat'><strong>2.</strong></span> <span class='ocrx_word' id='word_1_429' title='bbox 1003 545 1146 573; x_wconf 79' lang='lat' dir='ltr'><strong>Scaurus</strong></span> <span class='ocrx_word' id='word_1_430' title='bbox 1162 541 1305 583; x_wconf 63' lang='lat' dir='ltr'><strong>refrixit.</strong></span> 
     </span>
    </p>

    <p class='ocr_par' dir='ltr' id='par_1_14' title="bbox 889 585 1627 714">
     <span class='ocr_line' id='line_1_76' title="bbox 934 585 1626 627; baseline -0.006 -10"><span class='ocrx_word' id='word_1_431' title='bbox 934 585 1111 627; x_wconf 70' lang='lat' dir='ltr'><strong>Refugere.</strong></span> <span class='ocrx_word' id='word_1_432' title='bbox 1134 587 1191 617; x_wconf 93' lang='lat' dir='ltr'><strong>Or.</strong></span> <span class='ocrx_word' id='word_1_433' title='bbox 1205 587 1225 616; x_wconf 91' lang='lat' dir='ltr'><strong>i.</strong></span> <span class='ocrx_word' id='word_1_434' title='bbox 1242 589 1296 618; x_wconf 73' lang='lat'><strong>253.</strong></span> <span class='ocrx_word' id='word_1_435' title='bbox 1319 596 1372 615; x_wconf 88' lang='lat' dir='ltr'><strong>me</strong></span> <span class='ocrx_word' id='word_1_436' title='bbox 1388 594 1519 625; x_wconf 83' lang='lat' dir='ltr'><strong>semper</strong></span> <span class='ocrx_word' id='word_1_437' title='bbox 1535 594 1555 614; x_wconf 88' lang='lat' dir='ltr'><strong>a</strong></span> <span class='ocrx_word' id='word_1_438' title='bbox 1569 593 1626 623; x_wconf 84' lang='lat' dir='ltr'><strong>ge-</strong></span> 
     </span>
     <span class='ocr_line' id='line_1_77' title="bbox 889 627 1627 670; baseline -0.001 -9"><span class='ocrx_word' id='word_1_439' title='bbox 889 640 968 661; x_wconf 86' lang='lat' dir='ltr'><strong>nere</strong></span> <span class='ocrx_word' id='word_1_440' title='bbox 994 631 1055 664; x_wconf 84' lang='lat' dir='ltr'><strong>hoc</strong></span> <span class='ocrx_word' id='word_1_441' title='bbox 1079 631 1239 660; x_wconf 82' lang='lat' dir='ltr'><strong>sermonis</strong></span> <span class='ocrx_word' id='word_1_442' title='bbox 1260 629 1430 670; x_wconf 57' lang='lat' dir='ltr'><strong>refugisse.</strong></span> <span class='ocrx_word' id='word_1_443' title='bbox 1459 629 1561 659; x_wconf 84' lang='lat' dir='ltr'><strong>&#39;l&#39;usc.</strong></span> <span class='ocrx_word' id='word_1_444' title='bbox 1578 627 1627 660; x_wconf 81' lang='lat' dir='ltr'><strong>iii.</strong></span> 
     </span>
     <span class='ocr_line' id='line_1_78' title="bbox 889 672 1211 714; baseline -0.006 -9"><span class='ocrx_word' id='word_1_445' title='bbox 889 676 919 705; x_wconf 74' lang='lat'><strong>2.</strong></span> <span class='ocrx_word' id='word_1_446' title='bbox 943 672 1098 714; x_wconf 52' lang='lat' dir='ltr'><strong>refugere</strong></span> <span class='ocrx_word' id='word_1_447' title='bbox 1111 673 1211 704; x_wconf 87' lang='lat' dir='ltr'><strong>oculi.</strong></span> 
     </span>
    </p>

    <p class='ocr_par' dir='ltr' id='par_1_15' title="bbox 889 716 1631 1106">
     <span class='ocr_line' id='line_1_79' title="bbox 935 716 1626 757; baseline -0.006 -8"><span class='ocrx_word' id='word_1_448' title='bbox 935 717 1108 757; x_wconf 67' lang='lat' dir='ltr'><strong>Refutare,</strong></span> <span class='ocrx_word' id='word_1_449' title='bbox 1125 717 1318 757; x_wconf 85' lang='lat' dir='ltr'><strong>reprimere,</strong></span> <span class='ocrx_word' id='word_1_450' title='bbox 1337 719 1500 746; x_wconf 68' lang='lat' dir='ltr'><strong>coercere.</strong></span> <span class='ocrx_word' id='word_1_451' title='bbox 1531 716 1626 746; x_wconf 89' lang='lat' dir='ltr'><strong>Prov.</strong></span> 
     </span>
     <span class='ocr_line' id='line_1_80' title="bbox 892 759 1625 802; baseline -0.003 -10"><span class='ocrx_word' id='word_1_452' title='bbox 892 761 990 791; x_wconf 86' lang='lat' dir='ltr'><strong>Cons.</strong></span> <span class='ocrx_word' id='word_1_453' title='bbox 1012 765 1058 792; x_wconf 87' lang='lat'><strong>13.</strong></span> <span class='ocrx_word' id='word_1_454' title='bbox 1084 761 1232 802; x_wconf 67' lang='lat' dir='ltr'><strong>refutare</strong></span> <span class='ocrx_word' id='word_1_455' title='bbox 1248 760 1333 790; x_wconf 88' lang='lat' dir='ltr'><strong>bello</strong></span> <span class='ocrx_word' id='word_1_456' title='bbox 1350 760 1513 795; x_wconf 81' lang='lat' dir='ltr'><strong>nationes.</strong></span> <span class='ocrx_word' id='word_1_457' title='bbox 1541 759 1625 790; x_wconf 85' lang='lat' dir='ltr'><strong>Har.</strong></span> 
     </span>
     <span class='ocr_line' id='line_1_81' title="bbox 892 802 1625 845; baseline -0.001 -10"><span class='ocrx_word' id='word_1_458' title='bbox 892 805 931 835; x_wconf 82' lang='lat' dir='ltr'><strong>R.</strong></span> <span class='ocrx_word' id='word_1_459' title='bbox 958 808 990 836; x_wconf 87' lang='grc'><strong>4.</strong></span> <span class='ocrx_word' id='word_1_460' title='bbox 1028 804 1177 845; x_wconf 75' lang='lat' dir='ltr'><strong>refutare</strong></span> <span class='ocrx_word' id='word_1_461' title='bbox 1204 810 1364 835; x_wconf 85' lang='lat' dir='ltr'><strong>conatum</strong></span> <span class='ocrx_word' id='word_1_462' title='bbox 1392 802 1543 841; x_wconf 80' lang='lat' dir='ltr'><strong>alicujus.</strong></span> <span class='ocrx_word' id='word_1_463' title='bbox 1582 802 1625 834; x_wconf 80' lang='lat' dir='ltr'><strong>ad</strong></span> 
     </span>
     <span class='ocr_line' id='line_1_82' title="bbox 890 846 1629 889; baseline -0.005 -10"><span class='ocrx_word' id='word_1_464' title='bbox 890 849 967 879; x_wconf 74' lang='lat' dir='ltr'><strong>Div.</strong></span> <span class='ocrx_word' id='word_1_465' title='bbox 984 849 1005 878; x_wconf 94' lang='lat' dir='ltr'><strong>i.</strong></span> <span class='ocrx_word' id='word_1_466' title='bbox 1023 853 1053 883; x_wconf 89' lang='grc'><strong>9.</strong></span> <span class='ocrx_word' id='word_1_467' title='bbox 1076 847 1224 889; x_wconf 53' lang='lat' dir='ltr'><strong>refutare</strong></span> <span class='ocrx_word' id='word_1_468' title='bbox 1240 848 1380 886; x_wconf 81' lang='lat' dir='ltr'><strong>alicujus</strong></span> <span class='ocrx_word' id='word_1_469' title='bbox 1396 846 1629 887; x_wconf 85' lang='lat' dir='ltr'><strong>cupiditatem.</strong></span> 
     </span>
     <span class='ocr_line' id='line_1_83' title="bbox 889 889 1631 932; baseline -0.005 -9"><span class='ocrx_word' id='word_1_470' title='bbox 889 891 990 923; x_wconf 85' lang='lat' dir='ltr'><strong>Tusc.</strong></span> <span class='ocrx_word' id='word_1_471' title='bbox 1006 893 1039 923; x_wconf 91' lang='lat' dir='ltr'><strong>ii.</strong></span> <span class='ocrx_word' id='word_1_472' title='bbox 1054 894 1106 924; x_wconf 66' lang='lat'><strong>23.</strong></span> <span class='ocrx_word' id='word_1_473' title='bbox 1138 892 1291 932; x_wconf 88' lang='lat' dir='ltr'><strong>inprimis</strong></span> <span class='ocrx_word' id='word_1_474' title='bbox 1313 889 1480 931; x_wconf 66' lang='lat' dir='ltr'><strong>refutetur</strong></span> <span class='ocrx_word' id='word_1_475' title='bbox 1499 899 1537 920; x_wconf 88' lang='lat' dir='ltr'><strong>ac</strong></span> <span class='ocrx_word' id='word_1_476' title='bbox 1554 889 1631 928; x_wconf 70' lang='lat' dir='ltr'><strong>reji2-</strong></span> 
     </span>
     <span class='ocr_line' id='line_1_84' title="bbox 892 933 1628 979; baseline -0.005 -13"><span class='ocrx_word' id='word_1_477' title='bbox 892 937 1000 979; x_wconf 33' lang='lat' dir='ltr'><strong>cliatur</strong></span> <span class='ocrx_word' id='word_1_478' title='bbox 1008 936 1132 966; x_wconf 88' lang='lat' dir='ltr'><strong>clamor</strong></span> <span class='ocrx_word' id='word_1_479' title='bbox 1142 935 1390 966; x_wconf 83' lang='lat' dir='ltr'><strong>Philoctetaeus.</strong></span> <span class='ocrx_word' id='word_1_480' title='bbox 1414 934 1524 965; x_wconf 89' lang='lat' dir='ltr'><strong>Rabir.</strong></span> <span class='ocrx_word' id='word_1_481' title='bbox 1538 933 1628 970; x_wconf 75' lang='lat' dir='ltr'><strong>Post.</strong></span> 
     </span>
     <span class='ocr_line' id='line_1_85' title="bbox 895 977 1631 1018; baseline -0.005 -8"><span class='ocrx_word' id='word_1_482' title='bbox 895 980 945 1010; x_wconf 91' lang='grc'><strong>16.</strong></span> <span class='ocrx_word' id='word_1_483' title='bbox 975 989 1074 1018; x_wconf 85' lang='lat' dir='ltr'><strong>quam</strong></span> <span class='ocrx_word' id='word_1_484' title='bbox 1095 980 1279 1010; x_wconf 82' lang='lat' dir='ltr'><strong>bonitatem</strong></span> <span class='ocrx_word' id='word_1_485' title='bbox 1298 988 1364 1008; x_wconf 89' lang='lat' dir='ltr'><strong>non</strong></span> <span class='ocrx_word' id='word_1_486' title='bbox 1381 977 1478 1008; x_wconf 91' lang='lat' dir='ltr'><strong>modo</strong></span> <span class='ocrx_word' id='word_1_487' title='bbox 1494 986 1560 1007; x_wconf 87' lang='lat' dir='ltr'><strong>non</strong></span> <span class='ocrx_word' id='word_1_488' title='bbox 1578 986 1631 1011; x_wconf 79' lang='lat' dir='ltr'><strong>as-</strong></span> 
     </span>
     <span class='ocr_line' id='line_1_86' title="bbox 890 1021 1631 1063; baseline -0.005 -9"><span class='ocrx_word' id='word_1_489' title='bbox 890 1024 1020 1063; x_wconf 81' lang='lat' dir='ltr'><strong>pernari</strong></span> <span class='ocrx_word' id='word_1_490' title='bbox 1046 1033 1084 1054; x_wconf 86' lang='lat' dir='ltr'><strong>ac</strong></span> <span class='ocrx_word' id='word_1_491' title='bbox 1107 1022 1266 1063; x_wconf 64' lang='lat' dir='ltr'><strong>reficiam,</strong></span> <span class='ocrx_word' id='word_1_492' title='bbox 1289 1022 1348 1056; x_wconf 84' lang='lat' dir='ltr'><strong>sed</strong></span> <span class='ocrx_word' id='word_1_493' title='bbox 1377 1021 1558 1062; x_wconf 83' lang='lat' dir='ltr'><strong>complecti</strong></span> <span class='ocrx_word' id='word_1_494' title='bbox 1581 1023 1631 1057; x_wconf 82' lang='lat' dir='ltr'><strong>et-</strong></span> 
     </span>
     <span class='ocr_line' id='line_1_87' title="bbox 892 1066 1305 1106; baseline -0.005 -9"><span class='ocrx_word' id='word_1_495' title='bbox 892 1067 959 1097; x_wconf 87' lang='lat' dir='ltr'><strong>iam</strong></span> <span class='ocrx_word' id='word_1_496' title='bbox 976 1071 1011 1097; x_wconf 89' lang='lat' dir='ltr'><strong>et</strong></span> <span class='ocrx_word' id='word_1_497' title='bbox 1027 1076 1149 1106; x_wconf 84' lang='lat' dir='ltr'><strong>augere</strong></span> <span class='ocrx_word' id='word_1_498' title='bbox 1166 1066 1305 1100; x_wconf 85' lang='lat' dir='ltr'><strong>debetis.</strong></span> 
     </span>
    </p>

    <p class='ocr_par' dir='ltr' id='par_1_16' title="bbox 892 1108 1634 1360">
     <span class='ocr_line' id='line_1_88' title="bbox 936 1108 1630 1149; baseline -0.004 -8"><span class='ocrx_word' id='word_1_499' title='bbox 936 1110 1077 1149; x_wconf 80' lang='lat' dir='ltr'><strong>Regere,</strong></span> <span class='ocrx_word' id='word_1_500' title='bbox 1100 1109 1363 1148; x_wconf 79' lang='lat' dir='ltr'><strong>accommodare.</strong></span> <span class='ocrx_word' id='word_1_501' title='bbox 1393 1108 1474 1139; x_wconf 88' lang='lat' dir='ltr'><strong>Coel.</strong></span> <span class='ocrx_word' id='word_1_502' title='bbox 1495 1109 1526 1140; x_wconf 89' lang='grc'><strong>6.</strong></span> <span class='ocrx_word' id='word_1_503' title='bbox 1557 1117 1630 1142; x_wconf 49' lang='lat' dir='ltr'><strong>verr</strong></span> 
     </span>
     <span class='ocr_line' id='line_1_89' title="bbox 892 1152 1630 1192; baseline -0.005 -7"><span class='ocrx_word' id='word_1_504' title='bbox 892 1164 965 1185; x_wconf 85' lang='lat' dir='ltr'><strong>sare</strong></span> <span class='ocrx_word' id='word_1_505' title='bbox 988 1164 1083 1185; x_wconf 88' lang='lat' dir='ltr'><strong>suam</strong></span> <span class='ocrx_word' id='word_1_506' title='bbox 1108 1157 1264 1185; x_wconf 83' lang='lat' dir='ltr'><strong>naturam</strong></span> <span class='ocrx_word' id='word_1_507' title='bbox 1288 1157 1323 1184; x_wconf 86' lang='lat' dir='ltr'><strong>et</strong></span> <span class='ocrx_word' id='word_1_508' title='bbox 1344 1162 1458 1192; x_wconf 66' lang='lat' dir='ltr'><strong>regere</strong></span> <span class='ocrx_word' id='word_1_509' title='bbox 1479 1152 1520 1182; x_wconf 89' lang='lat' dir='ltr'><strong>ad</strong></span> <span class='ocrx_word' id='word_1_510' title='bbox 1542 1155 1630 1182; x_wconf 76' lang='lat' dir='ltr'><strong>tem-</strong></span> 
     </span>
     <span class='ocr_line' id='line_1_90' title="bbox 893 1195 1632 1238; baseline -0.004 -10"><span class='ocrx_word' id='word_1_511' title='bbox 893 1208 969 1238; x_wconf 91' lang='lat' dir='ltr'><strong>pus,</strong></span> <span class='ocrx_word' id='word_1_512' title='bbox 987 1202 1087 1237; x_wconf 89' lang='lat' dir='ltr'><strong>atque</strong></span> <span class='ocrx_word' id='word_1_513' title='bbox 1110 1195 1176 1228; x_wconf 85' lang='lat' dir='ltr'><strong>huc</strong></span> <span class='ocrx_word' id='word_1_514' title='bbox 1197 1200 1231 1227; x_wconf 81' lang='lat' dir='ltr'><strong>et</strong></span> <span class='ocrx_word' id='word_1_515' title='bbox 1246 1196 1326 1227; x_wconf 88' lang='lat' dir='ltr'><strong>illuc</strong></span> <span class='ocrx_word' id='word_1_516' title='bbox 1340 1200 1496 1235; x_wconf 85' lang='lat' dir='ltr'><strong>torquere</strong></span> <span class='ocrx_word' id='word_1_517' title='bbox 1512 1205 1550 1225; x_wconf 85' lang='lat' dir='ltr'><strong>ac</strong></span> <span class='ocrx_word' id='word_1_518' title='bbox 1574 1195 1632 1229; x_wconf 85' lang='lat' dir='ltr'><strong>fle-</strong></span> 
     </span>
     <span class='ocr_line' id='line_1_91' title="bbox 894 1237 1632 1281; baseline -0.005 -9"><span class='ocrx_word' id='word_1_519' title='bbox 894 1246 996 1273; x_wconf 86' lang='lat' dir='ltr'><strong>ctere.</strong></span> <span class='ocrx_word' id='word_1_520' title='bbox 1043 1242 1184 1281; x_wconf 85' lang='lat' dir='ltr'><strong>Reliqua</strong></span> <span class='ocrx_word' id='word_1_521' title='bbox 1199 1241 1300 1271; x_wconf 88' lang='lat' dir='ltr'><strong>verba</strong></span> <span class='ocrx_word' id='word_1_522' title='bbox 1320 1240 1516 1277; x_wconf 89' lang='lat' dir='ltr'><strong>ostendunt,</strong></span> <span class='ocrx_word' id='word_1_523' title='bbox 1532 1237 1566 1270; x_wconf 58' lang='grc' dir='ltr'><strong>νδ</strong></span> <span class='ocrx_word' id='word_1_524' title='bbox 1580 1244 1632 1268; x_wconf 80' lang='lat' dir='ltr'><strong>te-</strong></span> 
     </span>
     <span class='ocr_line' id='line_1_92' title="bbox 894 1283 1634 1324; baseline -0.003 -9"><span class='ocrx_word' id='word_1_525' title='bbox 894 1295 984 1324; x_wconf 79' lang='lat' dir='ltr'><strong>gere,</strong></span> <span class='ocrx_word' id='word_1_526' title='bbox 1005 1285 1124 1315; x_wconf 81' lang='lat' dir='ltr'><strong>Graevii</strong></span> <span class='ocrx_word' id='word_1_527' title='bbox 1149 1295 1217 1315; x_wconf 85' lang='lat' dir='ltr'><strong>non</strong></span> <span class='ocrx_word' id='word_1_528' title='bbox 1241 1283 1413 1323; x_wconf 86' lang='lat' dir='ltr'><strong>quadrare.</strong></span> <span class='ocrx_word' id='word_1_529' title='bbox 1445 1283 1560 1317; x_wconf 87' lang='lat' dir='ltr'><strong>confer</strong></span> <span class='ocrx_word' id='word_1_530' title='bbox 1582 1287 1634 1313; x_wconf 84' lang='lat' dir='ltr'><strong>et·</strong></span> 
     </span>
     <span class='ocr_line' id='line_1_93' title="bbox 893 1328 1420 1360; baseline -0.006 0"><span class='ocrx_word' id='word_1_531' title='bbox 893 1330 960 1360; x_wconf 85' lang='lat' dir='ltr'><strong>iam</strong></span> <span class='ocrx_word' id='word_1_532' title='bbox 977 1329 1149 1360; x_wconf 82' lang='lat' dir='ltr'><strong>Drakenb.</strong></span> <span class='ocrx_word' id='word_1_533' title='bbox 1165 1328 1206 1360; x_wconf 86' lang='lat' dir='ltr'><strong>ad</strong></span> <span class='ocrx_word' id='word_1_534' title='bbox 1221 1328 1302 1360; x_wconf 89' lang='lat' dir='ltr'><strong>Sil.</strong></span> <span class='ocrx_word' id='word_1_535' title='bbox 1296 1328 1328 1358; x_wconf 87' lang='grc'><strong>11.</strong></span> <span class='ocrx_word' id='word_1_536' title='bbox 1345 1329 1420 1359; x_wconf 71' lang='lat'><strong>382.</strong></span> 
     </span>
    </p>

    <p class='ocr_par' dir='ltr' id='par_1_17' title="bbox 895 1370 1634 1449">
     <span class='ocr_line' id='line_1_94' title="bbox 938 1370 1634 1411; baseline -0.001 -9"><span class='ocrx_word' id='word_1_537' title='bbox 938 1372 1052 1411; x_wconf 79' lang='lat' dir='ltr'><strong>Regio.</strong></span> <span class='ocrx_word' id='word_1_538' title='bbox 1086 1373 1180 1404; x_wconf 82' lang='lat' dir='ltr'><strong>fines.</strong></span> <span class='ocrx_word' id='word_1_539' title='bbox 1210 1371 1289 1411; x_wconf 86' lang='lat' dir='ltr'><strong>Agr.</strong></span> <span class='ocrx_word' id='word_1_540' title='bbox 1312 1372 1347 1402; x_wconf 90' lang='lat' dir='ltr'><strong>ii.</strong></span> <span class='ocrx_word' id='word_1_541' title='bbox 1365 1374 1418 1403; x_wconf 87' lang='lat'><strong>35.</strong></span> <span class='ocrx_word' id='word_1_542' title='bbox 1448 1370 1634 1411; x_wconf 67' lang='lat' dir='ltr'><strong>regionibus</strong></span> 
     </span>
     <span class='ocr_line' id='line_1_95' title="bbox 895 1417 1242 1449; baseline -0.003 -3"><span class='ocrx_word' id='word_1_543' title='bbox 895 1417 994 1446; x_wconf 88' lang='lat' dir='ltr'><strong>officii</strong></span> <span class='ocrx_word' id='word_1_544' title='bbox 1011 1426 1045 1447; x_wconf 87' lang='lat' dir='ltr'><strong>se</strong></span> <span class='ocrx_word' id='word_1_545' title='bbox 1057 1417 1242 1449; x_wconf 86' lang='lat' dir='ltr'><strong>continere.</strong></span> 
     </span>
    </p>

    <p class='ocr_par' dir='ltr' id='par_1_18' title="bbox 891 1458 1635 1718">
     <span class='ocr_line' id='line_1_96' title="bbox 940 1458 1634 1498; baseline -0.004 -8"><span class='ocrx_word' id='word_1_546' title='bbox 940 1459 1105 1498; x_wconf 82' lang='lat' dir='ltr'><strong>Regnare.</strong></span> <span class='ocrx_word' id='word_1_547' title='bbox 1137 1459 1232 1490; x_wconf 84' lang='lat' dir='ltr'><strong>Brut.</strong></span> <span class='ocrx_word' id='word_1_548' title='bbox 1261 1462 1311 1490; x_wconf 83' lang='lat'><strong>10.</strong></span> <span class='ocrx_word' id='word_1_549' title='bbox 1340 1458 1469 1494; x_wconf 81' lang='lat' dir='ltr'><strong>Graecia</strong></span> <span class='ocrx_word' id='word_1_550' title='bbox 1484 1458 1558 1497; x_wconf 83' lang='lat' dir='ltr'><strong>jam</strong></span> <span class='ocrx_word' id='word_1_551' title='bbox 1581 1467 1634 1488; x_wconf 84' lang='lat' dir='ltr'><strong>re·-</strong></span> 
     </span>
     <span class='ocr_line' id='line_1_97' title="bbox 891 1503 1634 1542; baseline -0.001 -9"><span class='ocrx_word' id='word_1_552' title='bbox 891 1508 1037 1542; x_wconf 80' lang='lat' dir='ltr'><strong>gnante:</strong></span> <span class='ocrx_word' id='word_1_553' title='bbox 1054 1503 1086 1534; x_wconf 84' lang='lat' dir='ltr'><strong>h.</strong></span> <span class='ocrx_word' id='word_1_554' title='bbox 1104 1513 1133 1534; x_wconf 89' lang='lat' dir='ltr'><strong>e.</strong></span> <span class='ocrx_word' id='word_1_555' title='bbox 1150 1503 1254 1535; x_wconf 83' lang='lat' dir='ltr'><strong>libera</strong></span> <span class='ocrx_word' id='word_1_556' title='bbox 1270 1512 1290 1532; x_wconf 83' lang='lat' dir='ltr'><strong>a</strong></span> <span class='ocrx_word' id='word_1_557' title='bbox 1310 1512 1441 1541; x_wconf 87' lang='lat' dir='ltr'><strong>regum,</strong></span> <span class='ocrx_word' id='word_1_558' title='bbox 1458 1511 1540 1541; x_wconf 89' lang='lat' dir='ltr'><strong>quos</strong></span> <span class='ocrx_word' id='word_1_559' title='bbox 1555 1505 1634 1532; x_wconf 80' lang='lat' dir='ltr'><strong>ante</strong></span> 
     </span>
     <span class='ocr_line' id='line_1_98' title="bbox 895 1545 1634 1584; baseline -0.001 -7"><span class='ocrx_word' id='word_1_560' title='bbox 895 1547 1096 1584; x_wconf 85' lang='lat' dir='ltr'><strong>habuerant,</strong></span> <span class='ocrx_word' id='word_1_561' title='bbox 1119 1546 1306 1577; x_wconf 88' lang='lat' dir='ltr'><strong>dominatu.</strong></span> <span class='ocrx_word' id='word_1_562' title='bbox 1345 1546 1386 1576; x_wconf 88' lang='lat' dir='ltr'><strong>ad</strong></span> <span class='ocrx_word' id='word_1_563' title='bbox 1408 1546 1486 1577; x_wconf 83' lang='lat' dir='ltr'><strong>Div.</strong></span> <span class='ocrx_word' id='word_1_564' title='bbox 1510 1545 1554 1575; x_wconf 91' lang='lat' dir='ltr'><strong>xi.</strong></span> <span class='ocrx_word' id='word_1_565' title='bbox 1583 1545 1634 1576; x_wconf 82' lang='grc'><strong>16.</strong></span> 
     </span>
     <span class='ocr_line' id='line_1_99' title="bbox 895 1589 1633 1630; baseline -0.003 -10"><span class='ocrx_word' id='word_1_566' title='bbox 895 1600 973 1621; x_wconf 85' lang='grc'><strong>00111</strong></span> <span class='ocrx_word' id='word_1_567' title='bbox 987 1591 1139 1630; x_wconf 88' lang='lat' dir='ltr'><strong>equitum</strong></span> <span class='ocrx_word' id='word_1_568' title='bbox 1155 1591 1324 1621; x_wconf 85' lang='lat' dir='ltr'><strong>centurias</strong></span> <span class='ocrx_word' id='word_1_569' title='bbox 1340 1594 1449 1627; x_wconf 83' lang='lat' dir='ltr'><strong>tenes,</strong></span> <span class='ocrx_word' id='word_1_570' title='bbox 1462 1589 1496 1620; x_wconf 90' lang='lat' dir='ltr'><strong>in</strong></span> <span class='ocrx_word' id='word_1_571' title='bbox 1512 1589 1633 1628; x_wconf 68' lang='lat' dir='ltr'><strong>quibus</strong></span> 
     </span>
     <span class='ocr_line' id='line_1_100' title="bbox 895 1633 1635 1675; baseline -0.003 -11"><span class='ocrx_word' id='word_1_572' title='bbox 895 1644 1033 1673; x_wconf 78' lang='lat' dir='ltr'><strong>regnas,-</strong></span> <span class='ocrx_word' id='word_1_573' title='bbox 1066 1634 1099 1665; x_wconf 89' lang='lat' dir='ltr'><strong>h.</strong></span> <span class='ocrx_word' id='word_1_574' title='bbox 1125 1644 1155 1664; x_wconf 88' lang='lat' dir='ltr'><strong>e.</strong></span> <span class='ocrx_word' id='word_1_575' title='bbox 1181 1633 1365 1675; x_wconf 88' lang='lat' dir='ltr'><strong>plurimum</strong></span> <span class='ocrx_word' id='word_1_576' title='bbox 1392 1638 1497 1674; x_wconf 87' lang='lat' dir='ltr'><strong>potes.</strong></span> <span class='ocrx_word' id='word_1_577' title='bbox 1528 1642 1559 1663; x_wconf 87' lang='lat' dir='ltr'><strong>v.</strong></span> <span class='ocrx_word' id='word_1_578' title='bbox 1583 1642 1635 1664; x_wconf 90' lang='lat' dir='ltr'><strong>re-</strong></span> 
     </span>
     <span class='ocr_line' id='line_1_101' title="bbox 895 1688 1013 1718; baseline 0 -10"><span class='ocrx_word' id='word_1_579' title='bbox 895 1688 1013 1718; x_wconf 85' lang='lat' dir='ltr'><strong>gnum.</strong></span> 
     </span>
    </p>

    <p class='ocr_par' dir='ltr' id='par_1_19' title="bbox 894 1719 1639 2023">
     <span class='ocr_line' id='line_1_102' title="bbox 940 1719 1635 1761; baseline -0.006 -8"><span class='ocrx_word' id='word_1_580' title='bbox 940 1721 1108 1761; x_wconf 78' lang='lat' dir='ltr'><strong>Regnum,</strong></span> <span class='ocrx_word' id='word_1_581' title='bbox 1132 1721 1285 1761; x_wconf 85' lang='lat' dir='ltr'><strong>potentia</strong></span> <span class='ocrx_word' id='word_1_582' title='bbox 1307 1720 1448 1760; x_wconf 86' lang='lat' dir='ltr'><strong>alicujus</strong></span> <span class='ocrx_word' id='word_1_583' title='bbox 1470 1719 1577 1750; x_wconf 86' lang='lat' dir='ltr'><strong>nimia</strong></span> <span class='ocrx_word' id='word_1_584' title='bbox 1598 1719 1635 1750; x_wconf 90' lang='lat' dir='ltr'><strong>in</strong></span> 
     </span>
     <span class='ocr_line' id='line_1_103' title="bbox 896 1764 1635 1805; baseline -0.001 -11"><span class='ocrx_word' id='word_1_585' title='bbox 896 1764 1007 1805; x_wconf 89' lang='lat' dir='ltr'><strong>aliquo</strong></span> <span class='ocrx_word' id='word_1_586' title='bbox 1019 1775 1152 1805; x_wconf 77' lang='lat' dir='ltr'><strong>genere.</strong></span> <span class='ocrx_word' id='word_1_587' title='bbox 1177 1764 1260 1795; x_wconf 85' lang='lat' dir='ltr'><strong>sull.</strong></span> <span class='ocrx_word' id='word_1_588' title='bbox 1272 1768 1304 1799; x_wconf 86' lang='lat'><strong>7.</strong></span> <span class='ocrx_word' id='word_1_589' title='bbox 1321 1774 1355 1795; x_wconf 90' lang='lat' dir='ltr'><strong>se</strong></span> <span class='ocrx_word' id='word_1_590' title='bbox 1367 1773 1508 1803; x_wconf 82' lang='lat' dir='ltr'><strong>regnum</strong></span> <span class='ocrx_word' id='word_1_591' title='bbox 1520 1772 1635 1794; x_wconf 87' lang='lat' dir='ltr'><strong>meum</strong></span> 
     </span>
     <span class='ocr_line' id='line_1_104' title="bbox 896 1808 1636 1849; baseline -0.003 -11"><span class='ocrx_word' id='word_1_592' title='bbox 896 1808 983 1839; x_wconf 83' lang='lat' dir='ltr'><strong>ferre</strong></span> <span class='ocrx_word' id='word_1_593' title='bbox 1000 1818 1067 1842; x_wconf 87' lang='lat' dir='ltr'><strong>non</strong></span> <span class='ocrx_word' id='word_1_594' title='bbox 1084 1819 1189 1849; x_wconf 88' lang='lat' dir='ltr'><strong>posse.</strong></span> <span class='ocrx_word' id='word_1_595' title='bbox 1230 1808 1304 1839; x_wconf 89' lang='lat' dir='ltr'><strong>Aet.</strong></span> <span class='ocrx_word' id='word_1_596' title='bbox 1321 1809 1342 1838; x_wconf 90' lang='lat' dir='ltr'><strong>i.</strong></span> <span class='ocrx_word' id='word_1_597' title='bbox 1358 1808 1489 1839; x_wconf 82' lang='lat' dir='ltr'><strong>Verrin.</strong></span> <span class='ocrx_word' id='word_1_598' title='bbox 1508 1808 1557 1837; x_wconf 74' lang='lat'><strong>12.</strong></span> <span class='ocrx_word' id='word_1_599' title='bbox 1583 1817 1636 1837; x_wconf 86' lang='lat' dir='ltr'><strong>re-</strong></span> 
     </span>
     <span class='ocr_line' id='line_1_105' title="bbox 894 1850 1635 1892; baseline 0 -10"><span class='ocrx_word' id='word_1_600' title='bbox 894 1863 1001 1892; x_wconf 85' lang='lat' dir='ltr'><strong>gnum</strong></span> <span class='ocrx_word' id='word_1_601' title='bbox 1010 1852 1228 1891; x_wconf 82' lang='lat' dir='ltr'><strong>judiciorum.</strong></span> <span class='ocrx_word' id='word_1_602' title='bbox 1260 1852 1383 1882; x_wconf 89' lang='lat' dir='ltr'><strong>dicitur</strong></span> <span class='ocrx_word' id='word_1_603' title='bbox 1395 1856 1510 1881; x_wconf 80' lang='lat' dir='ltr'><strong>tamen</strong></span> <span class='ocrx_word' id='word_1_604' title='bbox 1531 1850 1635 1882; x_wconf 79' lang='lat' dir='ltr'><strong>etiam</strong></span> 
     </span>
     <span class='ocr_line' id='line_1_106' title="bbox 898 1893 1639 1935; baseline -0.003 -9"><span class='ocrx_word' id='word_1_605' title='bbox 898 1896 1070 1929; x_wconf 83' lang='lat' dir='ltr'><strong>honestius</strong></span> <span class='ocrx_word' id='word_1_606' title='bbox 1097 1897 1137 1930; x_wconf 88' lang='lat' dir='ltr'><strong>de</strong></span> <span class='ocrx_word' id='word_1_607' title='bbox 1167 1906 1220 1932; x_wconf 90' lang='grc'><strong>00,</strong></span> <span class='ocrx_word' id='word_1_608' title='bbox 1246 1896 1280 1931; x_wconf 84' lang='lat' dir='ltr'><strong>in</strong></span> <span class='ocrx_word' id='word_1_609' title='bbox 1308 1905 1373 1935; x_wconf 86' lang='lat' dir='ltr'><strong>quo</strong></span> <span class='ocrx_word' id='word_1_610' title='bbox 1402 1895 1475 1934; x_wconf 87' lang='lat' dir='ltr'><strong>quis</strong></span> <span class='ocrx_word' id='word_1_611' title='bbox 1501 1893 1639 1924; x_wconf 86' lang='lat' dir='ltr'><strong>excellit</strong></span> 
     </span>
     <span class='ocr_line' id='line_1_107' title="bbox 899 1938 1638 1980; baseline -0.003 -10"><span class='ocrx_word' id='word_1_612' title='bbox 899 1949 965 1980; x_wconf 84' lang='lat' dir='ltr'><strong>prae</strong></span> <span class='ocrx_word' id='word_1_613' title='bbox 981 1941 1111 1970; x_wconf 85' lang='lat' dir='ltr'><strong>ceteris.</strong></span> <span class='ocrx_word' id='word_1_614' title='bbox 1137 1939 1179 1970; x_wconf 91' lang='lat' dir='ltr'><strong>ad</strong></span> <span class='ocrx_word' id='word_1_615' title='bbox 1195 1940 1270 1970; x_wconf 92' lang='lat' dir='ltr'><strong>Div.</strong></span> <span class='ocrx_word' id='word_1_616' title='bbox 1287 1940 1330 1974; x_wconf 71' lang='lat' dir='ltr'><strong>ix.</strong></span> <span class='ocrx_word' id='word_1_617' title='bbox 1353 1942 1400 1970; x_wconf 83' lang='grc'><strong>18.</strong></span> <span class='ocrx_word' id='word_1_618' title='bbox 1432 1948 1574 1977; x_wconf 74' lang='lat' dir='ltr'><strong>regnum</strong></span> <span class='ocrx_word' id='word_1_619' title='bbox 1587 1938 1638 1969; x_wconf 82' lang='lat' dir='ltr'><strong>fo-</strong></span> 
     </span>
     <span class='ocr_line' id='line_1_108' title="bbox 899 1981 1532 2023; baseline 0 -10"><span class='ocrx_word' id='word_1_620' title='bbox 899 1993 1005 2014; x_wconf 87' lang='lat' dir='ltr'><strong>rense.</strong></span> <span class='ocrx_word' id='word_1_621' title='bbox 1028 1984 1099 2014; x_wconf 86' lang='lat' dir='ltr'><strong>Att.</strong></span> <span class='ocrx_word' id='word_1_622' title='bbox 1116 1984 1138 2015; x_wconf 92' lang='lat' dir='ltr'><strong>i.</strong></span> <span class='ocrx_word' id='word_1_623' title='bbox 1157 1987 1184 2014; x_wconf 92' lang='lat'><strong>1.</strong></span> <span class='ocrx_word' id='word_1_624' title='bbox 1208 1993 1350 2023; x_wconf 80' lang='lat' dir='ltr'><strong>regnum</strong></span> <span class='ocrx_word' id='word_1_625' title='bbox 1361 1981 1532 2022; x_wconf 85' lang='lat' dir='ltr'><strong>judiciale.</strong></span> 
     </span>
    </p>

    <p class='ocr_par' dir='ltr' id='par_1_20' title="bbox 896 2026 1638 2106">
     <span class='ocr_line' id='line_1_109' title="bbox 942 2026 1638 2067; baseline -0.003 -9"><span class='ocrx_word' id='word_1_626' title='bbox 942 2027 1138 2067; x_wconf 77' lang='lat' dir='ltr'><strong>Regnstare.</strong></span> <span class='ocrx_word' id='word_1_627' title='bbox 1163 2028 1234 2059; x_wconf 90' lang='lat' dir='ltr'><strong>Att.</strong></span> <span class='ocrx_word' id='word_1_628' title='bbox 1249 2027 1318 2058; x_wconf 91' lang='lat' dir='ltr'><strong>xiii.</strong></span> <span class='ocrx_word' id='word_1_629' title='bbox 1335 2030 1385 2062; x_wconf 82' lang='lat'><strong>13.</strong></span> <span class='ocrx_word' id='word_1_630' title='bbox 1409 2026 1525 2062; x_wconf 82' lang='lat' dir='ltr'><strong>crebro</strong></span> <span class='ocrx_word' id='word_1_631' title='bbox 1538 2035 1638 2065; x_wconf 73' lang='lat' dir='ltr'><strong>regu-</strong></span> 
     </span>
     <span class='ocr_line' id='line_1_110' title="bbox 896 2071 1343 2106; baseline 0 -5"><span class='ocrx_word' id='word_1_632' title='bbox 896 2075 985 2105; x_wconf 70' lang='lat' dir='ltr'><strong>stare</strong></span> <span class='ocrx_word' id='word_1_633' title='bbox 1000 2071 1122 2102; x_wconf 84' lang='lat' dir='ltr'><strong>literas.</strong></span> <span class='ocrx_word' id='word_1_634' title='bbox 1148 2071 1192 2106; x_wconf 77' lang='lat' dir='ltr'><strong>cf.</strong></span> <span class='ocrx_word' id='word_1_635' title='bbox 1206 2072 1275 2102; x_wconf 83' lang='lat' dir='ltr'><strong>xiii.</strong></span> <span class='ocrx_word' id='word_1_636' title='bbox 1290 2073 1343 2106; x_wconf 71' lang='lat'><strong>43.</strong></span> 
     </span>
    </p>

    <p class='ocr_par' dir='ltr' id='par_1_21' title="bbox 900 2111 1638 2199">
     <span class='ocr_line' id='line_1_111' title="bbox 943 2111 1638 2155; baseline -0.004 -10"><span class='ocrx_word' id='word_1_637' title='bbox 943 2112 1168 2155; x_wconf 75' lang='lat' dir='ltr'><strong>Rejeetaneus.</strong></span> <span class='ocrx_word' id='word_1_638' title='bbox 1199 2115 1270 2145; x_wconf 91' lang='lat' dir='ltr'><strong>Fin.</strong></span> <span class='ocrx_word' id='word_1_639' title='bbox 1291 2115 1333 2144; x_wconf 88' lang='lat' dir='ltr'><strong>iv.</strong></span> <span class='ocrx_word' id='word_1_640' title='bbox 1350 2114 1402 2145; x_wconf 72' lang='lat'><strong>26.</strong></span> <span class='ocrx_word' id='word_1_641' title='bbox 1431 2111 1638 2153; x_wconf 57' lang='grc' dir='ltr'><strong>110οψ111101-</strong></span> 
     </span>
     <span class='ocr_line' id='line_1_112' title="bbox 900 2157 1557 2199; baseline -0.003 -11"><span class='ocrx_word' id='word_1_642' title='bbox 900 2157 932 2188; x_wconf 92' lang='lat' dir='ltr'><strong>lo</strong></span> <span class='ocrx_word' id='word_1_643' title='bbox 949 2158 1049 2195; x_wconf 87' lang='lat' dir='ltr'><strong>mala,</strong></span> <span class='ocrx_word' id='word_1_644' title='bbox 1066 2159 1124 2189; x_wconf 85' lang='lat' dir='ltr'><strong>sed</strong></span> <span class='ocrx_word' id='word_1_645' title='bbox 1138 2163 1332 2199; x_wconf 63' lang='lat' dir='ltr'><strong>reyectanea.</strong></span> <span class='ocrx_word' id='word_1_646' title='bbox 1357 2167 1385 2186; x_wconf 93' lang='lat' dir='ltr'><strong>v.</strong></span> <span class='ocrx_word' id='word_1_647' title='bbox 1401 2157 1557 2195; x_wconf 83' lang='lat' dir='ltr'><strong>rejectus.</strong></span> 
     </span>
    </p>

    <p class='ocr_par' dir='ltr' id='par_1_22' title="bbox 900 2198 1638 2282">
     <span class='ocr_line' id='line_1_113' title="bbox 944 2198 1638 2243; baseline -0.003 -11"><span class='ocrx_word' id='word_1_648' title='bbox 944 2200 1084 2243; x_wconf 69' lang='lat' dir='ltr'><strong>Rejcctz&#39;o</strong></span> <span class='ocrx_word' id='word_1_649' title='bbox 1094 2203 1260 2241; x_wconf 82' lang='lat' dir='ltr'><strong>judicum.</strong></span> <span class='ocrx_word' id='word_1_650' title='bbox 1277 2202 1350 2233; x_wconf 76' lang='lat' dir='ltr'><strong>Aet.</strong></span> <span class='ocrx_word' id='word_1_651' title='bbox 1362 2201 1385 2231; x_wconf 89' lang='lat' dir='ltr'><strong>i.</strong></span> <span class='ocrx_word' id='word_1_652' title='bbox 1399 2200 1493 2231; x_wconf 83' lang='lat' dir='ltr'><strong>Verr.</strong></span> <span class='ocrx_word' id='word_1_653' title='bbox 1505 2203 1536 2232; x_wconf 94' lang='grc'><strong>3.</strong></span> <span class='ocrx_word' id='word_1_654' title='bbox 1554 2198 1638 2232; x_wconf 84' lang='lat' dir='ltr'><strong>Sull.</strong></span> 
     </span>
     <span class='ocr_line' id='line_1_114' title="bbox 900 2246 1172 2284; baseline -0.004 -8"><span class='ocrx_word' id='word_1_655' title='bbox 900 2248 953 2276; x_wconf 85' lang='lat'><strong>33.</strong></span> <span class='ocrx_word' id='word_1_656' title='bbox 978 2246 1172 2284; x_wconf 76' lang='grc' dir='ltr'><strong>ν.10110010.</strong></span> 
     </span>
    </p>

    <p class='ocr_par' dir='ltr' id='par_1_23' title="bbox 899 2287 1640 2505">
     <span class='ocr_line' id='line_1_115' title="bbox 946 2287 1638 2330; baseline -0.006 -10"><span class='ocrx_word' id='word_1_657' title='bbox 946 2287 1106 2330; x_wconf 61' lang='lat' dir='ltr'><strong>Reiectus.</strong></span> <span class='ocrx_word' id='word_1_658' title='bbox 1132 2289 1234 2320; x_wconf 86' lang='lat' dir='ltr'><strong>Acad.</strong></span> <span class='ocrx_word' id='word_1_659' title='bbox 1251 2289 1272 2318; x_wconf 90' lang='lat' dir='ltr'><strong>i.</strong></span> <span class='ocrx_word' id='word_1_660' title='bbox 1291 2291 1339 2322; x_wconf 89' lang='lat'><strong>10.</strong></span> <span class='ocrx_word' id='word_1_661' title='bbox 1363 2288 1435 2318; x_wconf 85' lang='lat' dir='ltr'><strong>Fin.</strong></span> <span class='ocrx_word' id='word_1_662' title='bbox 1447 2288 1494 2318; x_wconf 88' lang='lat' dir='ltr'><strong>iii.</strong></span> <span class='ocrx_word' id='word_1_663' title='bbox 1510 2287 1559 2317; x_wconf 88' lang='lat'><strong>16.</strong></span> <span class='ocrx_word' id='word_1_664' title='bbox 1577 2287 1638 2318; x_wconf 82' lang='lat' dir='ltr'><strong>&amp;c.</strong></span> 
     </span>
     <span class='ocr_line' id='line_1_116' title="bbox 899 2329 1638 2381; baseline -0.001 -20"><span class='ocrx_word' id='word_1_665' title='bbox 899 2331 1033 2375; x_wconf 70' lang='lat' dir='ltr'><strong>rejecta,</strong></span> <span class='ocrx_word' id='word_1_666' title='bbox 1063 2338 1144 2363; x_wconf 85' lang='lat' dir='ltr'><strong>sunt</strong></span> <span class='ocrx_word' id='word_1_667' title='bbox 1177 2332 1366 2363; x_wconf 87' lang='lat' dir='ltr'><strong>Stoicorum</strong></span> <span class='ocrx_word' id='word_1_668' title='bbox 1395 2329 1638 2381; x_wconf 64' lang='grc' dir='ltr'><strong>ᾁποτςοηγμίνι.</strong></span> 
     </span>
     <span class='ocr_line' id='line_1_117' title="bbox 901 2374 1639 2417; baseline -0.003 -10"><span class='ocrx_word' id='word_1_669' title='bbox 901 2376 1026 2407; x_wconf 52' lang='lat' dir='ltr'><strong>*Rosa</strong></span> <span class='ocrx_word' id='word_1_670' title='bbox 1041 2377 1081 2407; x_wconf 92' lang='lat' dir='ltr'><strong>A.</strong></span> <span class='ocrx_word' id='word_1_671' title='bbox 1104 2380 1157 2411; x_wconf 68' lang='lat'><strong>29.</strong></span> <span class='ocrx_word' id='word_1_672' title='bbox 1189 2374 1326 2417; x_wconf 70' lang='lat' dir='ltr'><strong>rejectus</strong></span> <span class='ocrx_word' id='word_1_673' title='bbox 1349 2385 1369 2405; x_wconf 88' lang='lat' dir='ltr'><strong>a</strong></span> <span class='ocrx_word' id='word_1_674' title='bbox 1391 2376 1509 2405; x_wconf 85' lang='lat' dir='ltr'><strong>ceteris</strong></span> <span class='ocrx_word' id='word_1_675' title='bbox 1532 2375 1639 2415; x_wconf 85' lang='lat' dir='ltr'><strong>suspi-</strong></span> 
     </span>
     <span class='ocr_line' id='line_1_118' title="bbox 901 2419 1640 2459; baseline -0.001 -9"><span class='ocrx_word' id='word_1_676' title='bbox 901 2421 1070 2456; x_wconf 79' lang='lat' dir='ltr'><strong>cionibus:</strong></span> <span class='ocrx_word' id='word_1_677' title='bbox 1094 2420 1126 2450; x_wconf 91' lang='lat' dir='ltr'><strong>h</strong></span> <span class='ocrx_word' id='word_1_678' title='bbox 1140 2430 1168 2450; x_wconf 89' lang='lat' dir='ltr'><strong>e.</strong></span> <span class='ocrx_word' id='word_1_679' title='bbox 1182 2421 1300 2450; x_wconf 87' lang='lat' dir='ltr'><strong>ceteris</strong></span> <span class='ocrx_word' id='word_1_680' title='bbox 1314 2419 1435 2459; x_wconf 88' lang='lat' dir='ltr'><strong>suspic.</strong></span> <span class='ocrx_word' id='word_1_681' title='bbox 1451 2427 1532 2458; x_wconf 86' lang='lat' dir='ltr'><strong>quas</strong></span> <span class='ocrx_word' id='word_1_682' title='bbox 1547 2422 1640 2449; x_wconf 85' lang='lat' dir='ltr'><strong>attu-</strong></span> 
     </span>
     <span class='ocr_line' id='line_1_119' title="bbox 901 2461 1410 2505; baseline -0.004 -11"><span class='ocrx_word' id='word_1_683' title='bbox 901 2463 997 2501; x_wconf 89' lang='lat' dir='ltr'><strong>lerat,</strong></span> <span class='ocrx_word' id='word_1_684' title='bbox 1014 2461 1141 2505; x_wconf 58' lang='lat' dir='ltr'><strong>relectis</strong></span> <span class='ocrx_word' id='word_1_685' title='bbox 1156 2469 1190 2494; x_wconf 85' lang='lat' dir='ltr'><strong>et</strong></span> <span class='ocrx_word' id='word_1_686' title='bbox 1206 2463 1410 2503; x_wconf 80' lang='lat' dir='ltr'><strong>improbatis.</strong></span> 
     </span>
    </p>

    <p class='ocr_par' dir='ltr' id='par_1_24' title="bbox 900 2505 1639 2633">
     <span class='ocr_line' id='line_1_120' title="bbox 946 2505 1639 2548; baseline -0.006 -10"><span class='ocrx_word' id='word_1_687' title='bbox 946 2505 1104 2548; x_wconf 70' lang='grc' dir='ltr'><strong>Εεμοειε,</strong></span> <span class='ocrx_word' id='word_1_688' title='bbox 1114 2507 1310 2540; x_wconf 84' lang='lat' dir='ltr'><strong>absterrere</strong></span> <span class='ocrx_word' id='word_1_689' title='bbox 1324 2506 1409 2545; x_wconf 89' lang='lat' dir='ltr'><strong>Top.</strong></span> <span class='ocrx_word' id='word_1_690' title='bbox 1424 2508 1450 2535; x_wconf 90' lang='lat' dir='ltr'><strong>l.</strong></span> <span class='ocrx_word' id='word_1_691' title='bbox 1467 2505 1592 2540; x_wconf 81' lang='lat' dir='ltr'><strong>alibris</strong></span> <span class='ocrx_word' id='word_1_692' title='bbox 1603 2507 1639 2535; x_wconf 86' lang='lat' dir='ltr'><strong>te</strong></span> 
     </span>
     <span class='ocr_line' id='line_1_121' title="bbox 900 2548 1639 2592; baseline -0.006 -10"><span class='ocrx_word' id='word_1_693' title='bbox 900 2549 1012 2592; x_wconf 64' lang='lat' dir='ltr'><strong>rejecit</strong></span> <span class='ocrx_word' id='word_1_694' title='bbox 1034 2551 1230 2581; x_wconf 80' lang='lat' dir='ltr'><strong>obscuritas.</strong></span> <span class='ocrx_word' id='word_1_695' title='bbox 1260 2550 1432 2585; x_wconf 50' lang='lat' dir='ltr'><strong>*differre</strong></span> <span class='ocrx_word' id='word_1_696' title='bbox 1462 2549 1504 2588; x_wconf 78' lang='grc' dir='ltr'><strong>Ω.</strong></span> <span class='ocrx_word' id='word_1_697' title='bbox 1527 2548 1580 2578; x_wconf 86' lang='lat' dir='ltr'><strong>Fr.</strong></span> <span class='ocrx_word' id='word_1_698' title='bbox 1603 2548 1639 2579; x_wconf 89' lang='lat' dir='ltr'><strong>ii.</strong></span> 
     </span>
     <span class='ocr_line' id='line_1_122' title="bbox 901 2590 1638 2634; baseline -0.006 -9"><span class='ocrx_word' id='word_1_699' title='bbox 901 2598 933 2626; x_wconf 92' lang='grc'><strong>3.</strong></span> <span class='ocrx_word' id='word_1_700' title='bbox 958 2595 1162 2634; x_wconf 77' lang='lat' dir='ltr'><strong>legationes·</strong></span> <span class='ocrx_word' id='word_1_701' title='bbox 1156 2604 1189 2624; x_wconf 83' lang='lat' dir='ltr'><strong>in</strong></span> <span class='ocrx_word' id='word_1_702' title='bbox 1202 2594 1281 2624; x_wconf 90' lang='lat' dir='ltr'><strong>ldus</strong></span> <span class='ocrx_word' id='word_1_703' title='bbox 1294 2593 1386 2628; x_wconf 88' lang='lat' dir='ltr'><strong>Febr.</strong></span> <span class='ocrx_word' id='word_1_704' title='bbox 1398 2590 1638 2633; x_wconf 64' lang='lat' dir='ltr'><strong>rejiciebantur.</strong></span> 
     </span>
    </p>

    <p class='ocr_par' dir='ltr' id='par_1_25' title="bbox 893 2635 1642 2898">
     <span class='ocr_line' id='line_1_123' title="bbox 901 2635 1640 2682; baseline -0.006 -13.831"><span class='ocrx_word' id='word_1_705' title='bbox 901 2638 974 2668; x_wconf 86' lang='lat' dir='ltr'><strong>ad</strong></span> <span class='ocrx_word' id='word_1_706' title='bbox 990 2639 1125 2668; x_wconf 71' lang='lat' dir='ltr'><strong>alteiius</strong></span> <span class='ocrx_word' id='word_1_707' title='bbox 1145 2638 1318 2668; x_wconf 82' lang='lat' dir='ltr'><strong>arbitrium</strong></span> <span class='ocrx_word' id='word_1_708' title='bbox 1342 2640 1376 2666; x_wconf 87' lang='lat' dir='ltr'><strong>et</strong></span> <span class='ocrx_word' id='word_1_709' title='bbox 1391 2636 1560 2675; x_wconf 84' lang='lat' dir='ltr'><strong>judicium</strong></span> <span class='ocrx_word' id='word_1_710' title='bbox 1583 2635 1640 2682; x_wconf 78' lang='lat' dir='ltr'><strong>de-</strong></span> 
     </span>
     <span class='ocr_line' id='line_1_124' title="bbox 902 2676 1642 2718; baseline -0.004 -6"><span class='ocrx_word' id='word_1_711' title='bbox 902 2682 1008 2712; x_wconf 87' lang='lat' dir='ltr'><strong>latum</strong></span> <span class='ocrx_word' id='word_1_712' title='bbox 1027 2682 1122 2712; x_wconf 78' lang='lat' dir='ltr'><strong>velle.</strong></span> <span class='ocrx_word' id='word_1_713' title='bbox 1149 2681 1243 2712; x_wconf 88' lang='lat' dir='ltr'><strong>Verr.</strong></span> <span class='ocrx_word' id='word_1_714' title='bbox 1258 2681 1305 2714; x_wconf 88' lang='lat' dir='ltr'><strong>iii.</strong></span> <span class='ocrx_word' id='word_1_715' title='bbox 1321 2681 1374 2710; x_wconf 89' lang='lat'><strong>60.</strong></span> <span class='ocrx_word' id='word_1_716' title='bbox 1404 2680 1545 2716; x_wconf 84' lang='lat' dir='ltr'><strong>Romam</strong></span> <span class='ocrx_word' id='word_1_717' title='bbox 1561 2676 1642 2718; x_wconf 74' lang='lat' dir='ltr'><strong>reji-</strong></span> 
     </span>
     <span class='ocr_line' id='line_1_125' title="bbox 901 2722 1641 2759; baseline -0.005 -3"><span class='ocrx_word' id='word_1_718' title='bbox 901 2727 968 2756; x_wconf 76' lang='lat' dir='ltr'><strong>cias</strong></span> <span class='ocrx_word' id='word_1_719' title='bbox 984 2735 1131 2756; x_wconf 86' lang='lat' dir='ltr'><strong>causam.</strong></span> <span class='ocrx_word' id='word_1_720' title='bbox 1148 2725 1190 2754; x_wconf 85' lang='lat' dir='ltr'><strong>ad</strong></span> <span class='ocrx_word' id='word_1_721' title='bbox 1206 2724 1281 2757; x_wconf 85' lang='lat' dir='ltr'><strong>Div.</strong></span> <span class='ocrx_word' id='word_1_722' title='bbox 1297 2724 1390 2754; x_wconf 85' lang='lat' dir='ltr'><strong>x.16.</strong></span> <span class='ocrx_word' id='word_1_723' title='bbox 1408 2722 1491 2759; x_wconf 83' lang='grc'><strong>1111111</strong></span> <span class='ocrx_word' id='word_1_724' title='bbox 1507 2723 1572 2753; x_wconf 87' lang='lat' dir='ltr'><strong>huc</strong></span> <span class='ocrx_word' id='word_1_725' title='bbox 1587 2732 1641 2752; x_wconf 88' lang='lat' dir='ltr'><strong>re-</strong></span> 
     </span>
     <span class='ocr_line' id='line_1_126' title="bbox 893 2766 1640 2809; baseline -0.007 -9"><span class='ocrx_word' id='word_1_726' title='bbox 893 2767 1004 2809; x_wconf 68' lang='lat' dir='ltr'><strong>jicias.</strong></span> <span class='ocrx_word' id='word_1_727' title='bbox 1018 2769 1225 2809; x_wconf 65' lang='lat' dir='ltr'><strong>*repudiare,</strong></span> <span class='ocrx_word' id='word_1_728' title='bbox 1236 2777 1303 2798; x_wconf 89' lang='lat' dir='ltr'><strong>non</strong></span> <span class='ocrx_word' id='word_1_729' title='bbox 1315 2776 1476 2806; x_wconf 84' lang='lat' dir='ltr'><strong>accipere</strong></span> <span class='ocrx_word' id='word_1_730' title='bbox 1487 2767 1558 2798; x_wconf 84' lang='lat' dir='ltr'><strong>A.tt</strong></span> <span class='ocrx_word' id='word_1_731' title='bbox 1571 2766 1640 2796; x_wconf 85' lang='lat' dir='ltr'><strong>viii.</strong></span> 
     </span>
     <span class='ocr_line' id='line_1_127' title="bbox 908 2808 1641 2851; baseline -0.005 -8"><span class='ocrx_word' id='word_1_732' title='bbox 908 2815 955 2843; x_wconf 89' lang='grc'><strong>11.</strong></span> <span class='ocrx_word' id='word_1_733' title='bbox 979 2823 1058 2843; x_wconf 89' lang='lat' dir='ltr'><strong>eum</strong></span> <span class='ocrx_word' id='word_1_734' title='bbox 1075 2823 1094 2842; x_wconf 88' lang='lat' dir='ltr'><strong>a</strong></span> <span class='ocrx_word' id='word_1_735' title='bbox 1110 2821 1162 2841; x_wconf 88' lang='lat' dir='ltr'><strong>me</strong></span> <span class='ocrx_word' id='word_1_736' title='bbox 1180 2812 1329 2851; x_wconf 79' lang='lat' dir='ltr'><strong>Capuam</strong></span> <span class='ocrx_word' id='word_1_737' title='bbox 1344 2810 1543 2851; x_wconf 83' lang='lat' dir='ltr'><strong>rejiciebam.</strong></span> <span class='ocrx_word' id='word_1_738' title='bbox 1562 2808 1641 2839; x_wconf 73' lang='lat' dir='ltr'><strong>*fo-</strong></span> 
     </span>
     <span class='ocr_line' id='line_1_128' title="bbox 902 2854 1642 2898; baseline -0.005 -10"><span class='ocrx_word' id='word_1_739' title='bbox 902 2866 999 2888; x_wconf 88' lang='lat' dir='ltr'><strong>rense</strong></span> <span class='ocrx_word' id='word_1_740' title='bbox 1014 2859 1082 2895; x_wconf 74' lang='lat' dir='ltr'><strong>est:</strong></span> <span class='ocrx_word' id='word_1_741' title='bbox 1107 2853 1390 2898; x_wconf 67' lang='lat' dir='ltr'><strong>rejicerejudices.</strong></span> <span class='ocrx_word' id='word_1_742' title='bbox 1413 2854 1546 2895; x_wconf 83' lang='lat' dir='ltr'><strong>Nempe</strong></span> <span class='ocrx_word' id='word_1_743' title='bbox 1560 2861 1642 2890; x_wconf 69' lang='lat' dir='ltr'><strong>cum</strong></span> 
     </span>
    </p>
   </div>
  </div>
 </body>
</html>
