<?xml version="1.0" encoding="UTF-8"?>
<!DOCTYPE html PUBLIC "-//W3C//DTD XHTML 1.0 Transitional//EN"
    "http://www.w3.org/TR/xhtml1/DTD/xhtml1-transitional.dtd">
<html xmlns="http://www.w3.org/1999/xhtml" xml:lang="en" lang="en">
 <head>
  <title>
</title>
<meta http-equiv="Content-Type" content="text/html;charset=utf-8" />
  <meta name='ocr-system' content='tesseract 3.04.00' />
  <meta name='ocr-capabilities' content='ocr_page ocr_carea ocr_par ocr_line ocrx_word'/>
</head>
<body>
  <div class='ocr_page' id='page_1' title='image "./operaomnia05ciceuoft/operaomnia05ciceuoft_0049.png"; bbox 0 0 1804 3235; ppageno 0'>
   <div class='ocr_carea' id='block_1_1' title="bbox 581 160 1123 193">
    <p class='ocr_par' dir='ltr' id='par_1_1' title="bbox 581 160 1123 193">
     <span class='ocr_line' id='line_1_1' title="bbox 581 160 1123 193; baseline -0.004 0"><span class='ocrx_word' id='word_1_1' title='bbox 581 164 726 193; x_wconf 66' lang='lat' dir='ltr'>mmsx</span> <span class='ocrx_word' id='word_1_2' title='bbox 755 160 1123 192; x_wconf 66' lang='lat' dir='ltr'>GquRAPmctrs.</span> 
     </span>
    </p>
   </div>
   <div class='ocr_carea' id='block_1_2' title="bbox 113 250 860 2974">
    <p class='ocr_par' dir='ltr' id='par_1_2' title="bbox 125 250 856 326">
     <span class='ocr_line' id='line_1_2' title="bbox 125 250 856 326; baseline 0.001 -44"><span class='ocrx_word' id='word_1_3' title='bbox 125 292 155 325; x_wconf 73' lang='lat' dir='ltr'>u</span> <span class='ocrx_word' id='word_1_4' title='bbox 170 250 408 326; x_wconf 49' lang='lat' dir='ltr'>gemmatum,</span> <span class='ocrx_word' id='word_1_5' title='bbox 440 252 601 294; x_wconf 83' lang='lat' dir='ltr'>oppidum</span> <span class='ocrx_word' id='word_1_6' title='bbox 640 253 856 284; x_wconf 74' lang='lat' dir='ltr'>Samnitium.</span> 
     </span>
     <span class='ocr_line' id='line_1_3' title="bbox 158 304 180 325; baseline 0 0"><span class='ocrx_word' id='word_1_7' title='bbox 158 304 180 325; x_wconf 89' lang='lat' dir='ltr'>n</span> 
     </span>
    </p>

    <p class='ocr_par' dir='ltr' id='par_1_3' title="bbox 167 338 652 376">
     <span class='ocr_line' id='line_1_4' title="bbox 167 338 652 376; baseline 0 -8"><span class='ocrx_word' id='word_1_8' title='bbox 167 338 433 376; x_wconf 69' lang='lat' dir='ltr'>Beneventanus.</span> <span class='ocrx_word' id='word_1_9' title='bbox 448 338 542 369; x_wconf 84' lang='lat' dir='ltr'>Verr.</span> <span class='ocrx_word' id='word_1_10' title='bbox 560 339 581 369; x_wconf 87' lang='lat' dir='ltr'>i.</span> <span class='ocrx_word' id='word_1_11' title='bbox 604 342 652 370; x_wconf 86' lang='grc'>15.</span> 
     </span>
    </p>

    <p class='ocr_par' dir='ltr' id='par_1_4' title="bbox 167 381 858 421">
     <span class='ocr_line' id='line_1_5' title="bbox 167 381 858 421; baseline -0.001 -9"><span class='ocrx_word' id='word_1_12' title='bbox 167 381 300 412; x_wconf 73' lang='lat' dir='ltr'>Beseim</span> <span class='ocrx_word' id='word_1_13' title='bbox 312 392 405 421; x_wconf 74' lang='lat' dir='ltr'>gens,</span> <span class='ocrx_word' id='word_1_14' title='bbox 417 384 450 413; x_wconf 91' lang='lat' dir='ltr'>in</span> <span class='ocrx_word' id='word_1_15' title='bbox 463 382 571 412; x_wconf 76' lang='lat' dir='ltr'>pison.</span> <span class='ocrx_word' id='word_1_16' title='bbox 583 386 637 413; x_wconf 84' lang='lat'>34.</span> <span class='ocrx_word' id='word_1_17' title='bbox 655 383 688 412; x_wconf 91' lang='lat' dir='ltr'>in</span> <span class='ocrx_word' id='word_1_18' title='bbox 703 381 858 412; x_wconf 77' lang='lat' dir='ltr'>Thracia.</span> 
     </span>
    </p>

    <p class='ocr_par' dir='ltr' id='par_1_5' title="bbox 122 425 859 508">
     <span class='ocr_line' id='line_1_6' title="bbox 168 425 859 465; baseline -0.001 -9"><span class='ocrx_word' id='word_1_19' title='bbox 168 425 275 462; x_wconf 67' lang='lat' dir='ltr'>Bidis,</span> <span class='ocrx_word' id='word_1_20' title='bbox 300 426 391 456; x_wconf 88' lang='lat' dir='ltr'>Verr.</span> <span class='ocrx_word' id='word_1_21' title='bbox 423 426 456 456; x_wconf 89' lang='lat' dir='ltr'>ii.</span> <span class='ocrx_word' id='word_1_22' title='bbox 487 428 540 456; x_wconf 68' lang='lat'>¹2²2.</span> <span class='ocrx_word' id='word_1_23' title='bbox 572 426 730 465; x_wconf 87' lang='lat' dir='ltr'>oppidum</span> <span class='ocrx_word' id='word_1_24' title='bbox 755 431 859 455; x_wconf 81' lang='lat' dir='ltr'>tenue</span> 
     </span>
     <span class='ocr_line' id='line_1_7' title="bbox 122 466 836 508; baseline 0 -10"><span class='ocrx_word' id='word_1_25' title='bbox 122 466 255 504; x_wconf 70' lang='lat' dir='ltr'>Siciliae,</span> <span class='ocrx_word' id='word_1_26' title='bbox 273 478 338 499; x_wconf 91' lang='lat' dir='ltr'>non</span> <span class='ocrx_word' id='word_1_27' title='bbox 362 469 459 508; x_wconf 75' lang='lat' dir='ltr'>long-e</span> <span class='ocrx_word' id='word_1_28' title='bbox 481 479 500 498; x_wconf 83' lang='lat' dir='ltr'>a</span> <span class='ocrx_word' id='word_1_29' title='bbox 516 469 694 508; x_wconf 75' lang='lat' dir='ltr'>Syracusis.</span> <span class='ocrx_word' id='word_1_30' title='bbox 741 468 836 498; x_wconf 84' lang='lat' dir='ltr'>Unde</span> 
     </span>
    </p>

    <p class='ocr_par' dir='ltr' id='par_1_6' title="bbox 167 512 552 548">
     <span class='ocr_line' id='line_1_8' title="bbox 167 512 552 548; baseline 0.005 -7"><span class='ocrx_word' id='word_1_31' title='bbox 167 512 322 548; x_wconf 69' lang='lat' dir='ltr'>Bidinus,</span> <span class='ocrx_word' id='word_1_32' title='bbox 339 512 431 542; x_wconf 82' lang='lat' dir='ltr'>Verr.</span> <span class='ocrx_word' id='word_1_33' title='bbox 449 513 482 542; x_wconf 90' lang='lat' dir='ltr'>ii.</span> <span class='ocrx_word' id='word_1_34' title='bbox 500 515 552 543; x_wconf 74' lang='lat'>²22.</span> 
     </span>
    </p>

    <p class='ocr_par' dir='ltr' id='par_1_7' title="bbox 124 554 860 628">
     <span class='ocr_line' id='line_1_9' title="bbox 168 554 860 596; baseline 0.003 -12"><span class='ocrx_word' id='word_1_35' title='bbox 168 554 341 594; x_wconf 70' lang='lat' dir='ltr'>Bithynia,</span> <span class='ocrx_word' id='word_1_36' title='bbox 358 556 448 596; x_wconf 81' lang='lat' dir='ltr'>regio</span> <span class='ocrx_word' id='word_1_37' title='bbox 469 555 554 586; x_wconf 75' lang='lat' dir='ltr'>Asiae</span> <span class='ocrx_word' id='word_1_38' title='bbox 577 555 728 594; x_wconf 82' lang='lat' dir='ltr'>minoris,</span> <span class='ocrx_word' id='word_1_39' title='bbox 745 556 777 585; x_wconf 91' lang='lat' dir='ltr'>in</span> <span class='ocrx_word' id='word_1_40' title='bbox 801 565 860 586; x_wconf 77' lang='lat' dir='ltr'>ora</span> 
     </span>
     <span class='ocr_line' id='line_1_10' title="bbox 124 596 272 628; baseline 0.007 -1"><span class='ocrx_word' id='word_1_41' title='bbox 124 596 272 628; x_wconf 76' lang='lat' dir='ltr'>Pontica.</span> 
     </span>
    </p>

    <p class='ocr_par' dir='ltr' id='par_1_8' title="bbox 119 641 860 1194">
     <span class='ocr_line' id='line_1_11' title="bbox 166 641 858 681; baseline 0 -10"><span class='ocrx_word' id='word_1_42' title='bbox 166 641 397 678; x_wconf 72' lang='lat' dir='ltr'>Iueaendenona,</span> <span class='ocrx_word' id='word_1_43' title='bbox 421 641 462 671; x_wconf 86' lang='lat' dir='ltr'>ad</span> <span class='ocrx_word' id='word_1_44' title='bbox 485 641 524 681; x_wconf 79' lang='grc' dir='ltr'>Ω.</span> <span class='ocrx_word' id='word_1_45' title='bbox 551 641 638 671; x_wconf 77' lang='lat' dir='ltr'>Frat.</span> <span class='ocrx_word' id='word_1_46' title='bbox 665 642 698 671; x_wconf 92' lang='lat' dir='ltr'>ii.</span> <span class='ocrx_word' id='word_1_47' title='bbox 727 645 775 673; x_wconf 86' lang='lat'>15.</span> <span class='ocrx_word' id='word_1_48' title='bbox 800 652 858 672; x_wconf 87' lang='lat' dir='ltr'>no-</span> 
     </span>
     <span class='ocr_line' id='line_1_12' title="bbox 123 684 860 726; baseline 0.003 -13"><span class='ocrx_word' id='word_1_49' title='bbox 123 692 201 714; x_wconf 85' lang='lat' dir='ltr'>men</span> <span class='ocrx_word' id='word_1_50' title='bbox 217 685 307 715; x_wconf 87' lang='lat' dir='ltr'>urbis</span> <span class='ocrx_word' id='word_1_51' title='bbox 323 695 424 725; x_wconf 86' lang='lat' dir='ltr'>prope</span> <span class='ocrx_word' id='word_1_52' title='bbox 442 684 658 721; x_wconf 73' lang='lat' dir='ltr'>Placentiam,</span> <span class='ocrx_word' id='word_1_53' title='bbox 676 690 714 715; x_wconf 81' lang='lat' dir='ltr'>ut</span> <span class='ocrx_word' id='word_1_54' title='bbox 731 696 770 715; x_wconf 74' lang='lat' dir='ltr'>ex</span> <span class='ocrx_word' id='word_1_55' title='bbox 789 686 860 726; x_wconf 85' lang='lat' dir='ltr'>ipsa</span> 
     </span>
     <span class='ocr_line' id='line_1_13' title="bbox 121 727 858 768; baseline 0.001 -11"><span class='ocrx_word' id='word_1_56' title='bbox 121 727 263 767; x_wconf 76' lang='lat' dir='ltr'>epistola</span> <span class='ocrx_word' id='word_1_57' title='bbox 278 727 491 768; x_wconf 78' lang='lat' dir='ltr'>intelligitur,</span> <span class='ocrx_word' id='word_1_58' title='bbox 508 730 601 767; x_wconf 75' lang='lat' dir='ltr'>euius</span> <span class='ocrx_word' id='word_1_59' title='bbox 625 728 716 758; x_wconf 87' lang='lat' dir='ltr'>nulla</span> <span class='ocrx_word' id='word_1_60' title='bbox 733 731 766 759; x_wconf 91' lang='lat' dir='ltr'>in</span> <span class='ocrx_word' id='word_1_61' title='bbox 783 729 858 758; x_wconf 83' lang='lat' dir='ltr'>reli—</span> 
     </span>
     <span class='ocr_line' id='line_1_14' title="bbox 122 771 857 809; baseline 0.003 -9"><span class='ocrx_word' id='word_1_62' title='bbox 122 771 197 809; x_wconf 82' lang='lat' dir='ltr'>quis</span> <span class='ocrx_word' id='word_1_63' title='bbox 219 771 372 802; x_wconf 82' lang='lat' dir='ltr'>omnibus</span> <span class='ocrx_word' id='word_1_64' title='bbox 397 771 486 802; x_wconf 74' lang='lat' dir='ltr'>libris</span> <span class='ocrx_word' id='word_1_65' title='bbox 511 772 648 802; x_wconf 74' lang='lat' dir='ltr'>mentio.</span> <span class='ocrx_word' id='word_1_66' title='bbox 701 772 764 801; x_wconf 88' lang='lat' dir='ltr'>Sed</span> <span class='ocrx_word' id='word_1_67' title='bbox 787 782 857 802; x_wconf 82' lang='lat' dir='ltr'>eor-</span> 
     </span>
     <span class='ocr_line' id='line_1_15' title="bbox 122 814 857 854; baseline 0 -11"><span class='ocrx_word' id='word_1_68' title='bbox 122 822 260 854; x_wconf 88' lang='lat' dir='ltr'>ruptum</span> <span class='ocrx_word' id='word_1_69' title='bbox 277 823 399 845; x_wconf 83' lang='lat' dir='ltr'>nomen</span> <span class='ocrx_word' id='word_1_70' title='bbox 416 816 558 845; x_wconf 78' lang='lat' dir='ltr'>videtur.</span> <span class='ocrx_word' id='word_1_71' title='bbox 588 815 622 845; x_wconf 82' lang='grc' dir='ltr'>Ρ.</span> <span class='ocrx_word' id='word_1_72' title='bbox 640 814 795 845; x_wconf 79' lang='lat' dir='ltr'>Manutio</span> <span class='ocrx_word' id='word_1_73' title='bbox 812 815 857 844; x_wconf 76' lang='lat' dir='ltr'>le-</span> 
     </span>
     <span class='ocr_line' id='line_1_16' title="bbox 121 856 859 896; baseline 0 -9"><span class='ocrx_word' id='word_1_74' title='bbox 121 856 267 896; x_wconf 72' lang='lat' dir='ltr'>gendum</span> <span class='ocrx_word' id='word_1_75' title='bbox 280 858 470 888; x_wconf 86' lang='lat' dir='ltr'>videbatur:</span> <span class='ocrx_word' id='word_1_76' title='bbox 491 859 620 895; x_wconf 68' lang='lat' dir='ltr'>laude,</span> <span class='ocrx_word' id='word_1_77' title='bbox 633 860 735 888; x_wconf 74' lang='lat' dir='ltr'>nemis.</span> <span class='ocrx_word' id='word_1_78' title='bbox 764 858 859 889; x_wconf 77' lang='lat' dir='ltr'>Laus</span> 
     </span>
     <span class='ocr_line' id='line_1_17' title="bbox 121 901 857 942; baseline 0.001 -12"><span class='ocrx_word' id='word_1_79' title='bbox 121 901 213 931; x_wconf 86' lang='lat' dir='ltr'>enim</span> <span class='ocrx_word' id='word_1_80' title='bbox 239 907 290 932; x_wconf 86' lang='lat' dir='ltr'>est</span> <span class='ocrx_word' id='word_1_81' title='bbox 316 902 475 942; x_wconf 84' lang='lat' dir='ltr'>oppidum</span> <span class='ocrx_word' id='word_1_82' title='bbox 506 911 609 942; x_wconf 81' lang='lat' dir='ltr'>prope</span> <span class='ocrx_word' id='word_1_83' title='bbox 641 901 857 931; x_wconf 75' lang='lat' dir='ltr'><strong>Placentiam.</strong></span> 
     </span>
     <span class='ocr_line' id='line_1_18' title="bbox 121 942 859 985; baseline 0.001 -11"><span class='ocrx_word' id='word_1_84' title='bbox 121 942 161 974; x_wconf 88' lang='lat' dir='ltr'>In</span> <span class='ocrx_word' id='word_1_85' title='bbox 185 943 360 976; x_wconf 83' lang='lat' dir='ltr'>Itinerario</span> <span class='ocrx_word' id='word_1_86' title='bbox 381 945 542 975; x_wconf 80' lang='lat' dir='ltr'>Antonini</span> <span class='ocrx_word' id='word_1_87' title='bbox 559 955 591 985; x_wconf 89' lang='lat' dir='ltr'>p.</span> <span class='ocrx_word' id='word_1_88' title='bbox 614 946 689 978; x_wconf 73' lang='lat'>272.</span> <span class='ocrx_word' id='word_1_89' title='bbox 713 946 859 975; x_wconf 85' lang='lat' dir='ltr'>occurrit</span> 
     </span>
     <span class='ocr_line' id='line_1_19' title="bbox 121 987 858 1025; baseline 0.001 -8"><span class='ocrx_word' id='word_1_90' title='bbox 121 987 311 1018; x_wconf 74' lang='lat' dir='ltr'>Blandona.</span> <span class='ocrx_word' id='word_1_91' title='bbox 328 988 386 1018; x_wconf 85' lang='lat' dir='ltr'>sed</span> <span class='ocrx_word' id='word_1_92' title='bbox 402 997 462 1018; x_wconf 90' lang='lat' dir='ltr'>nec</span> <span class='ocrx_word' id='word_1_93' title='bbox 479 988 551 1019; x_wconf 81' lang='lat' dir='ltr'>loca</span> <span class='ocrx_word' id='word_1_94' title='bbox 566 989 783 1025; x_wconf 78' lang='lat' dir='ltr'>conveniunt,</span> <span class='ocrx_word' id='word_1_95' title='bbox 797 998 858 1019; x_wconf 88' lang='lat' dir='ltr'>nec</span> 
     </span>
     <span class='ocr_line' id='line_1_20' title="bbox 119 1029 858 1071; baseline 0.003 -11"><span class='ocrx_word' id='word_1_96' title='bbox 119 1029 203 1061; x_wconf 85' lang='lat' dir='ltr'>illud</span> <span class='ocrx_word' id='word_1_97' title='bbox 219 1031 328 1071; x_wconf 84' lang='lat' dir='ltr'>ipsum</span> <span class='ocrx_word' id='word_1_98' title='bbox 346 1041 466 1062; x_wconf 91' lang='lat' dir='ltr'>nomen</span> <span class='ocrx_word' id='word_1_99' title='bbox 490 1042 510 1062; x_wconf 91' lang='lat' dir='ltr'>a</span> <span class='ocrx_word' id='word_1_100' title='bbox 530 1031 718 1071; x_wconf 84' lang='lat' dir='ltr'>suspicione</span> <span class='ocrx_word' id='word_1_101' title='bbox 745 1042 858 1062; x_wconf 88' lang='lat' dir='ltr'>corru-</span> 
     </span>
     <span class='ocr_line' id='line_1_21' title="bbox 120 1074 857 1114; baseline 0.003 -10"><span class='ocrx_word' id='word_1_102' title='bbox 120 1074 244 1114; x_wconf 80' lang='lat' dir='ltr'>ptionis</span> <span class='ocrx_word' id='word_1_103' title='bbox 267 1074 408 1105; x_wconf 88' lang='lat' dir='ltr'>liberum</span> <span class='ocrx_word' id='word_1_104' title='bbox 432 1081 494 1105; x_wconf 87' lang='lat' dir='ltr'>est.</span> <span class='ocrx_word' id='word_1_105' title='bbox 543 1075 688 1105; x_wconf 75' lang='lat' dir='ltr'>inlibris</span> <span class='ocrx_word' id='word_1_106' title='bbox 712 1076 857 1114; x_wconf 80' lang='lat' dir='ltr'>antiquis</span> 
     </span>
     <span class='ocr_line' id='line_1_22' title="bbox 119 1117 857 1155; baseline 0.003 -8"><span class='ocrx_word' id='word_1_107' title='bbox 119 1117 187 1147; x_wconf 71' lang='lat' dir='ltr'>tere</span> <span class='ocrx_word' id='word_1_108' title='bbox 213 1122 265 1148; x_wconf 86' lang='lat' dir='ltr'>est</span> <span class='ocrx_word' id='word_1_109' title='bbox 292 1118 507 1150; x_wconf 79' lang='lat' dir='ltr'>Blandenone</span> <span class='ocrx_word' id='word_1_110' title='bbox 532 1119 566 1148; x_wconf 91' lang='lat' dir='ltr'>in</span> <span class='ocrx_word' id='word_1_111' title='bbox 593 1118 750 1155; x_wconf 78' lang='lat' dir='ltr'>ablativo,</span> <span class='ocrx_word' id='word_1_112' title='bbox 769 1119 857 1149; x_wconf 88' lang='lat' dir='ltr'>uude</span> 
     </span>
     <span class='ocr_line' id='line_1_23' title="bbox 119 1161 727 1194; baseline 0.002 -4"><span class='ocrx_word' id='word_1_113' title='bbox 119 1170 236 1191; x_wconf 83' lang='lat' dir='ltr'>verum</span> <span class='ocrx_word' id='word_1_114' title='bbox 253 1170 375 1192; x_wconf 86' lang='lat' dir='ltr'>nomen</span> <span class='ocrx_word' id='word_1_115' title='bbox 391 1161 524 1192; x_wconf 83' lang='lat' dir='ltr'>videtur</span> <span class='ocrx_word' id='word_1_116' title='bbox 542 1162 727 1194; x_wconf 80' lang='lat' dir='ltr'>Blandeno.</span> 
     </span>
    </p>

    <p class='ocr_par' dir='ltr' id='par_1_9' title="bbox 118 1204 858 1329">
     <span class='ocr_line' id='line_1_24' title="bbox 127 1204 857 1245; baseline -0.001 -9"><span class='ocrx_word' id='word_1_117' title='bbox 127 1226 129 1229; x_wconf 93' lang='lat'><em>-</em></span> <span class='ocrx_word' id='word_1_118' title='bbox 163 1204 302 1242; x_wconf 71' lang='lat' dir='ltr'>Boeotia,</span> <span class='ocrx_word' id='word_1_119' title='bbox 319 1205 409 1244; x_wconf 82' lang='lat' dir='ltr'>regio</span> <span class='ocrx_word' id='word_1_120' title='bbox 421 1204 570 1242; x_wconf 72' lang='lat' dir='ltr'>Graeciae,</span> <span class='ocrx_word' id='word_1_121' title='bbox 584 1205 721 1245; x_wconf 81' lang='lat' dir='ltr'>Euripo,</span> <span class='ocrx_word' id='word_1_122' title='bbox 731 1205 857 1243; x_wconf 84' lang='lat' dir='ltr'>Attica,</span> 
     </span>
     <span class='ocr_line' id='line_1_25' title="bbox 121 1247 858 1280; baseline 0.001 -2"><span class='ocrx_word' id='word_1_123' title='bbox 121 1247 264 1278; x_wconf 83' lang='lat' dir='ltr'>Phocide</span> <span class='ocrx_word' id='word_1_124' title='bbox 282 1253 318 1278; x_wconf 81' lang='lat' dir='ltr'>et</span> <span class='ocrx_word' id='word_1_125' title='bbox 335 1247 473 1279; x_wconf 84' lang='lat' dir='ltr'>Locride</span> <span class='ocrx_word' id='word_1_126' title='bbox 490 1250 612 1279; x_wconf 83' lang='lat' dir='ltr'>cincta.</span> <span class='ocrx_word' id='word_1_127' title='bbox 653 1248 748 1279; x_wconf 82' lang='lat' dir='ltr'>Unde</span> <span class='ocrx_word' id='word_1_128' title='bbox 764 1250 858 1280; x_wconf 80' lang='lat' dir='ltr'>Boeo-</span> 
     </span>
     <span class='ocr_line' id='line_1_26' title="bbox 118 1291 415 1329; baseline 0.007 -8"><span class='ocrx_word' id='word_1_129' title='bbox 118 1292 197 1329; x_wconf 72' lang='lat' dir='ltr'>tius,</span> <span class='ocrx_word' id='word_1_130' title='bbox 215 1291 290 1322; x_wconf 81' lang='lat' dir='ltr'>Div.</span> <span class='ocrx_word' id='word_1_131' title='bbox 311 1292 344 1322; x_wconf 92' lang='lat' dir='ltr'>ii.</span> <span class='ocrx_word' id='word_1_132' title='bbox 363 1294 415 1323; x_wconf 69' lang='lat'>25.</span> 
     </span>
    </p>

    <p class='ocr_par' dir='ltr' id='par_1_10' title="bbox 161 1334 775 1375">
     <span class='ocr_line' id='line_1_27' title="bbox 161 1334 775 1375; baseline -0.002 -9"><span class='ocrx_word' id='word_1_133' title='bbox 161 1335 325 1373; x_wconf 83' lang='lat' dir='ltr'>Bononia,</span> <span class='ocrx_word' id='word_1_134' title='bbox 343 1335 420 1365; x_wconf 89' lang='lat' dir='ltr'>urbs</span> <span class='ocrx_word' id='word_1_135' title='bbox 437 1334 551 1366; x_wconf 79' lang='lat' dir='ltr'>Galliae</span> <span class='ocrx_word' id='word_1_136' title='bbox 570 1334 775 1375; x_wconf 73' lang='lat' dir='ltr'>Cispadanae.</span> 
     </span>
    </p>

    <p class='ocr_par' dir='ltr' id='par_1_11' title="bbox 115 1378 857 1765">
     <span class='ocr_line' id='line_1_28' title="bbox 161 1378 856 1416; baseline -0.003 -6"><span class='ocrx_word' id='word_1_137' title='bbox 161 1378 268 1410; x_wconf 73' lang='lat' dir='ltr'>Bor-ia</span> <span class='ocrx_word' id='word_1_138' title='bbox 294 1378 345 1408; x_wconf 83' lang='lat' dir='ltr'>vel</span> <span class='ocrx_word' id='word_1_139' title='bbox 373 1380 494 1416; x_wconf 81' lang='lat' dir='ltr'>Borea,</span> <span class='ocrx_word' id='word_1_140' title='bbox 523 1379 564 1408; x_wconf 85' lang='lat' dir='ltr'>ad</span> <span class='ocrx_word' id='word_1_141' title='bbox 590 1379 693 1408; x_wconf 80' lang='lat' dir='ltr'>Attie.</span> <span class='ocrx_word' id='word_1_142' title='bbox 727 1379 791 1408; x_wconf 83' lang='lat' dir='ltr'>xvi.</span> <span class='ocrx_word' id='word_1_143' title='bbox 824 1381 856 1409; x_wconf 90' lang='lat'>4.</span> 
     </span>
     <span class='ocr_line' id='line_1_29' title="bbox 115 1421 857 1462; baseline 0 -10"><span class='ocrx_word' id='word_1_144' title='bbox 115 1421 195 1452; x_wconf 79' lang='lat' dir='ltr'>urbs</span> <span class='ocrx_word' id='word_1_145' title='bbox 226 1422 360 1459; x_wconf 82' lang='lat' dir='ltr'>Africae,</span> <span class='ocrx_word' id='word_1_146' title='bbox 390 1422 476 1452; x_wconf 85' lang='lat' dir='ltr'>forte</span> <span class='ocrx_word' id='word_1_147' title='bbox 513 1422 555 1452; x_wconf 84' lang='lat' dir='ltr'>ad</span> <span class='ocrx_word' id='word_1_148' title='bbox 591 1422 857 1462; x_wconf 78' lang='lat' dir='ltr'>promontorium</span> 
     </span>
     <span class='ocr_line' id='line_1_30' title="bbox 123 1465 857 1506; baseline -0.001 -10"><span class='ocrx_word' id='word_1_149' title='bbox 123 1466 265 1496; x_wconf 77' lang='lat' dir='ltr'>Boreum</span> <span class='ocrx_word' id='word_1_150' title='bbox 282 1466 316 1495; x_wconf 91' lang='lat' dir='ltr'>in</span> <span class='ocrx_word' id='word_1_151' title='bbox 340 1466 532 1506; x_wconf 74' lang='lat' dir='ltr'>Cyrenaica,</span> <span class='ocrx_word' id='word_1_152' title='bbox 550 1465 591 1495; x_wconf 86' lang='lat' dir='ltr'>ad</span> <span class='ocrx_word' id='word_1_153' title='bbox 614 1466 736 1505; x_wconf 84' lang='lat' dir='ltr'>Syrtim</span> <span class='ocrx_word' id='word_1_154' title='bbox 754 1466 857 1504; x_wconf 85' lang='lat' dir='ltr'>majo-</span> 
     </span>
     <span class='ocr_line' id='line_1_31' title="bbox 118 1508 856 1540; baseline 0 -2"><span class='ocrx_word' id='word_1_155' title='bbox 118 1518 202 1538; x_wconf 87' lang='lat' dir='ltr'>rem.</span> <span class='ocrx_word' id='word_1_156' title='bbox 220 1508 304 1539; x_wconf 84' lang='lat' dir='ltr'>Plin.</span> <span class='ocrx_word' id='word_1_157' title='bbox 321 1519 352 1539; x_wconf 88' lang='lat' dir='ltr'>v.</span> <span class='ocrx_word' id='word_1_158' title='bbox 368 1512 400 1540; x_wconf 91' lang='lat'>4.</span> <span class='ocrx_word' id='word_1_159' title='bbox 425 1509 482 1539; x_wconf 88' lang='lat' dir='ltr'>sed</span> <span class='ocrx_word' id='word_1_160' title='bbox 498 1519 620 1539; x_wconf 86' lang='lat' dir='ltr'>nomen</span> <span class='ocrx_word' id='word_1_161' title='bbox 637 1509 776 1539; x_wconf 87' lang='lat' dir='ltr'>dubium</span> <span class='ocrx_word' id='word_1_162' title='bbox 793 1514 856 1539; x_wconf 80' lang='lat' dir='ltr'>est.</span> 
     </span>
     <span class='ocr_line' id='line_1_32' title="bbox 117 1550 857 1594; baseline 0.001 -13"><span class='ocrx_word' id='word_1_163' title='bbox 117 1550 296 1592; x_wconf 74' lang='lat' dir='ltr'>Procopius</span> <span class='ocrx_word' id='word_1_164' title='bbox 316 1552 387 1594; x_wconf 65' lang='grc' dir='ltr'>περὶ</span> <span class='ocrx_word' id='word_1_165' title='bbox 409 1551 465 1582; x_wconf 52' lang='grc' dir='ltr'>«ἓν</span> <span class='ocrx_word' id='word_1_166' title='bbox 486 1552 657 1590; x_wconf 66' lang='grc' dir='ltr'>κτισμάτων</span> <span class='ocrx_word' id='word_1_167' title='bbox 672 1553 715 1582; x_wconf 74' lang='lat' dir='ltr'>vi.</span> <span class='ocrx_word' id='word_1_168' title='bbox 733 1554 764 1583; x_wconf 76' lang='grc'>2.</span> <span class='ocrx_word' id='word_1_169' title='bbox 788 1562 857 1582; x_wconf 81' lang='lat' dir='ltr'>me·</span> 
     </span>
     <span class='ocr_line' id='line_1_33' title="bbox 118 1595 857 1632; baseline 0.003 -8"><span class='ocrx_word' id='word_1_170' title='bbox 118 1601 229 1626; x_wconf 87' lang='lat' dir='ltr'>morat</span> <span class='ocrx_word' id='word_1_171' title='bbox 250 1595 367 1626; x_wconf 82' lang='lat' dir='ltr'>urbem</span> <span class='ocrx_word' id='word_1_172' title='bbox 391 1596 544 1632; x_wconf 67' lang='lat' dir='ltr'>Bor-ium,</span> <span class='ocrx_word' id='word_1_173' title='bbox 563 1596 717 1626; x_wconf 81' lang='lat' dir='ltr'>ultimam</span> <span class='ocrx_word' id='word_1_174' title='bbox 736 1595 857 1626; x_wconf 86' lang='lat' dir='ltr'>Penta-</span> 
     </span>
     <span class='ocr_line' id='line_1_34' title="bbox 117 1638 857 1678; baseline 0 -10"><span class='ocrx_word' id='word_1_175' title='bbox 117 1638 228 1678; x_wconf 85' lang='lat' dir='ltr'>poleos</span> <span class='ocrx_word' id='word_1_176' title='bbox 251 1648 363 1669; x_wconf 85' lang='lat' dir='ltr'>versus</span> <span class='ocrx_word' id='word_1_177' title='bbox 385 1639 607 1676; x_wconf 87' lang='lat' dir='ltr'>occidentem,</span> <span class='ocrx_word' id='word_1_178' title='bbox 632 1649 705 1678; x_wconf 85' lang='lat' dir='ltr'>quae</span> <span class='ocrx_word' id='word_1_179' title='bbox 729 1644 763 1668; x_wconf 88' lang='lat' dir='ltr'>et</span> <span class='ocrx_word' id='word_1_180' title='bbox 787 1649 857 1669; x_wconf 87' lang='lat' dir='ltr'>me-</span> 
     </span>
     <span class='ocr_line' id='line_1_35' title="bbox 117 1682 855 1723; baseline 0.001 -12"><span class='ocrx_word' id='word_1_181' title='bbox 117 1687 269 1712; x_wconf 81' lang='lat' dir='ltr'>moratur</span> <span class='ocrx_word' id='word_1_182' title='bbox 283 1683 318 1712; x_wconf 92' lang='lat' dir='ltr'>in</span> <span class='ocrx_word' id='word_1_183' title='bbox 335 1682 413 1712; x_wconf 85' lang='lat' dir='ltr'>ltin.</span> <span class='ocrx_word' id='word_1_184' title='bbox 432 1682 555 1712; x_wconf 83' lang='lat' dir='ltr'>Anton.</span> <span class='ocrx_word' id='word_1_185' title='bbox 574 1693 606 1723; x_wconf 90' lang='lat' dir='ltr'>p.</span> <span class='ocrx_word' id='word_1_186' title='bbox 631 1684 683 1714; x_wconf 86' lang='lat'>66.</span> <span class='ocrx_word' id='word_1_187' title='bbox 715 1683 772 1713; x_wconf 90' lang='lat' dir='ltr'>ubi</span> <span class='ocrx_word' id='word_1_188' title='bbox 789 1682 855 1712; x_wconf 88' lang='lat' dir='ltr'>vid.</span> 
     </span>
     <span class='ocr_line' id='line_1_36' title="bbox 117 1725 614 1765; baseline 0.004 -11"><span class='ocrx_word' id='word_1_189' title='bbox 117 1725 265 1756; x_wconf 79' lang='lat' dir='ltr'>Sur-itam</span> <span class='ocrx_word' id='word_1_190' title='bbox 281 1731 317 1756; x_wconf 87' lang='lat' dir='ltr'>et</span> <span class='ocrx_word' id='word_1_191' title='bbox 332 1725 401 1756; x_wconf 84' lang='lat' dir='ltr'>Cel.</span> <span class='ocrx_word' id='word_1_192' title='bbox 417 1725 614 1765; x_wconf 80' lang='lat' dir='ltr'>Wesseling.</span> 
     </span>
    </p>

    <p class='ocr_par' dir='ltr' id='par_1_12' title="bbox 115 1769 856 1895">
     <span class='ocr_line' id='line_1_37' title="bbox 161 1769 856 1809; baseline -0.001 -9"><span class='ocrx_word' id='word_1_193' title='bbox 161 1769 337 1809; x_wconf 76' lang='lat' dir='ltr'>Bosporus,</span> <span class='ocrx_word' id='word_1_194' title='bbox 350 1769 439 1799; x_wconf 88' lang='lat' dir='ltr'>Mur.</span> <span class='ocrx_word' id='word_1_195' title='bbox 459 1772 509 1801; x_wconf 90' lang='lat'>15.</span> <span class='ocrx_word' id='word_1_196' title='bbox 525 1769 664 1807; x_wconf 83' lang='lat' dir='ltr'>fretum,</span> <span class='ocrx_word' id='word_1_197' title='bbox 678 1769 765 1808; x_wconf 89' lang='lat' dir='ltr'>quod</span> <span class='ocrx_word' id='word_1_198' title='bbox 778 1769 856 1799; x_wconf 89' lang='lat' dir='ltr'>Pro-</span> 
     </span>
     <span class='ocr_line' id='line_1_38' title="bbox 116 1813 856 1852; baseline 0.003 -10"><span class='ocrx_word' id='word_1_199' title='bbox 116 1813 288 1852; x_wconf 86' lang='lat' dir='ltr'>pontidem</span> <span class='ocrx_word' id='word_1_200' title='bbox 305 1818 341 1842; x_wconf 86' lang='lat' dir='ltr'>et</span> <span class='ocrx_word' id='word_1_201' title='bbox 357 1813 500 1843; x_wconf 83' lang='lat' dir='ltr'>Pontum</span> <span class='ocrx_word' id='word_1_202' title='bbox 518 1813 688 1844; x_wconf 84' lang='lat' dir='ltr'>Euxinum</span> <span class='ocrx_word' id='word_1_203' title='bbox 700 1814 856 1844; x_wconf 84' lang='lat' dir='ltr'>commit-</span> 
     </span>
     <span class='ocr_line' id='line_1_39' title="bbox 115 1856 466 1895; baseline 0 -9"><span class='ocrx_word' id='word_1_204' title='bbox 115 1856 172 1886; x_wconf 80' lang='lat' dir='ltr'>tit.</span> <span class='ocrx_word' id='word_1_205' title='bbox 190 1865 211 1885; x_wconf 89' lang='lat' dir='ltr'>a</span> <span class='ocrx_word' id='word_1_206' title='bbox 225 1866 292 1895; x_wconf 85' lang='lat' dir='ltr'>quo</span> <span class='ocrx_word' id='word_1_207' title='bbox 307 1856 466 1893; x_wconf 70' lang='lat' dir='ltr'>dicuntur</span> 
     </span>
    </p>

    <p class='ocr_par' dir='ltr' id='par_1_13' title="bbox 115 1898 855 1983">
     <span class='ocr_line' id='line_1_40' title="bbox 158 1898 855 1941; baseline -0.001 -11"><span class='ocrx_word' id='word_1_208' title='bbox 158 1899 355 1939; x_wconf 65' lang='lat' dir='ltr'>Bosporani,</span> <span class='ocrx_word' id='word_1_209' title='bbox 370 1899 410 1930; x_wconf 90' lang='lat' dir='ltr'>L.</span> <span class='ocrx_word' id='word_1_210' title='bbox 428 1899 521 1930; x_wconf 87' lang='lat' dir='ltr'>Man.</span> <span class='ocrx_word' id='word_1_211' title='bbox 537 1902 569 1931; x_wconf 84' lang='lat'>4.</span> <span class='ocrx_word' id='word_1_212' title='bbox 587 1898 701 1941; x_wconf 90' lang='lat' dir='ltr'>populi</span> <span class='ocrx_word' id='word_1_213' title='bbox 718 1898 761 1929; x_wconf 82' lang='lat' dir='ltr'>ad</span> <span class='ocrx_word' id='word_1_214' title='bbox 775 1898 855 1930; x_wconf 87' lang='lat' dir='ltr'>Bos-</span> 
     </span>
     <span class='ocr_line' id='line_1_41' title="bbox 115 1943 401 1983; baseline 0.007 -12"><span class='ocrx_word' id='word_1_215' title='bbox 115 1952 236 1983; x_wconf 84' lang='lat' dir='ltr'>porum</span> <span class='ocrx_word' id='word_1_216' title='bbox 252 1943 401 1973; x_wconf 79' lang='lat' dir='ltr'>Asiatici.</span> 
     </span>
    </p>

    <p class='ocr_par' dir='ltr' id='par_1_14' title="bbox 117 1986 855 2059">
     <span class='ocr_line' id='line_1_42' title="bbox 161 1986 855 2027; baseline -0.001 -10"><span class='ocrx_word' id='word_1_217' title='bbox 161 1986 360 2025; x_wconf 74' lang='lat' dir='ltr'>Bovianum,</span> <span class='ocrx_word' id='word_1_218' title='bbox 373 1986 507 2017; x_wconf 88' lang='lat' dir='ltr'>Cluent.</span> <span class='ocrx_word' id='word_1_219' title='bbox 524 1990 576 2022; x_wconf 82' lang='grc'>79.</span> <span class='ocrx_word' id='word_1_220' title='bbox 589 1986 750 2027; x_wconf 88' lang='lat' dir='ltr'>oppidum</span> <span class='ocrx_word' id='word_1_221' title='bbox 762 1986 855 2016; x_wconf 90' lang='lat' dir='ltr'>Sam-</span> 
     </span>
     <span class='ocr_line' id='line_1_43' title="bbox 117 2029 252 2059; baseline 0 0"><span class='ocrx_word' id='word_1_222' title='bbox 117 2029 252 2059; x_wconf 77' lang='lat' dir='ltr'>nitium.</span> 
     </span>
    </p>

    <p class='ocr_par' dir='ltr' id='par_1_15' title="bbox 113 2072 854 2322">
     <span class='ocr_line' id='line_1_44' title="bbox 159 2072 854 2113; baseline -0.001 -9"><span class='ocrx_word' id='word_1_223' title='bbox 159 2073 309 2110; x_wconf 74' lang='lat' dir='ltr'>Bovillae,</span> <span class='ocrx_word' id='word_1_224' title='bbox 327 2072 369 2103; x_wconf 84' lang='lat' dir='ltr'>ad</span> <span class='ocrx_word' id='word_1_225' title='bbox 383 2073 456 2103; x_wconf 78' lang='lat' dir='ltr'>Att.</span> <span class='ocrx_word' id='word_1_226' title='bbox 473 2073 516 2103; x_wconf 86' lang='lat' dir='ltr'>vi.</span> <span class='ocrx_word' id='word_1_227' title='bbox 537 2075 586 2104; x_wconf 84' lang='lat'>13.</span> <span class='ocrx_word' id='word_1_228' title='bbox 603 2072 763 2113; x_wconf 89' lang='lat' dir='ltr'>oppidum</span> <span class='ocrx_word' id='word_1_229' title='bbox 787 2082 854 2103; x_wconf 92' lang='lat' dir='ltr'>non</span> 
     </span>
     <span class='ocr_line' id='line_1_45' title="bbox 113 2115 853 2157; baseline 0 -11"><span class='ocrx_word' id='word_1_230' title='bbox 113 2116 229 2157; x_wconf 85' lang='lat' dir='ltr'>procul</span> <span class='ocrx_word' id='word_1_231' title='bbox 245 2127 266 2147; x_wconf 90' lang='lat' dir='ltr'>a</span> <span class='ocrx_word' id='word_1_232' title='bbox 281 2115 355 2146; x_wconf 84' lang='lat' dir='ltr'>lacu</span> <span class='ocrx_word' id='word_1_233' title='bbox 373 2116 500 2146; x_wconf 80' lang='lat' dir='ltr'>Albano</span> <span class='ocrx_word' id='word_1_234' title='bbox 523 2116 564 2146; x_wconf 82' lang='lat' dir='ltr'>ad</span> <span class='ocrx_word' id='word_1_235' title='bbox 586 2117 673 2146; x_wconf 78' lang='lat' dir='ltr'>viam</span> <span class='ocrx_word' id='word_1_236' title='bbox 697 2117 853 2156; x_wconf 80' lang='lat' dir='ltr'>Appiam,</span> 
     </span>
     <span class='ocr_line' id='line_1_46' title="bbox 115 2159 854 2199; baseline 0 -10"><span class='ocrx_word' id='word_1_237' title='bbox 115 2159 156 2190; x_wconf 81' lang='lat' dir='ltr'>ad</span> <span class='ocrx_word' id='word_1_238' title='bbox 182 2160 272 2199; x_wconf 88' lang='lat' dir='ltr'>quod</span> <span class='ocrx_word' id='word_1_239' title='bbox 297 2159 431 2190; x_wconf 82' lang='lat' dir='ltr'>Clodius</span> <span class='ocrx_word' id='word_1_240' title='bbox 459 2170 478 2190; x_wconf 91' lang='lat' dir='ltr'>a</span> <span class='ocrx_word' id='word_1_241' title='bbox 503 2159 629 2190; x_wconf 82' lang='lat' dir='ltr'>Milone</span> <span class='ocrx_word' id='word_1_242' title='bbox 658 2160 854 2190; x_wconf 79' lang='lat' dir='ltr'>interfectus</span> 
     </span>
     <span class='ocr_line' id='line_1_47' title="bbox 116 2203 854 2242; baseline 0.001 -10"><span class='ocrx_word' id='word_1_243' title='bbox 116 2209 180 2240; x_wconf 87' lang='lat' dir='ltr'>est,</span> <span class='ocrx_word' id='word_1_244' title='bbox 195 2213 294 2242; x_wconf 90' lang='lat' dir='ltr'>quam</span> <span class='ocrx_word' id='word_1_245' title='bbox 307 2203 433 2234; x_wconf 81' lang='lat' dir='ltr'>caedem</span> <span class='ocrx_word' id='word_1_246' title='bbox 446 2204 562 2234; x_wconf 87' lang='lat' dir='ltr'>Cicero</span> <span class='ocrx_word' id='word_1_247' title='bbox 572 2212 725 2242; x_wconf 74' lang='lat' dir='ltr'>pugnam</span> <span class='ocrx_word' id='word_1_248' title='bbox 742 2204 854 2234; x_wconf 77' lang='lat' dir='ltr'>Bovil-</span> 
     </span>
     <span class='ocr_line' id='line_1_48' title="bbox 116 2246 853 2287; baseline 0 -10"><span class='ocrx_word' id='word_1_249' title='bbox 116 2247 184 2277; x_wconf 83' lang='lat' dir='ltr'>lam</span> <span class='ocrx_word' id='word_1_250' title='bbox 200 2252 315 2277; x_wconf 78' lang='lat' dir='ltr'>vocat:</span> <span class='ocrx_word' id='word_1_251' title='bbox 336 2256 389 2287; x_wconf 90' lang='lat' dir='ltr'>ap.</span> <span class='ocrx_word' id='word_1_252' title='bbox 407 2247 519 2277; x_wconf 89' lang='lat' dir='ltr'>Front.</span> <span class='ocrx_word' id='word_1_253' title='bbox 537 2247 576 2276; x_wconf 89' lang='lat' dir='ltr'>de</span> <span class='ocrx_word' id='word_1_254' title='bbox 593 2246 709 2276; x_wconf 73' lang='lat' dir='ltr'>colon.</span> <span class='ocrx_word' id='word_1_255' title='bbox 726 2257 759 2287; x_wconf 90' lang='lat' dir='ltr'>p.</span> <span class='ocrx_word' id='word_1_256' title='bbox 780 2250 853 2278; x_wconf 87' lang='grc'><strong>103.</strong></span> 
     </span>
     <span class='ocr_line' id='line_1_49' title="bbox 115 2290 446 2322; baseline -0.003 -1"><span class='ocrx_word' id='word_1_257' title='bbox 115 2296 167 2321; x_wconf 66' lang='lat' dir='ltr'>ost</span> <span class='ocrx_word' id='word_1_258' title='bbox 183 2290 285 2320; x_wconf 83' lang='lat' dir='ltr'>etiam</span> <span class='ocrx_word' id='word_1_259' title='bbox 303 2291 446 2322; x_wconf 67' lang='lat' dir='ltr'>Bor-illa.</span> 
     </span>
    </p>

    <p class='ocr_par' dir='ltr' id='par_1_16' title="bbox 158 2333 650 2373">
     <span class='ocr_line' id='line_1_50' title="bbox 158 2333 650 2373; baseline -0.002 -8"><span class='ocrx_word' id='word_1_260' title='bbox 158 2333 310 2365; x_wconf 76' lang='lat' dir='ltr'>Bovilcus</span> <span class='ocrx_word' id='word_1_261' title='bbox 325 2334 389 2373; x_wconf 78' lang='lat' dir='ltr'>adj.</span> <span class='ocrx_word' id='word_1_262' title='bbox 407 2334 449 2364; x_wconf 86' lang='lat' dir='ltr'>ad</span> <span class='ocrx_word' id='word_1_263' title='bbox 464 2333 535 2364; x_wconf 89' lang='lat' dir='ltr'>Att.</span> <span class='ocrx_word' id='word_1_264' title='bbox 552 2343 583 2363; x_wconf 91' lang='lat' dir='ltr'>v.</span> <span class='ocrx_word' id='word_1_265' title='bbox 601 2336 650 2364; x_wconf 80' lang='lat'>13.</span> 
     </span>
    </p>

    <p class='ocr_par' dir='ltr' id='par_1_17' title="bbox 158 2377 773 2417">
     <span class='ocr_line' id='line_1_51' title="bbox 158 2377 773 2417; baseline -0.003 -9"><span class='ocrx_word' id='word_1_266' title='bbox 158 2377 338 2408; x_wconf 68' lang='lat' dir='ltr'>Bovillana</span> <span class='ocrx_word' id='word_1_267' title='bbox 353 2378 519 2414; x_wconf 72' lang='lat' dir='ltr'>vicinitas,</span> <span class='ocrx_word' id='word_1_268' title='bbox 537 2387 595 2417; x_wconf 86' lang='lat' dir='ltr'>pro</span> <span class='ocrx_word' id='word_1_269' title='bbox 613 2377 724 2406; x_wconf 87' lang='lat' dir='ltr'>Plane.</span> <span class='ocrx_word' id='word_1_270' title='bbox 741 2380 773 2410; x_wconf 85' lang='lat'>9.</span> 
     </span>
    </p>

    <p class='ocr_par' dir='ltr' id='par_1_18' title="bbox 114 2420 854 2547">
     <span class='ocr_line' id='line_1_52' title="bbox 159 2420 852 2459; baseline -0.001 -8"><span class='ocrx_word' id='word_1_271' title='bbox 159 2421 356 2451; x_wconf 72' lang='lat' dir='ltr'>Bwiuanns</span> <span class='ocrx_word' id='word_1_272' title='bbox 379 2421 529 2457; x_wconf 71' lang='lat' dir='ltr'>Fundus,</span> <span class='ocrx_word' id='word_1_273' title='bbox 547 2420 587 2450; x_wconf 82' lang='lat' dir='ltr'>ad</span> <span class='ocrx_word' id='word_1_274' title='bbox 610 2420 650 2459; x_wconf 73' lang='grc' dir='ltr'>Ω.</span> <span class='ocrx_word' id='word_1_275' title='bbox 677 2420 726 2450; x_wconf 84' lang='lat' dir='ltr'>Fr.</span> <span class='ocrx_word' id='word_1_276' title='bbox 752 2420 796 2450; x_wconf 84' lang='lat' dir='ltr'>iii.</span> <span class='ocrx_word' id='word_1_277' title='bbox 824 2423 852 2450; x_wconf 92' lang='lat'>1.</span> 
     </span>
     <span class='ocr_line' id='line_1_53' title="bbox 114 2462 854 2504; baseline -0.005 -8"><span class='ocrx_word' id='word_1_278' title='bbox 114 2465 146 2496; x_wconf 72' lang='lat'>2.</span> <span class='ocrx_word' id='word_1_279' title='bbox 165 2463 206 2494; x_wconf 88' lang='lat' dir='ltr'>ab</span> <span class='ocrx_word' id='word_1_280' title='bbox 222 2463 358 2503; x_wconf 83' lang='lat' dir='ltr'>ignobili</span> <span class='ocrx_word' id='word_1_281' title='bbox 376 2464 448 2494; x_wconf 81' lang='lat' dir='ltr'>loeo</span> <span class='ocrx_word' id='word_1_282' title='bbox 465 2465 499 2494; x_wconf 87' lang='lat' dir='ltr'>in</span> <span class='ocrx_word' id='word_1_283' title='bbox 515 2464 682 2504; x_wconf 82' lang='lat' dir='ltr'>Arpinati,</span> <span class='ocrx_word' id='word_1_284' title='bbox 700 2472 767 2493; x_wconf 89' lang='lat' dir='ltr'>non</span> <span class='ocrx_word' id='word_1_285' title='bbox 790 2462 854 2493; x_wconf 89' lang='lat' dir='ltr'>Bo-</span> 
     </span>
     <span class='ocr_line' id='line_1_54' title="bbox 114 2506 710 2547; baseline 0 -11"><span class='ocrx_word' id='word_1_286' title='bbox 114 2506 201 2537; x_wconf 82' lang='lat' dir='ltr'>villis</span> <span class='ocrx_word' id='word_1_287' title='bbox 218 2506 295 2545; x_wconf 86' lang='lat' dir='ltr'>illis,</span> <span class='ocrx_word' id='word_1_288' title='bbox 312 2517 386 2546; x_wconf 82' lang='lat' dir='ltr'>quae</span> <span class='ocrx_word' id='word_1_289' title='bbox 403 2511 483 2538; x_wconf 90' lang='lat' dir='ltr'>sunt</span> <span class='ocrx_word' id='word_1_290' title='bbox 499 2507 540 2538; x_wconf 82' lang='lat' dir='ltr'>ad</span> <span class='ocrx_word' id='word_1_291' title='bbox 555 2508 710 2547; x_wconf 81' lang='lat' dir='ltr'>Appiam.</span> 
     </span>
    </p>

    <p class='ocr_par' dir='ltr' id='par_1_19' title="bbox 114 2549 854 2668">
     <span class='ocr_line' id='line_1_55' title="bbox 160 2549 854 2591; baseline -0.003 -10"><span class='ocrx_word' id='word_1_292' title='bbox 160 2551 403 2588; x_wconf 62' lang='lat' dir='ltr'>Brundusium,</span> <span class='ocrx_word' id='word_1_293' title='bbox 432 2551 592 2591; x_wconf 85' lang='lat' dir='ltr'>oppidum</span> <span class='ocrx_word' id='word_1_294' title='bbox 623 2552 658 2580; x_wconf 91' lang='lat' dir='ltr'>in</span> <span class='ocrx_word' id='word_1_295' title='bbox 690 2549 854 2586; x_wconf 83' lang='lat' dir='ltr'>Calabria,</span> 
     </span>
     <span class='ocr_line' id='line_1_56' title="bbox 114 2593 854 2634; baseline 0 -11"><span class='ocrx_word' id='word_1_296' title='bbox 114 2601 213 2634; x_wconf 78' lang='lat' dir='ltr'>portu</span> <span class='ocrx_word' id='word_1_297' title='bbox 239 2594 272 2624; x_wconf 92' lang='lat' dir='ltr'>in</span> <span class='ocrx_word' id='word_1_298' title='bbox 296 2595 411 2634; x_wconf 87' lang='lat' dir='ltr'>primis</span> <span class='ocrx_word' id='word_1_299' title='bbox 434 2594 550 2632; x_wconf 86' lang='lat' dir='ltr'>nobili,</span> <span class='ocrx_word' id='word_1_300' title='bbox 574 2604 592 2624; x_wconf 90' lang='lat' dir='ltr'>e</span> <span class='ocrx_word' id='word_1_301' title='bbox 611 2603 676 2633; x_wconf 90' lang='lat' dir='ltr'>quo</span> <span class='ocrx_word' id='word_1_302' title='bbox 692 2593 854 2632; x_wconf 86' lang='lat' dir='ltr'>trajectus</span> 
     </span>
     <span class='ocr_line' id='line_1_57' title="bbox 116 2637 342 2668; baseline -0.004 0"><span class='ocrx_word' id='word_1_303' title='bbox 116 2638 150 2668; x_wconf 79' lang='lat' dir='ltr'>in</span> <span class='ocrx_word' id='word_1_304' title='bbox 167 2637 342 2668; x_wconf 80' lang='lat' dir='ltr'>Graeeiam.</span> 
     </span>
    </p>

    <p class='ocr_par' dir='ltr' id='par_1_20' title="bbox 159 2680 745 2721">
     <span class='ocr_line' id='line_1_58' title="bbox 159 2680 745 2721; baseline -0.002 -10"><span class='ocrx_word' id='word_1_305' title='bbox 159 2681 302 2718; x_wconf 73' lang='lat' dir='ltr'>Bruttii,</span> <span class='ocrx_word' id='word_1_306' title='bbox 319 2681 432 2721; x_wconf 91' lang='lat' dir='ltr'>populi</span> <span class='ocrx_word' id='word_1_307' title='bbox 449 2690 579 2721; x_wconf 80' lang='lat' dir='ltr'>magnae</span> <span class='ocrx_word' id='word_1_308' title='bbox 596 2680 745 2711; x_wconf 78' lang='lat' dir='ltr'>Graeeiae.</span> 
     </span>
    </p>

    <p class='ocr_par' dir='ltr' id='par_1_21' title="bbox 114 2722 856 2974">
     <span class='ocr_line' id='line_1_59' title="bbox 159 2722 856 2761; baseline -0.004 -6"><span class='ocrx_word' id='word_1_309' title='bbox 159 2725 360 2761; x_wconf 75' lang='lat' dir='ltr'>Bullienses,</span> <span class='ocrx_word' id='word_1_310' title='bbox 380 2725 414 2755; x_wconf 87' lang='lat' dir='ltr'>in</span> <span class='ocrx_word' id='word_1_311' title='bbox 438 2725 547 2755; x_wconf 83' lang='lat' dir='ltr'>Pison.</span> <span class='ocrx_word' id='word_1_312' title='bbox 571 2727 624 2755; x_wconf 86' lang='lat'>40.</span> <span class='ocrx_word' id='word_1_313' title='bbox 657 2725 728 2754; x_wconf 81' lang='lat' dir='ltr'>sine</span> <span class='ocrx_word' id='word_1_314' title='bbox 755 2722 856 2753; x_wconf 88' lang='lat' dir='ltr'>dubio</span> 
     </span>
     <span class='ocr_line' id='line_1_60' title="bbox 115 2766 852 2808; baseline -0.001 -11"><span class='ocrx_word' id='word_1_315' title='bbox 115 2776 136 2797; x_wconf 77' lang='lat' dir='ltr'>a</span> <span class='ocrx_word' id='word_1_316' title='bbox 159 2768 294 2798; x_wconf 79' lang='lat' dir='ltr'>Bullide</span> <span class='ocrx_word' id='word_1_317' title='bbox 317 2768 522 2798; x_wconf 83' lang='lat' dir='ltr'>Macedoniae</span> <span class='ocrx_word' id='word_1_318' title='bbox 549 2768 694 2808; x_wconf 82' lang='lat' dir='ltr'>(proprie</span> <span class='ocrx_word' id='word_1_319' title='bbox 719 2766 852 2806; x_wconf 83' lang='lat' dir='ltr'>lllyriae)</span> 
     </span>
     <span class='ocr_line' id='line_1_61' title="bbox 115 2810 856 2842; baseline -0.001 -2"><span class='ocrx_word' id='word_1_320' title='bbox 115 2810 198 2840; x_wconf 86' lang='lat' dir='ltr'>urbe</span> <span class='ocrx_word' id='word_1_321' title='bbox 221 2817 257 2841; x_wconf 84' lang='lat' dir='ltr'>et</span> <span class='ocrx_word' id='word_1_322' title='bbox 281 2810 402 2842; x_wconf 79' lang='lat' dir='ltr'>Caesari</span> <span class='ocrx_word' id='word_1_323' title='bbox 426 2812 466 2841; x_wconf 87' lang='lat' dir='ltr'>de</span> <span class='ocrx_word' id='word_1_324' title='bbox 483 2811 520 2841; x_wconf 90' lang='lat' dir='ltr'>B.</span> <span class='ocrx_word' id='word_1_325' title='bbox 539 2812 576 2841; x_wconf 89' lang='lat' dir='ltr'>C.</span> <span class='ocrx_word' id='word_1_326' title='bbox 594 2811 640 2841; x_wconf 91' lang='lat' dir='ltr'>iii.</span> <span class='ocrx_word' id='word_1_327' title='bbox 658 2814 711 2842; x_wconf 80' lang='lat'>40.</span> <span class='ocrx_word' id='word_1_328' title='bbox 730 2819 856 2840; x_wconf 82' lang='lat' dir='ltr'>memo-</span> 
     </span>
     <span class='ocr_line' id='line_1_62' title="bbox 114 2853 856 2890; baseline -0.001 -7"><span class='ocrx_word' id='word_1_329' title='bbox 114 2858 202 2890; x_wconf 78' lang='lat' dir='ltr'>rata,</span> <span class='ocrx_word' id='word_1_330' title='bbox 214 2854 304 2885; x_wconf 88' lang='lat' dir='ltr'>unde</span> <span class='ocrx_word' id='word_1_331' title='bbox 321 2853 354 2884; x_wconf 85' lang='lat' dir='ltr'>F.</span> <span class='ocrx_word' id='word_1_332' title='bbox 373 2855 514 2885; x_wconf 83' lang='lat' dir='ltr'>Ursinus</span> <span class='ocrx_word' id='word_1_333' title='bbox 531 2855 752 2885; x_wconf 78' lang='lat' dir='ltr'>rescribebat:</span> <span class='ocrx_word' id='word_1_334' title='bbox 771 2854 856 2884; x_wconf 82' lang='lat' dir='ltr'>Bul-</span> 
     </span>
     <span class='ocr_line' id='line_1_63' title="bbox 117 2896 855 2934; baseline -0.001 -8"><span class='ocrx_word' id='word_1_335' title='bbox 117 2897 266 2934; x_wconf 77' lang='lat' dir='ltr'>lidenses,</span> <span class='ocrx_word' id='word_1_336' title='bbox 289 2902 329 2927; x_wconf 87' lang='lat' dir='ltr'>ut</span> <span class='ocrx_word' id='word_1_337' title='bbox 355 2898 456 2929; x_wconf 88' lang='lat' dir='ltr'>habet</span> <span class='ocrx_word' id='word_1_338' title='bbox 481 2898 569 2928; x_wconf 88' lang='lat' dir='ltr'>idem</span> <span class='ocrx_word' id='word_1_339' title='bbox 594 2897 705 2928; x_wconf 74' lang='lat' dir='ltr'>Caesar</span> <span class='ocrx_word' id='word_1_340' title='bbox 726 2896 747 2926; x_wconf 93' lang='grc'>1.</span> <span class='ocrx_word' id='word_1_341' title='bbox 773 2907 801 2926; x_wconf 88' lang='lat' dir='ltr'>c.</span> <span class='ocrx_word' id='word_1_342' title='bbox 827 2906 855 2926; x_wconf 91' lang='lat' dir='ltr'>c.</span> 
     </span>
     <span class='ocr_line' id='line_1_64' title="bbox 118 2940 855 2974; baseline -0.004 -2"><span class='ocrx_word' id='word_1_343' title='bbox 118 2941 172 2972; x_wconf 78' lang='lat'>12.</span> <span class='ocrx_word' id='word_1_344' title='bbox 187 2940 271 2972; x_wconf 71' lang='lat' dir='ltr'>item</span> <span class='ocrx_word' id='word_1_345' title='bbox 289 2941 416 2973; x_wconf 76' lang='lat' dir='ltr'>Plinius</span> <span class='ocrx_word' id='word_1_346' title='bbox 439 2942 547 2974; x_wconf 75' lang='lat' dir='ltr'>maior</span> <span class='ocrx_word' id='word_1_347' title='bbox 569 2942 612 2972; x_wconf 84' lang='lat' dir='ltr'>iv.</span> <span class='ocrx_word' id='word_1_348' title='bbox 639 2944 689 2972; x_wconf 88' lang='grc'>10.</span> <span class='ocrx_word' id='word_1_349' title='bbox 711 2940 795 2971; x_wconf 80' lang='lat' dir='ltr'>Phil.</span> <span class='ocrx_word' id='word_1_350' title='bbox 810 2940 855 2970; x_wconf 61' lang='lat' dir='ltr'>xi.</span> 
     </span>
    </p>
   </div>
   <div class='ocr_carea' id='block_1_3' title="bbox 1575 154 1632 192">
    <p class='ocr_par' dir='ltr' id='par_1_22' title="bbox 1575 154 1632 192">
     <span class='ocr_line' id='line_1_65' title="bbox 1575 154 1632 192; baseline 0 -1"><span class='ocrx_word' id='word_1_351' title='bbox 1575 154 1632 192; x_wconf 66' lang='lat'>⁸9</span> 
     </span>
    </p>
   </div>
   <div class='ocr_carea' id='block_1_4' title="bbox 899 251 1639 801">
    <p class='ocr_par' dir='ltr' id='par_1_23' title="bbox 901 251 1634 325">
     <span class='ocr_line' id='line_1_66' title="bbox 902 251 1634 292; baseline 0 -10"><span class='ocrx_word' id='word_1_352' title='bbox 902 255 952 282; x_wconf 93' lang='grc'>11.</span> <span class='ocrx_word' id='word_1_353' title='bbox 968 252 1091 283; x_wconf 85' lang='lat' dir='ltr'>dicitur</span> <span class='ocrx_word' id='word_1_354' title='bbox 1107 253 1225 292; x_wconf 70' lang='lat' dir='ltr'>Bynu.</span> <span class='ocrx_word' id='word_1_355' title='bbox 1249 252 1291 282; x_wconf 80' lang='lat' dir='ltr'>ad</span> <span class='ocrx_word' id='word_1_356' title='bbox 1307 251 1383 283; x_wconf 63' lang='lat' dir='ltr'>Dav.</span> <span class='ocrx_word' id='word_1_357' title='bbox 1400 254 1468 283; x_wconf 81' lang='lat' dir='ltr'>xiii.</span> <span class='ocrx_word' id='word_1_358' title='bbox 1480 255 1533 285; x_wconf 71' lang='lat'>⁴2.</span> <span class='ocrx_word' id='word_1_359' title='bbox 1549 253 1634 284; x_wconf 76' lang='lat' dir='ltr'>But·</span> 
     </span>
     <span class='ocr_line' id='line_1_67' title="bbox 901 297 1009 325; baseline -0.009 0"><span class='ocrx_word' id='word_1_360' title='bbox 901 297 1009 325; x_wconf 68' lang='lat' dir='ltr'>hones.</span> 
     </span>
    </p>

    <p class='ocr_par' dir='ltr' id='par_1_24' title="bbox 899 338 1635 548">
     <span class='ocr_line' id='line_1_68' title="bbox 945 338 1633 378; baseline -0.004 -9"><span class='ocrx_word' id='word_1_361' title='bbox 945 339 1157 375; x_wconf 72' lang='lat' dir='ltr'>Buthrotum,</span> <span class='ocrx_word' id='word_1_362' title='bbox 1181 338 1339 378; x_wconf 85' lang='lat' dir='ltr'>oppidum</span> <span class='ocrx_word' id='word_1_363' title='bbox 1372 339 1476 377; x_wconf 82' lang='lat' dir='ltr'>Epiri,</span> <span class='ocrx_word' id='word_1_364' title='bbox 1502 339 1536 367; x_wconf 89' lang='lat' dir='ltr'>in</span> <span class='ocrx_word' id='word_1_365' title='bbox 1567 348 1633 376; x_wconf 82' lang='lat' dir='ltr'>quo</span> 
     </span>
     <span class='ocr_line' id='line_1_69' title="bbox 899 380 1632 416; baseline -0.003 -5"><span class='ocrx_word' id='word_1_366' title='bbox 899 380 1031 412; x_wconf 78' lang='lat' dir='ltr'>Atticus</span> <span class='ocrx_word' id='word_1_367' title='bbox 1055 382 1191 412; x_wconf 83' lang='lat' dir='ltr'>domum</span> <span class='ocrx_word' id='word_1_368' title='bbox 1216 382 1342 411; x_wconf 77' lang='lat' dir='ltr'>habuit.</span> <span class='ocrx_word' id='word_1_369' title='bbox 1390 382 1440 412; x_wconf 84' lang='lat' dir='ltr'>De</span> <span class='ocrx_word' id='word_1_370' title='bbox 1457 381 1527 416; x_wconf 74' lang='lat' dir='ltr'>ejus</span> <span class='ocrx_word' id='word_1_371' title='bbox 1543 381 1632 410; x_wconf 71' lang='lat' dir='ltr'>urbis</span> 
     </span>
     <span class='ocr_line' id='line_1_70' title="bbox 900 423 1631 464; baseline -0.001 -10"><span class='ocrx_word' id='word_1_372' title='bbox 900 434 1000 454; x_wconf 84' lang='lat' dir='ltr'>causa</span> <span class='ocrx_word' id='word_1_373' title='bbox 1030 434 1116 464; x_wconf 68' lang='lat' dir='ltr'>saepe</span> <span class='ocrx_word' id='word_1_374' title='bbox 1142 430 1192 454; x_wconf 85' lang='lat' dir='ltr'>est</span> <span class='ocrx_word' id='word_1_375' title='bbox 1221 425 1255 454; x_wconf 88' lang='lat' dir='ltr'>in</span> <span class='ocrx_word' id='word_1_376' title='bbox 1284 434 1360 464; x_wconf 85' lang='lat' dir='ltr'>epp.</span> <span class='ocrx_word' id='word_1_377' title='bbox 1390 424 1430 454; x_wconf 78' lang='lat' dir='ltr'>ad</span> <span class='ocrx_word' id='word_1_378' title='bbox 1459 423 1529 453; x_wconf 79' lang='lat' dir='ltr'>Att.</span> <span class='ocrx_word' id='word_1_379' title='bbox 1559 433 1631 461; x_wconf 64' lang='lat' dir='ltr'>qum</span> 
     </span>
     <span class='ocr_line' id='line_1_71' title="bbox 900 466 1635 508; baseline -0.004 -10"><span class='ocrx_word' id='word_1_380' title='bbox 900 469 1112 505; x_wconf 64' lang='lat' dir='ltr'>commscitur</span> <span class='ocrx_word' id='word_1_381' title='bbox 1127 468 1252 508; x_wconf 75' lang='lat' dir='ltr'>optime</span> <span class='ocrx_word' id='word_1_382' title='bbox 1268 477 1308 497; x_wconf 73' lang='lat' dir='ltr'>ex</span> <span class='ocrx_word' id='word_1_383' title='bbox 1325 466 1465 507; x_wconf 81' lang='lat' dir='ltr'>epistola</span> <span class='ocrx_word' id='word_1_384' title='bbox 1481 466 1522 496; x_wconf 86' lang='lat' dir='ltr'>ad</span> <span class='ocrx_word' id='word_1_385' title='bbox 1538 466 1635 496; x_wconf 86' lang='lat' dir='ltr'>Plan-</span> 
     </span>
     <span class='ocr_line' id='line_1_72' title="bbox 901 511 1289 548; baseline -0.003 -6"><span class='ocrx_word' id='word_1_386' title='bbox 901 522 992 548; x_wconf 83' lang='lat' dir='ltr'>cum,</span> <span class='ocrx_word' id='word_1_387' title='bbox 1010 511 1051 541; x_wconf 80' lang='lat' dir='ltr'>ad</span> <span class='ocrx_word' id='word_1_388' title='bbox 1067 512 1137 541; x_wconf 72' lang='lat' dir='ltr'>Att.</span> <span class='ocrx_word' id='word_1_389' title='bbox 1156 511 1219 541; x_wconf 79' lang='lat' dir='ltr'>xvi.</span> <span class='ocrx_word' id='word_1_390' title='bbox 1242 512 1289 541; x_wconf 83' lang='grc'>16.</span> 
     </span>
    </p>

    <p class='ocr_par' dir='ltr' id='par_1_25' title="bbox 944 551 1603 590">
     <span class='ocr_line' id='line_1_73' title="bbox 944 551 1603 590; baseline -0.006 -5"><span class='ocrx_word' id='word_1_391' title='bbox 944 556 1158 590; x_wconf 74' lang='lat' dir='ltr'>Buthrotum,</span> <span class='ocrx_word' id='word_1_392' title='bbox 1177 554 1218 584; x_wconf 82' lang='lat' dir='ltr'>ad</span> <span class='ocrx_word' id='word_1_393' title='bbox 1234 554 1304 583; x_wconf 79' lang='lat' dir='ltr'>Att.</span> <span class='ocrx_word' id='word_1_394' title='bbox 1323 554 1365 583; x_wconf 80' lang='lat' dir='ltr'>iv.</span> <span class='ocrx_word' id='word_1_395' title='bbox 1382 556 1413 583; x_wconf 77' lang='lat'>8.</span> <span class='ocrx_word' id='word_1_396' title='bbox 1431 551 1603 590; x_wconf 70' lang='lat' dir='ltr'>adjective.</span> 
     </span>
    </p>

    <p class='ocr_par' dir='ltr' id='par_1_26' title="bbox 900 596 1639 801">
     <span class='ocr_line' id='line_1_74' title="bbox 945 596 1638 637; baseline -0.003 -9"><span class='ocrx_word' id='word_1_397' title='bbox 945 599 1066 637; x_wconf 79' lang='lat' dir='ltr'>Byllis,</span> <span class='ocrx_word' id='word_1_398' title='bbox 1086 598 1203 637; x_wconf 84' lang='lat' dir='ltr'>Philip.</span> <span class='ocrx_word' id='word_1_399' title='bbox 1222 599 1264 627; x_wconf 84' lang='lat' dir='ltr'>xi.</span> <span class='ocrx_word' id='word_1_400' title='bbox 1287 600 1334 627; x_wconf 91' lang='grc'>11.</span> <span class='ocrx_word' id='word_1_401' title='bbox 1352 596 1510 636; x_wconf 83' lang='lat' dir='ltr'>oppidum</span> <span class='ocrx_word' id='word_1_402' title='bbox 1529 597 1562 625; x_wconf 89' lang='lat' dir='ltr'>in</span> <span class='ocrx_word' id='word_1_403' title='bbox 1579 605 1638 626; x_wconf 70' lang='lat' dir='ltr'>ora</span> 
     </span>
     <span class='ocr_line' id='line_1_75' title="bbox 902 638 1638 679; baseline -0.004 -8"><span class='ocrx_word' id='word_1_404' title='bbox 902 643 1071 671; x_wconf 84' lang='lat' dir='ltr'>maritima</span> <span class='ocrx_word' id='word_1_405' title='bbox 1084 641 1302 676; x_wconf 64' lang='lat' dir='ltr'>Macedoniae,</span> <span class='ocrx_word' id='word_1_406' title='bbox 1314 649 1340 669; x_wconf 79' lang='lat' dir='ltr'>s.</span> <span class='ocrx_word' id='word_1_407' title='bbox 1356 639 1486 679; x_wconf 52' lang='lat' dir='ltr'>Illy-ite,</span> <span class='ocrx_word' id='word_1_408' title='bbox 1499 638 1586 677; x_wconf 84' lang='lat' dir='ltr'>quod</span> <span class='ocrx_word' id='word_1_409' title='bbox 1601 643 1638 668; x_wconf 70' lang='lat' dir='ltr'>ot</span> 
     </span>
     <span class='ocr_line' id='line_1_76' title="bbox 902 682 1636 715; baseline -0.005 -1"><span class='ocrx_word' id='word_1_410' title='bbox 902 685 1014 715; x_wconf 79' lang='lat' dir='ltr'>Bullis</span> <span class='ocrx_word' id='word_1_411' title='bbox 1025 685 1147 714; x_wconf 76' lang='lat' dir='ltr'>«licitur</span> <span class='ocrx_word' id='word_1_412' title='bbox 1161 697 1167 714; x_wconf 90' lang='lat'>:</span> <span class='ocrx_word' id='word_1_413' title='bbox 1193 683 1280 714; x_wconf 87' lang='lat' dir='ltr'>unde</span> <span class='ocrx_word' id='word_1_414' title='bbox 1298 685 1330 713; x_wconf 83' lang='lat' dir='ltr'>iu</span> <span class='ocrx_word' id='word_1_415' title='bbox 1344 682 1434 712; x_wconf 83' lang='lat' dir='ltr'>libris</span> <span class='ocrx_word' id='word_1_416' title='bbox 1453 682 1636 713; x_wconf 69' lang='lat' dir='ltr'>Ballienses</span> 
     </span>
     <span class='ocr_line' id='line_1_77' title="bbox 900 722 1635 766; baseline -0.004 -9"><span class='ocrx_word' id='word_1_417' title='bbox 900 737 924 757; x_wconf 92' lang='lat' dir='ltr'>s.</span> <span class='ocrx_word' id='word_1_418' title='bbox 953 729 1158 759; x_wconf 70' lang='lat' dir='ltr'>Bullidenses</span> <span class='ocrx_word' id='word_1_419' title='bbox 1179 734 1213 757; x_wconf 85' lang='lat' dir='ltr'>et</span> <span class='ocrx_word' id='word_1_420' title='bbox 1238 722 1453 766; x_wconf 59' lang='lat' dir='ltr'>Byllidenses.</span> <span class='ocrx_word' id='word_1_421' title='bbox 1477 725 1542 754; x_wconf 77' lang='lat' dir='ltr'>vid.</span> <span class='ocrx_word' id='word_1_422' title='bbox 1560 724 1635 754; x_wconf 64' lang='lat' dir='ltr'>Var.</span> 
     </span>
     <span class='ocr_line' id='line_1_78' title="bbox 902 770 1639 801; baseline -0.004 0"><span class='ocrx_word' id='word_1_423' title='bbox 902 770 994 801; x_wconf 65' lang='lat' dir='ltr'>[ket.</span> <span class='ocrx_word' id='word_1_424' title='bbox 1018 772 1060 801; x_wconf 85' lang='lat' dir='ltr'>ad</span> <span class='ocrx_word' id='word_1_425' title='bbox 1076 772 1159 801; x_wconf 73' lang='lat' dir='ltr'>Caes,</span> <span class='ocrx_word' id='word_1_426' title='bbox 1184 771 1224 800; x_wconf 75' lang='lat' dir='ltr'>(le</span> <span class='ocrx_word' id='word_1_427' title='bbox 1248 771 1284 800; x_wconf 87' lang='lat' dir='ltr'>B.</span> <span class='ocrx_word' id='word_1_428' title='bbox 1310 770 1346 800; x_wconf 84' lang='lat' dir='ltr'>C.</span> <span class='ocrx_word' id='word_1_429' title='bbox 1372 770 1418 799; x_wconf 78' lang='lat' dir='ltr'>iii.</span> <span class='ocrx_word' id='word_1_430' title='bbox 1446 771 1494 800; x_wconf 70' lang='lat'>12.</span> <span class='ocrx_word' id='word_1_431' title='bbox 1518 771 1571 799; x_wconf 79' lang='lat'>40.</span> <span class='ocrx_word' id='word_1_432' title='bbox 1604 774 1639 798; x_wconf 68' lang='lat' dir='ltr'>et</span> 
     </span>
    </p>
   </div>
   <div class='ocr_carea' id='block_1_5' title="bbox 900 813 1519 889">
    <p class='ocr_par' dir='ltr' id='par_1_27' title="bbox 900 813 1519 889">
     <span class='ocr_line' id='line_1_79' title="bbox 900 813 1519 846; baseline -0.002 -3"><span class='ocrx_word' id='word_1_433' title='bbox 900 815 985 844; x_wconf 80' lang='lat' dir='ltr'>viros</span> <span class='ocrx_word' id='word_1_434' title='bbox 1023 815 1136 844; x_wconf 77' lang='lat' dir='ltr'>doctos</span> <span class='ocrx_word' id='word_1_435' title='bbox 1169 815 1211 844; x_wconf 89' lang='lat' dir='ltr'>ad</span> <span class='ocrx_word' id='word_1_436' title='bbox 1242 813 1312 844; x_wconf 87' lang='lat' dir='ltr'>Liv.</span> <span class='ocrx_word' id='word_1_437' title='bbox 1347 813 1456 843; x_wconf 79' lang='lat' dir='ltr'>xxxvi.</span> <span class='ocrx_word' id='word_1_438' title='bbox 1492 828 1519 846; x_wconf 50' lang='grc' dir='ltr'>Δ.</span> 
     </span>
     <span class='ocr_line' id='line_1_80' title="bbox 901 858 1295 889; baseline 0 -1"><span class='ocrx_word' id='word_1_439' title='bbox 901 858 1072 888; x_wconf 76' lang='lat' dir='ltr'>Drakenb.</span> <span class='ocrx_word' id='word_1_440' title='bbox 1091 858 1132 889; x_wconf 85' lang='lat' dir='ltr'>ad</span> <span class='ocrx_word' id='word_1_441' title='bbox 1147 858 1224 888; x_wconf 77' lang='lat' dir='ltr'>xliv.</span> <span class='ocrx_word' id='word_1_442' title='bbox 1242 861 1295 888; x_wconf 81' lang='lat'>30.</span> 
     </span>
    </p>
   </div>
   <div class='ocr_carea' id='block_1_6' title="bbox 1551 811 1638 852">
    <p class='ocr_par' dir='ltr' id='par_1_28' title="bbox 1551 811 1638 852">
     <span class='ocr_line' id='line_1_81' title="bbox 1551 811 1638 852; baseline 0.011 -11"><span class='ocrx_word' id='word_1_443' title='bbox 1551 811 1638 852; x_wconf 89' lang='lat' dir='ltr'>inpr.</span> 
     </span>
    </p>
   </div>
   <div class='ocr_carea' id='block_1_7' title="bbox 1246 951 1284 981">
    <p class='ocr_par' dir='ltr' id='par_1_29' title="bbox 1246 951 1284 981">
     <span class='ocr_line' id='line_1_82' title="bbox 1246 951 1284 981; baseline 0 0"><span class='ocrx_word' id='word_1_444' title='bbox 1246 951 1284 981; x_wconf 91' lang='lat' dir='ltr'>C.</span> 
     </span>
    </p>
   </div>
   <div class='ocr_carea' id='block_1_8' title="bbox 894 1026 1644 3016">
    <p class='ocr_par' dir='ltr' id='par_1_30' title="bbox 901 1026 1638 1112">
     <span class='ocr_line' id='line_1_83' title="bbox 949 1026 1638 1068; baseline -0.001 -9"><span class='ocrx_word' id='word_1_445' title='bbox 949 1028 1091 1065; x_wconf 67' lang='lat' dir='ltr'>emma,</span> <span class='ocrx_word' id='word_1_446' title='bbox 1119 1027 1159 1058; x_wconf 88' lang='lat' dir='ltr'>ad</span> <span class='ocrx_word' id='word_1_447' title='bbox 1191 1027 1267 1058; x_wconf 85' lang='lat' dir='ltr'>Div.</span> <span class='ocrx_word' id='word_1_448' title='bbox 1303 1029 1367 1059; x_wconf 88' lang='lat' dir='ltr'>xvi.</span> <span class='ocrx_word' id='word_1_449' title='bbox 1395 1030 1448 1062; x_wconf 72' lang='lat'>27.</span> <span class='ocrx_word' id='word_1_450' title='bbox 1476 1026 1638 1068; x_wconf 72' lang='lat' dir='ltr'>oppidum</span> 
     </span>
     <span class='ocr_line' id='line_1_84' title="bbox 901 1071 1456 1112; baseline 0 -10"><span class='ocrx_word' id='word_1_451' title='bbox 901 1072 934 1102; x_wconf 91' lang='lat' dir='ltr'>in</span> <span class='ocrx_word' id='word_1_452' title='bbox 951 1073 1058 1102; x_wconf 86' lang='lat' dir='ltr'>Gallia</span> <span class='ocrx_word' id='word_1_453' title='bbox 1074 1071 1260 1112; x_wconf 88' lang='lat' dir='ltr'>Cispadana</span> <span class='ocrx_word' id='word_1_454' title='bbox 1275 1072 1456 1102; x_wconf 91' lang='lat' dir='ltr'>Senonum.</span> 
     </span>
    </p>

    <p class='ocr_par' dir='ltr' id='par_1_31' title="bbox 949 1115 1535 1155">
     <span class='ocr_line' id='line_1_85' title="bbox 949 1115 1535 1155; baseline 0 -10"><span class='ocrx_word' id='word_1_455' title='bbox 949 1117 1074 1152; x_wconf 72' lang='lat' dir='ltr'>(hic-ns,</span> <span class='ocrx_word' id='word_1_456' title='bbox 1093 1116 1198 1145; x_wconf 72' lang='lat' dir='ltr'>flacc.</span> <span class='ocrx_word' id='word_1_457' title='bbox 1215 1118 1268 1150; x_wconf 72' lang='grc'>99.</span> <span class='ocrx_word' id='word_1_458' title='bbox 1285 1117 1392 1146; x_wconf 82' lang='lat' dir='ltr'>amnis</span> <span class='ocrx_word' id='word_1_459' title='bbox 1409 1115 1535 1155; x_wconf 66' lang='lat' dir='ltr'>Mysiae.</span> 
     </span>
    </p>

    <p class='ocr_par' dir='ltr' id='par_1_32' title="bbox 899 1157 1644 1545">
     <span class='ocr_line' id='line_1_86' title="bbox 949 1157 1641 1199; baseline -0.003 -10"><span class='ocrx_word' id='word_1_460' title='bbox 949 1160 1073 1196; x_wconf 79' lang='lat' dir='ltr'>(aiem,</span> <span class='ocrx_word' id='word_1_461' title='bbox 1102 1159 1144 1189; x_wconf 85' lang='lat' dir='ltr'>ad</span> <span class='ocrx_word' id='word_1_462' title='bbox 1169 1160 1241 1189; x_wconf 78' lang='lat' dir='ltr'>Att.</span> <span class='ocrx_word' id='word_1_463' title='bbox 1269 1159 1290 1188; x_wconf 92' lang='lat' dir='ltr'>i.</span> <span class='ocrx_word' id='word_1_464' title='bbox 1315 1162 1345 1191; x_wconf 82' lang='lat'>3.</span> <span class='ocrx_word' id='word_1_465' title='bbox 1373 1165 1487 1199; x_wconf 82' lang='lat' dir='ltr'>portus</span> <span class='ocrx_word' id='word_1_466' title='bbox 1511 1157 1641 1187; x_wconf 78' lang='lat' dir='ltr'>celeber</span> 
     </span>
     <span class='ocr_line' id='line_1_87' title="bbox 900 1201 1638 1242; baseline -0.003 -10"><span class='ocrx_word' id='word_1_467' title='bbox 900 1201 1021 1239; x_wconf 71' lang='lat' dir='ltr'>Italiae,</span> <span class='ocrx_word' id='word_1_468' title='bbox 1034 1203 1075 1232; x_wconf 85' lang='lat' dir='ltr'>ad</span> <span class='ocrx_word' id='word_1_469' title='bbox 1091 1212 1181 1232; x_wconf 87' lang='lat' dir='ltr'>mare</span> <span class='ocrx_word' id='word_1_470' title='bbox 1194 1202 1350 1238; x_wconf 59' lang='lat' dir='ltr'>infor-um,</span> <span class='ocrx_word' id='word_1_471' title='bbox 1364 1212 1466 1242; x_wconf 82' lang='lat' dir='ltr'>prope</span> <span class='ocrx_word' id='word_1_472' title='bbox 1480 1201 1638 1236; x_wconf 69' lang='lat' dir='ltr'>Formias,</span> 
     </span>
     <span class='ocr_line' id='line_1_88' title="bbox 900 1244 1638 1276; baseline -0.001 -1"><span class='ocrx_word' id='word_1_473' title='bbox 900 1247 955 1276; x_wconf 92' lang='lat' dir='ltr'>ubi</span> <span class='ocrx_word' id='word_1_474' title='bbox 972 1252 1043 1276; x_wconf 81' lang='lat' dir='ltr'>erat</span> <span class='ocrx_word' id='word_1_475' title='bbox 1060 1246 1227 1276; x_wconf 68' lang='lat' dir='ltr'>Ciceronis</span> <span class='ocrx_word' id='word_1_476' title='bbox 1249 1246 1469 1275; x_wconf 65' lang='lat' dir='ltr'>formianum.</span> <span class='ocrx_word' id='word_1_477' title='bbox 1515 1244 1638 1274; x_wconf 83' lang='lat' dir='ltr'>casau-</span> 
     </span>
     <span class='ocr_line' id='line_1_89' title="bbox 899 1289 1638 1330; baseline -0.003 -11"><span class='ocrx_word' id='word_1_478' title='bbox 899 1289 985 1319; x_wconf 90' lang='lat' dir='ltr'>bono</span> <span class='ocrx_word' id='word_1_479' title='bbox 1002 1290 1035 1320; x_wconf 90' lang='lat' dir='ltr'>h.</span> <span class='ocrx_word' id='word_1_480' title='bbox 1047 1289 1069 1319; x_wconf 95' lang='grc'>1.</span> <span class='ocrx_word' id='word_1_481' title='bbox 1087 1296 1120 1319; x_wconf 90' lang='lat' dir='ltr'>et</span> <span class='ocrx_word' id='word_1_482' title='bbox 1137 1299 1188 1330; x_wconf 85' lang='lat' dir='ltr'>ep.</span> <span class='ocrx_word' id='word_1_483' title='bbox 1206 1292 1236 1320; x_wconf 83' lang='lat'>4.</span> <span class='ocrx_word' id='word_1_484' title='bbox 1257 1289 1430 1319; x_wconf 88' lang='lat' dir='ltr'>videbatur</span> <span class='ocrx_word' id='word_1_485' title='bbox 1450 1289 1561 1319; x_wconf 77' lang='lat' dir='ltr'>Caieta</span> <span class='ocrx_word' id='word_1_486' title='bbox 1579 1297 1638 1327; x_wconf 89' lang='lat' dir='ltr'>pro</span> 
     </span>
     <span class='ocr_line' id='line_1_90' title="bbox 900 1331 1638 1371; baseline -0.003 -9"><span class='ocrx_word' id='word_1_487' title='bbox 900 1332 1069 1364; x_wconf 87' lang='lat' dir='ltr'>Ciceronis</span> <span class='ocrx_word' id='word_1_488' title='bbox 1101 1332 1274 1362; x_wconf 80' lang='lat' dir='ltr'>Formiano</span> <span class='ocrx_word' id='word_1_489' title='bbox 1307 1332 1382 1362; x_wconf 84' lang='lat' dir='ltr'>dici.</span> <span class='ocrx_word' id='word_1_490' title='bbox 1418 1331 1512 1362; x_wconf 88' lang='lat' dir='ltr'>Nihil</span> <span class='ocrx_word' id='word_1_491' title='bbox 1540 1341 1638 1371; x_wconf 78' lang='lat' dir='ltr'>opus,</span> 
     </span>
     <span class='ocr_line' id='line_1_91' title="bbox 899 1375 1638 1416; baseline -0.001 -11"><span class='ocrx_word' id='word_1_492' title='bbox 899 1377 925 1405; x_wconf 85' lang='lat' dir='ltr'>si</span> <span class='ocrx_word' id='word_1_493' title='bbox 965 1376 1075 1407; x_wconf 86' lang='lat' dir='ltr'>locum</span> <span class='ocrx_word' id='word_1_494' title='bbox 1116 1376 1308 1416; x_wconf 79' lang='lat' dir='ltr'>inspexeris.</span> <span class='ocrx_word' id='word_1_495' title='bbox 1355 1375 1514 1415; x_wconf 80' lang='lat' dir='ltr'>Exposita</span> <span class='ocrx_word' id='word_1_496' title='bbox 1555 1375 1638 1404; x_wconf 83' lang='lat' dir='ltr'>(licit</span> 
     </span>
     <span class='ocr_line' id='line_1_92' title="bbox 899 1419 1641 1460; baseline 0 -12"><span class='ocrx_word' id='word_1_497' title='bbox 899 1420 994 1458; x_wconf 77' lang='lat' dir='ltr'>signa</span> <span class='ocrx_word' id='word_1_498' title='bbox 1019 1421 1053 1450; x_wconf 90' lang='lat' dir='ltr'>in</span> <span class='ocrx_word' id='word_1_499' title='bbox 1080 1425 1179 1460; x_wconf 88' lang='lat' dir='ltr'>portu</span> <span class='ocrx_word' id='word_1_500' title='bbox 1204 1419 1377 1455; x_wconf 77' lang='lat' dir='ltr'>Caietano,</span> <span class='ocrx_word' id='word_1_501' title='bbox 1397 1429 1496 1458; x_wconf 86' lang='lat' dir='ltr'>seque</span> <span class='ocrx_word' id='word_1_502' title='bbox 1521 1419 1641 1448; x_wconf 80' lang='lat' dir='ltr'>missu-</span> 
     </span>
     <span class='ocr_line' id='line_1_93' title="bbox 899 1462 1644 1504; baseline 0 -12"><span class='ocrx_word' id='word_1_503' title='bbox 899 1473 987 1500; x_wconf 86' lang='lat' dir='ltr'>rum,</span> <span class='ocrx_word' id='word_1_504' title='bbox 1001 1464 1057 1502; x_wconf 89' lang='lat' dir='ltr'>qui</span> <span class='ocrx_word' id='word_1_505' title='bbox 1069 1473 1128 1504; x_wconf 91' lang='lat' dir='ltr'>pro</span> <span class='ocrx_word' id='word_1_506' title='bbox 1140 1469 1277 1493; x_wconf 88' lang='lat' dir='ltr'>vectura</span> <span class='ocrx_word' id='word_1_507' title='bbox 1286 1463 1429 1493; x_wconf 81' lang='lat' dir='ltr'>solveret</span> <span class='ocrx_word' id='word_1_508' title='bbox 1445 1469 1480 1492; x_wconf 90' lang='lat' dir='ltr'>et</span> <span class='ocrx_word' id='word_1_509' title='bbox 1492 1462 1644 1492; x_wconf 73' lang='lat' dir='ltr'>auferret</span> 
     </span>
     <span class='ocr_line' id='line_1_94' title="bbox 899 1516 1323 1545; baseline -0.007 -8"><span class='ocrx_word' id='word_1_510' title='bbox 899 1516 1004 1545; x_wconf 78' lang='lat' dir='ltr'>signa.</span> <span class='ocrx_word' id='word_1_511' title='bbox 1321 1523 1323 1525; x_wconf 86' lang='lat'>·</span> 
     </span>
    </p>

    <p class='ocr_par' dir='ltr' id='par_1_33' title="bbox 899 1548 1638 1632">
     <span class='ocr_line' id='line_1_95' title="bbox 947 1548 1638 1589; baseline -0.001 -10"><span class='ocrx_word' id='word_1_512' title='bbox 947 1551 1050 1587; x_wconf 63' lang='lat' dir='ltr'>Pales,</span> <span class='ocrx_word' id='word_1_513' title='bbox 1068 1549 1110 1579; x_wconf 74' lang='lat' dir='ltr'>ad</span> <span class='ocrx_word' id='word_1_514' title='bbox 1131 1549 1201 1579; x_wconf 82' lang='lat' dir='ltr'>Att.</span> <span class='ocrx_word' id='word_1_515' title='bbox 1226 1549 1281 1578; x_wconf 86' lang='lat' dir='ltr'>vii.</span> <span class='ocrx_word' id='word_1_516' title='bbox 1310 1552 1359 1580; x_wconf 98' lang='lat'>14.</span> <span class='ocrx_word' id='word_1_517' title='bbox 1384 1548 1543 1589; x_wconf 87' lang='lat' dir='ltr'>oppidum</span> <span class='ocrx_word' id='word_1_518' title='bbox 1568 1557 1638 1578; x_wconf 74' lang='lat' dir='ltr'>me-</span> 
     </span>
     <span class='ocr_line' id='line_1_96' title="bbox 899 1593 1345 1632; baseline -0.004 -8"><span class='ocrx_word' id='word_1_519' title='bbox 899 1593 1124 1624; x_wconf 87' lang='lat' dir='ltr'>diterraneum</span> <span class='ocrx_word' id='word_1_520' title='bbox 1143 1593 1345 1632; x_wconf 85' lang='lat' dir='ltr'>Campaniae.</span> 
     </span>
    </p>

    <p class='ocr_par' dir='ltr' id='par_1_34' title="bbox 898 1634 1638 1720">
     <span class='ocr_line' id='line_1_97' title="bbox 947 1634 1638 1676; baseline -0.003 -9"><span class='ocrx_word' id='word_1_521' title='bbox 947 1638 1104 1667; x_wconf 63' lang='lat' dir='ltr'>Colonum</span> <span class='ocrx_word' id='word_1_522' title='bbox 1128 1636 1364 1676; x_wconf 84' lang='lat' dir='ltr'>municipium,</span> <span class='ocrx_word' id='word_1_523' title='bbox 1386 1634 1502 1675; x_wconf 79' lang='lat' dir='ltr'>Agrar.</span> <span class='ocrx_word' id='word_1_524' title='bbox 1526 1635 1560 1665; x_wconf 90' lang='lat' dir='ltr'>ii.</span> <span class='ocrx_word' id='word_1_525' title='bbox 1584 1637 1638 1666; x_wconf 87' lang='grc'>31.</span> 
     </span>
     <span class='ocr_line' id='line_1_98' title="bbox 898 1680 1178 1720; baseline -0.007 -9"><span class='ocrx_word' id='word_1_526' title='bbox 898 1680 986 1711; x_wconf 88' lang='lat' dir='ltr'>idem</span> <span class='ocrx_word' id='word_1_527' title='bbox 1003 1680 1178 1720; x_wconf 81' lang='lat' dir='ltr'>oppidum.</span> 
     </span>
    </p>

    <p class='ocr_par' dir='ltr' id='par_1_35' title="bbox 898 1722 1638 1797">
     <span class='ocr_line' id='line_1_99' title="bbox 946 1722 1638 1762; baseline -0.004 -8"><span class='ocrx_word' id='word_1_528' title='bbox 946 1724 1097 1761; x_wconf 75' lang='lat' dir='ltr'>Calenus,</span> <span class='ocrx_word' id='word_1_529' title='bbox 1108 1723 1150 1753; x_wconf 85' lang='lat' dir='ltr'>ad</span> <span class='ocrx_word' id='word_1_530' title='bbox 1164 1722 1236 1753; x_wconf 88' lang='lat' dir='ltr'>Att.</span> <span class='ocrx_word' id='word_1_531' title='bbox 1253 1722 1322 1752; x_wconf 89' lang='lat' dir='ltr'>viii.</span> <span class='ocrx_word' id='word_1_532' title='bbox 1334 1725 1365 1754; x_wconf 89' lang='lat'>3.</span> <span class='ocrx_word' id='word_1_533' title='bbox 1379 1722 1528 1762; x_wconf 85' lang='lat' dir='ltr'>intellige</span> <span class='ocrx_word' id='word_1_534' title='bbox 1540 1731 1638 1761; x_wconf 81' lang='lat' dir='ltr'>ager,</span> 
     </span>
     <span class='ocr_line' id='line_1_100' title="bbox 898 1767 1109 1797; baseline -0.005 0"><span class='ocrx_word' id='word_1_535' title='bbox 898 1768 986 1797; x_wconf 82' lang='lat' dir='ltr'>cirea</span> <span class='ocrx_word' id='word_1_536' title='bbox 1003 1767 1109 1797; x_wconf 81' lang='lat' dir='ltr'>Cales.</span> 
     </span>
    </p>

    <p class='ocr_par' dir='ltr' id='par_1_36' title="bbox 897 1808 1636 1928">
     <span class='ocr_line' id='line_1_101' title="bbox 945 1808 1636 1848; baseline -0.004 -7"><span class='ocrx_word' id='word_1_537' title='bbox 945 1811 1093 1847; x_wconf 62' lang='lat' dir='ltr'>Calue-ta,</span> <span class='ocrx_word' id='word_1_538' title='bbox 1107 1810 1140 1840; x_wconf 87' lang='lat' dir='ltr'>in</span> <span class='ocrx_word' id='word_1_539' title='bbox 1156 1809 1249 1839; x_wconf 88' lang='lat' dir='ltr'>Verr.</span> <span class='ocrx_word' id='word_1_540' title='bbox 1266 1808 1322 1840; x_wconf 93' lang='lat' dir='ltr'>lib.</span> <span class='ocrx_word' id='word_1_541' title='bbox 1340 1809 1387 1839; x_wconf 90' lang='lat' dir='ltr'>iii.</span> <span class='ocrx_word' id='word_1_542' title='bbox 1404 1810 1457 1839; x_wconf 84' lang='lat'>43.</span> <span class='ocrx_word' id='word_1_543' title='bbox 1475 1808 1636 1848; x_wconf 85' lang='lat' dir='ltr'>oppidum</span> 
     </span>
     <span class='ocr_line' id='line_1_102' title="bbox 897 1852 1636 1894; baseline -0.003 -10"><span class='ocrx_word' id='word_1_544' title='bbox 897 1854 1016 1884; x_wconf 87' lang='lat' dir='ltr'>Siciliae</span> <span class='ocrx_word' id='word_1_545' title='bbox 1040 1859 1115 1894; x_wconf 80' lang='lat' dir='ltr'>post</span> <span class='ocrx_word' id='word_1_546' title='bbox 1143 1853 1312 1883; x_wconf 84' lang='lat' dir='ltr'>Halesam.</span> <span class='ocrx_word' id='word_1_547' title='bbox 1344 1852 1433 1884; x_wconf 86' lang='lat' dir='ltr'>unde</span> <span class='ocrx_word' id='word_1_548' title='bbox 1462 1852 1636 1890; x_wconf 67' lang='lat' dir='ltr'>Calactim&#39;,</span> 
     </span>
     <span class='ocr_line' id='line_1_103' title="bbox 898 1897 1127 1928; baseline 0 -1"><span class='ocrx_word' id='word_1_549' title='bbox 898 1897 992 1928; x_wconf 84' lang='lat' dir='ltr'>Verr.</span> <span class='ocrx_word' id='word_1_550' title='bbox 1011 1898 1056 1927; x_wconf 88' lang='lat' dir='ltr'>iii.</span> <span class='ocrx_word' id='word_1_551' title='bbox 1075 1901 1127 1928; x_wconf 83' lang='lat'>43.</span> 
     </span>
    </p>

    <p class='ocr_par' dir='ltr' id='par_1_37' title="bbox 897 1938 1636 2025">
     <span class='ocr_line' id='line_1_104' title="bbox 945 1938 1636 1978; baseline -0.003 -7"><span class='ocrx_word' id='word_1_552' title='bbox 945 1942 1087 1978; x_wconf 72' lang='lat' dir='ltr'>Calatia,</span> <span class='ocrx_word' id='word_1_553' title='bbox 1120 1939 1161 1970; x_wconf 86' lang='lat' dir='ltr'>ad</span> <span class='ocrx_word' id='word_1_554' title='bbox 1190 1939 1261 1970; x_wconf 81' lang='lat' dir='ltr'>Att.</span> <span class='ocrx_word' id='word_1_555' title='bbox 1293 1939 1358 1970; x_wconf 82' lang='lat' dir='ltr'>xvi.</span> <span class='ocrx_word' id='word_1_556' title='bbox 1391 1939 1422 1969; x_wconf 91' lang='lat'>6.</span> <span class='ocrx_word' id='word_1_557' title='bbox 1453 1938 1532 1969; x_wconf 87' lang='lat' dir='ltr'>urbs</span> <span class='ocrx_word' id='word_1_558' title='bbox 1565 1938 1636 1978; x_wconf 85' lang='lat' dir='ltr'>agri</span> 
     </span>
     <span class='ocr_line' id='line_1_105' title="bbox 897 1984 1070 2025; baseline -0.006 -11"><span class='ocrx_word' id='word_1_559' title='bbox 897 1984 1070 2025; x_wconf 86' lang='lat' dir='ltr'>Campani.</span> 
     </span>
    </p>

    <p class='ocr_par' dir='ltr' id='par_1_38' title="bbox 894 2023 1635 2370">
     <span class='ocr_line' id='line_1_106' title="bbox 945 2023 1635 2067; baseline -0.006 -9"><span class='ocrx_word' id='word_1_560' title='bbox 945 2028 1054 2067; x_wconf 73' lang='lat' dir='ltr'>Calpe,</span> <span class='ocrx_word' id='word_1_561' title='bbox 1073 2026 1114 2057; x_wconf 79' lang='lat' dir='ltr'>ad</span> <span class='ocrx_word' id='word_1_562' title='bbox 1130 2026 1205 2056; x_wconf 86' lang='lat' dir='ltr'>Div.</span> <span class='ocrx_word' id='word_1_563' title='bbox 1223 2026 1266 2056; x_wconf 82' lang='lat' dir='ltr'>X.</span> <span class='ocrx_word' id='word_1_564' title='bbox 1279 2036 1331 2066; x_wconf 86' lang='lat' dir='ltr'>ep.</span> <span class='ocrx_word' id='word_1_565' title='bbox 1345 2027 1396 2056; x_wconf 68' lang='lat'>32.</span> <span class='ocrx_word' id='word_1_566' title='bbox 1411 2035 1505 2055; x_wconf 89' lang='lat' dir='ltr'>mons</span> <span class='ocrx_word' id='word_1_567' title='bbox 1517 2023 1635 2064; x_wconf 78' lang='lat' dir='ltr'>praeal·</span> 
     </span>
     <span class='ocr_line' id='line_1_107' title="bbox 895 2068 1633 2111; baseline -0.007 -9"><span class='ocrx_word' id='word_1_568' title='bbox 895 2077 949 2102; x_wconf 78' lang='lat' dir='ltr'>tus</span> <span class='ocrx_word' id='word_1_569' title='bbox 967 2071 1116 2111; x_wconf 74' lang='lat' dir='ltr'>Hispano</span> <span class='ocrx_word' id='word_1_570' title='bbox 1132 2070 1220 2100; x_wconf 89' lang='lat' dir='ltr'>litori</span> <span class='ocrx_word' id='word_1_571' title='bbox 1233 2069 1272 2099; x_wconf 89' lang='lat' dir='ltr'>ad</span> <span class='ocrx_word' id='word_1_572' title='bbox 1288 2071 1412 2099; x_wconf 83' lang='lat' dir='ltr'>fretum</span> <span class='ocrx_word' id='word_1_573' title='bbox 1429 2068 1633 2098; x_wconf 82' lang='lat' dir='ltr'>Gaditanum</span> 
     </span>
     <span class='ocr_line' id='line_1_108' title="bbox 896 2111 1634 2153; baseline -0.007 -8"><span class='ocrx_word' id='word_1_574' title='bbox 896 2116 1059 2153; x_wconf 80' lang='lat' dir='ltr'>adjacens.</span> <span class='ocrx_word' id='word_1_575' title='bbox 1078 2114 1118 2143; x_wconf 76' lang='lat' dir='ltr'>(le</span> <span class='ocrx_word' id='word_1_576' title='bbox 1135 2123 1199 2152; x_wconf 87' lang='lat' dir='ltr'>quo</span> <span class='ocrx_word' id='word_1_577' title='bbox 1217 2113 1300 2143; x_wconf 87' lang='lat' dir='ltr'>Plin.</span> <span class='ocrx_word' id='word_1_578' title='bbox 1319 2113 1364 2142; x_wconf 90' lang='lat' dir='ltr'>iii.</span> <span class='ocrx_word' id='word_1_579' title='bbox 1385 2115 1413 2142; x_wconf 92' lang='lat'>1.</span> <span class='ocrx_word' id='word_1_580' title='bbox 1451 2112 1502 2142; x_wconf 87' lang='lat' dir='ltr'>Ad</span> <span class='ocrx_word' id='word_1_581' title='bbox 1519 2111 1551 2141; x_wconf 92' lang='lat' dir='ltr'>id</span> <span class='ocrx_word' id='word_1_582' title='bbox 1567 2111 1634 2141; x_wconf 86' lang='lat' dir='ltr'>suit</span> 
     </span>
     <span class='ocr_line' id='line_1_109' title="bbox 896 2154 1634 2196; baseline -0.007 -7"><span class='ocrx_word' id='word_1_583' title='bbox 896 2160 972 2189; x_wconf 89' lang='lat' dir='ltr'>urbs</span> <span class='ocrx_word' id='word_1_584' title='bbox 1004 2157 1152 2196; x_wconf 72' lang='lat' dir='ltr'>ejusdem</span> <span class='ocrx_word' id='word_1_585' title='bbox 1181 2157 1337 2192; x_wconf 86' lang='lat' dir='ltr'>nominis,</span> <span class='ocrx_word' id='word_1_586' title='bbox 1366 2161 1404 2185; x_wconf 90' lang='lat' dir='ltr'>ut</span> <span class='ocrx_word' id='word_1_587' title='bbox 1430 2160 1547 2185; x_wconf 85' lang='lat' dir='ltr'>contra</span> <span class='ocrx_word' id='word_1_588' title='bbox 1569 2154 1634 2184; x_wconf 88' lang='lat' dir='ltr'>Bo-</span> 
     </span>
     <span class='ocr_line' id='line_1_110' title="bbox 896 2197 1632 2240; baseline -0.007 -8"><span class='ocrx_word' id='word_1_589' title='bbox 896 2203 1002 2232; x_wconf 85' lang='lat' dir='ltr'>chart.</span> <span class='ocrx_word' id='word_1_590' title='bbox 1019 2201 1137 2240; x_wconf 76' lang='lat' dir='ltr'>Geogr.</span> <span class='ocrx_word' id='word_1_591' title='bbox 1154 2200 1186 2230; x_wconf 89' lang='lat' dir='ltr'>S.</span> <span class='ocrx_word' id='word_1_592' title='bbox 1204 2199 1225 2229; x_wconf 95' lang='grc'>1.</span> <span class='ocrx_word' id='word_1_593' title='bbox 1244 2201 1265 2229; x_wconf 88' lang='lat' dir='ltr'>i.</span> <span class='ocrx_word' id='word_1_594' title='bbox 1283 2210 1311 2229; x_wconf 86' lang='lat' dir='ltr'>e.</span> <span class='ocrx_word' id='word_1_595' title='bbox 1328 2202 1381 2230; x_wconf 80' lang='lat'>34.</span> <span class='ocrx_word' id='word_1_596' title='bbox 1398 2198 1545 2228; x_wconf 82' lang='lat' dir='ltr'>ostendit</span> <span class='ocrx_word' id='word_1_597' title='bbox 1562 2197 1632 2228; x_wconf 92' lang='lat' dir='ltr'>Cel.</span> 
     </span>
     <span class='ocr_line' id='line_1_111' title="bbox 894 2241 1634 2283; baseline -0.007 -8"><span class='ocrx_word' id='word_1_598' title='bbox 894 2245 1089 2283; x_wconf 66' lang='lat' dir='ltr'>Wesseling.</span> <span class='ocrx_word' id='word_1_599' title='bbox 1107 2243 1148 2273; x_wconf 84' lang='lat' dir='ltr'>ad</span> <span class='ocrx_word' id='word_1_600' title='bbox 1165 2243 1243 2272; x_wconf 86' lang='lat' dir='ltr'>ltin.</span> <span class='ocrx_word' id='word_1_601' title='bbox 1259 2242 1338 2273; x_wconf 87' lang='lat' dir='ltr'>Ant.</span> <span class='ocrx_word' id='word_1_602' title='bbox 1356 2252 1388 2282; x_wconf 91' lang='lat' dir='ltr'>p.</span> <span class='ocrx_word' id='word_1_603' title='bbox 1406 2243 1480 2272; x_wconf 78' lang='lat'>406.</span> <span class='ocrx_word' id='word_1_604' title='bbox 1493 2251 1567 2280; x_wconf 86' lang='lat' dir='ltr'>quae</span> <span class='ocrx_word' id='word_1_605' title='bbox 1585 2241 1634 2270; x_wconf 88' lang='lat' dir='ltr'>di-</span> 
     </span>
     <span class='ocr_line' id='line_1_112' title="bbox 895 2284 1633 2323; baseline -0.004 -4"><span class='ocrx_word' id='word_1_606' title='bbox 895 2290 984 2319; x_wconf 84' lang='lat' dir='ltr'>citur</span> <span class='ocrx_word' id='word_1_607' title='bbox 1011 2289 1142 2319; x_wconf 79' lang='lat' dir='ltr'>Carteia</span> <span class='ocrx_word' id='word_1_608' title='bbox 1164 2286 1275 2323; x_wconf 83' lang='lat' dir='ltr'>hodie,</span> <span class='ocrx_word' id='word_1_609' title='bbox 1293 2290 1331 2316; x_wconf 86' lang='lat' dir='ltr'>ut</span> <span class='ocrx_word' id='word_1_610' title='bbox 1352 2285 1450 2316; x_wconf 90' lang='lat' dir='ltr'>docet</span> <span class='ocrx_word' id='word_1_611' title='bbox 1465 2284 1572 2315; x_wconf 88' lang='lat' dir='ltr'>Vales.</span> <span class='ocrx_word' id='word_1_612' title='bbox 1590 2284 1633 2316; x_wconf 89' lang='lat' dir='ltr'>ad</span> 
     </span>
     <span class='ocr_line' id='line_1_113' title="bbox 896 2331 1254 2370; baseline -0.011 -7"><span class='ocrx_word' id='word_1_613' title='bbox 896 2333 976 2363; x_wconf 69' lang='lat' dir='ltr'>Exo.</span> <span class='ocrx_word' id='word_1_614' title='bbox 995 2332 1133 2361; x_wconf 70' lang='lat' dir='ltr'>Peiresc.</span> <span class='ocrx_word' id='word_1_615' title='bbox 1152 2340 1183 2370; x_wconf 92' lang='lat' dir='ltr'>p.</span> <span class='ocrx_word' id='word_1_616' title='bbox 1201 2331 1254 2364; x_wconf 63' lang='lat'>52.</span> 
     </span>
    </p>

    <p class='ocr_par' dir='ltr' id='par_1_39' title="bbox 896 2370 1635 2587">
     <span class='ocr_line' id='line_1_114' title="bbox 944 2370 1632 2411; baseline -0.009 -4"><span class='ocrx_word' id='word_1_617' title='bbox 944 2376 1165 2410; x_wconf 75' lang='lat' dir='ltr'>Camerinum,</span> <span class='ocrx_word' id='word_1_618' title='bbox 1184 2373 1223 2402; x_wconf 91' lang='lat' dir='ltr'>ad</span> <span class='ocrx_word' id='word_1_619' title='bbox 1240 2373 1310 2402; x_wconf 78' lang='lat' dir='ltr'>Att.</span> <span class='ocrx_word' id='word_1_620' title='bbox 1323 2372 1391 2402; x_wconf 80' lang='lat' dir='ltr'>viii.</span> <span class='ocrx_word' id='word_1_621' title='bbox 1408 2373 1458 2402; x_wconf 76' lang='lat'>12.</span> <span class='ocrx_word' id='word_1_622' title='bbox 1471 2370 1632 2411; x_wconf 86' lang='lat' dir='ltr'>oppidum</span> 
     </span>
     <span class='ocr_line' id='line_1_115' title="bbox 896 2414 1635 2455; baseline -0.008 -5"><span class='ocrx_word' id='word_1_623' title='bbox 896 2420 933 2450; x_wconf 88' lang='lat' dir='ltr'>in</span> <span class='ocrx_word' id='word_1_624' title='bbox 959 2418 1139 2454; x_wconf 73' lang='lat' dir='ltr'>montibus,</span> <span class='ocrx_word' id='word_1_625' title='bbox 1162 2417 1216 2455; x_wconf 89' lang='lat' dir='ltr'>qui</span> <span class='ocrx_word' id='word_1_626' title='bbox 1245 2416 1403 2445; x_wconf 87' lang='lat' dir='ltr'>Picenum</span> <span class='ocrx_word' id='word_1_627' title='bbox 1427 2415 1467 2444; x_wconf 90' lang='lat' dir='ltr'>ab</span> <span class='ocrx_word' id='word_1_628' title='bbox 1496 2414 1635 2444; x_wconf 82' lang='lat' dir='ltr'>Umbria</span> 
     </span>
     <span class='ocr_line' id='line_1_116' title="bbox 896 2457 1634 2497; baseline -0.008 -4"><span class='ocrx_word' id='word_1_629' title='bbox 896 2463 1069 2493; x_wconf 85' lang='lat' dir='ltr'>dirimunt.</span> <span class='ocrx_word' id='word_1_630' title='bbox 1095 2461 1144 2491; x_wconf 88' lang='lat' dir='ltr'>De</span> <span class='ocrx_word' id='word_1_631' title='bbox 1162 2459 1411 2493; x_wconf 80' lang='lat' dir='ltr'>variationibus,</span> <span class='ocrx_word' id='word_1_632' title='bbox 1430 2468 1503 2497; x_wconf 86' lang='lat' dir='ltr'>quae</span> <span class='ocrx_word' id='word_1_633' title='bbox 1520 2458 1553 2487; x_wconf 92' lang='lat' dir='ltr'>in</span> <span class='ocrx_word' id='word_1_634' title='bbox 1570 2457 1634 2487; x_wconf 86' lang='lat' dir='ltr'>hoe</span> 
     </span>
     <span class='ocr_line' id='line_1_117' title="bbox 896 2500 1634 2542; baseline -0.007 -6"><span class='ocrx_word' id='word_1_635' title='bbox 896 2508 1031 2537; x_wconf 82' lang='lat' dir='ltr'>nomine</span> <span class='ocrx_word' id='word_1_636' title='bbox 1047 2509 1227 2534; x_wconf 80' lang='lat' dir='ltr'>occurrunt</span> <span class='ocrx_word' id='word_1_637' title='bbox 1244 2513 1296 2542; x_wconf 81' lang='lat' dir='ltr'>ap.</span> <span class='ocrx_word' id='word_1_638' title='bbox 1314 2501 1464 2540; x_wconf 83' lang='lat' dir='ltr'>Veteres,</span> <span class='ocrx_word' id='word_1_639' title='bbox 1481 2511 1512 2531; x_wconf 90' lang='lat' dir='ltr'>v.</span> <span class='ocrx_word' id='word_1_640' title='bbox 1533 2500 1634 2531; x_wconf 85' lang='lat' dir='ltr'>Goesii</span> 
     </span>
     <span class='ocr_line' id='line_1_118' title="bbox 898 2545 1359 2587; baseline -0.011 -7"><span class='ocrx_word' id='word_1_641' title='bbox 898 2550 970 2580; x_wconf 83' lang='lat' dir='ltr'>lud.</span> <span class='ocrx_word' id='word_1_642' title='bbox 989 2549 1109 2587; x_wconf 75' lang='lat' dir='ltr'>Geogr.</span> <span class='ocrx_word' id='word_1_643' title='bbox 1128 2548 1161 2576; x_wconf 89' lang='lat' dir='ltr'>in</span> <span class='ocrx_word' id='word_1_644' title='bbox 1178 2547 1246 2576; x_wconf 66' lang='lat' dir='ltr'>Sor.</span> <span class='ocrx_word' id='word_1_645' title='bbox 1263 2546 1303 2576; x_wconf 83' lang='lat' dir='ltr'>R.</span> <span class='ocrx_word' id='word_1_646' title='bbox 1321 2545 1359 2575; x_wconf 85' lang='lat' dir='ltr'>A.</span> 
     </span>
    </p>

    <p class='ocr_par' dir='ltr' id='par_1_40' title="bbox 896 2588 1636 2678">
     <span class='ocr_line' id='line_1_119' title="bbox 946 2588 1636 2630; baseline -0.007 -8"><span class='ocrx_word' id='word_1_647' title='bbox 946 2593 1077 2623; x_wconf 62' lang='lat' dir='ltr'>(kinwrs</span> <span class='ocrx_word' id='word_1_648' title='bbox 1092 2591 1195 2629; x_wconf 78' lang='lat' dir='ltr'>Ager,</span> <span class='ocrx_word' id='word_1_649' title='bbox 1213 2599 1272 2630; x_wconf 87' lang='lat' dir='ltr'>pro</span> <span class='ocrx_word' id='word_1_650' title='bbox 1288 2588 1370 2619; x_wconf 89' lang='lat' dir='ltr'>Sull.</span> <span class='ocrx_word' id='word_1_651' title='bbox 1397 2591 1446 2623; x_wconf 85' lang='lat'>19.</span> <span class='ocrx_word' id='word_1_652' title='bbox 1471 2588 1560 2618; x_wconf 86' lang='lat' dir='ltr'>circa</span> <span class='ocrx_word' id='word_1_653' title='bbox 1577 2597 1636 2628; x_wconf 84' lang='lat' dir='ltr'>op·-</span> 
     </span>
     <span class='ocr_line' id='line_1_120' title="bbox 896 2635 1256 2678; baseline -0.014 -11"><span class='ocrx_word' id='word_1_654' title='bbox 896 2637 1011 2678; x_wconf 84' lang='lat' dir='ltr'>pidum</span> <span class='ocrx_word' id='word_1_655' title='bbox 1030 2635 1256 2665; x_wconf 82' lang='lat' dir='ltr'>Camerinum.</span> 
     </span>
    </p>

    <p class='ocr_par' dir='ltr' id='par_1_41' title="bbox 898 2674 1639 2763">
     <span class='ocr_line' id='line_1_121' title="bbox 945 2674 1637 2716; baseline -0.009 -6"><span class='ocrx_word' id='word_1_656' title='bbox 945 2680 1149 2713; x_wconf 64' lang='lat' dir='ltr'>Carum-inus,</span> <span class='ocrx_word' id='word_1_657' title='bbox 1173 2686 1232 2716; x_wconf 91' lang='lat' dir='ltr'>pro</span> <span class='ocrx_word' id='word_1_658' title='bbox 1256 2675 1354 2706; x_wconf 91' lang='lat' dir='ltr'>Corn.</span> <span class='ocrx_word' id='word_1_659' title='bbox 1380 2674 1472 2705; x_wconf 87' lang='lat' dir='ltr'>Balb.</span> <span class='ocrx_word' id='word_1_660' title='bbox 1494 2676 1547 2706; x_wconf 73' lang='lat'>20.</span> <span class='ocrx_word' id='word_1_661' title='bbox 1580 2674 1637 2704; x_wconf 88' lang='lat' dir='ltr'>ubi</span> 
     </span>
     <span class='ocr_line' id='line_1_122' title="bbox 898 2717 1639 2763; baseline -0.008 -10"><span class='ocrx_word' id='word_1_662' title='bbox 898 2723 1067 2763; x_wconf 65' lang='lat' dir='ltr'>eststz’clns</span> <span class='ocrx_word' id='word_1_663' title='bbox 1088 2721 1325 2757; x_wconf 63' lang='lat' dir='ltr'>(umet-tinum,</span> <span class='ocrx_word' id='word_1_664' title='bbox 1339 2718 1379 2748; x_wconf 84' lang='lat' dir='ltr'>de</span> <span class='ocrx_word' id='word_1_665' title='bbox 1391 2728 1456 2758; x_wconf 85' lang='lat' dir='ltr'>quo</span> <span class='ocrx_word' id='word_1_666' title='bbox 1468 2728 1498 2747; x_wconf 81' lang='lat' dir='ltr'>v.</span> <span class='ocrx_word' id='word_1_667' title='bbox 1511 2717 1583 2748; x_wconf 89' lang='lat' dir='ltr'>Liv.</span> <span class='ocrx_word' id='word_1_668' title='bbox 1595 2718 1639 2747; x_wconf 83' lang='lat' dir='ltr'>ix.</span> 
     </span>
    </p>

    <p class='ocr_par' dir='ltr' id='par_1_42' title="bbox 898 2803 1642 2933">
     <span class='ocr_line' id='line_1_123' title="bbox 946 2803 1642 2844; baseline -0.009 -5"><span class='ocrx_word' id='word_1_669' title='bbox 946 2808 1130 2844; x_wconf 76' lang='lat' dir='ltr'>Candavia,</span> <span class='ocrx_word' id='word_1_670' title='bbox 1147 2806 1189 2837; x_wconf 83' lang='lat' dir='ltr'>ad</span> <span class='ocrx_word' id='word_1_671' title='bbox 1204 2806 1275 2837; x_wconf 79' lang='lat' dir='ltr'>Att.</span> <span class='ocrx_word' id='word_1_672' title='bbox 1298 2805 1344 2835; x_wconf 91' lang='lat' dir='ltr'>iii.</span> <span class='ocrx_word' id='word_1_673' title='bbox 1361 2809 1392 2840; x_wconf 79' lang='grc'>7.</span> <span class='ocrx_word' id='word_1_674' title='bbox 1410 2805 1501 2844; x_wconf 85' lang='lat' dir='ltr'>regio</span> <span class='ocrx_word' id='word_1_675' title='bbox 1518 2803 1642 2834; x_wconf 83' lang='lat' dir='ltr'>monti·</span> 
     </span>
     <span class='ocr_line' id='line_1_124' title="bbox 898 2846 1641 2892; baseline -0.009 -8"><span class='ocrx_word' id='word_1_676' title='bbox 898 2854 960 2884; x_wconf 85' lang='lat' dir='ltr'>bus</span> <span class='ocrx_word' id='word_1_677' title='bbox 984 2862 1113 2892; x_wconf 74' lang='lat' dir='ltr'>aspera,</span> <span class='ocrx_word' id='word_1_678' title='bbox 1137 2860 1210 2890; x_wconf 74' lang='lat' dir='ltr'>quoe</span> <span class='ocrx_word' id='word_1_679' title='bbox 1235 2851 1276 2880; x_wconf 88' lang='lat' dir='ltr'>ab</span> <span class='ocrx_word' id='word_1_680' title='bbox 1297 2855 1448 2879; x_wconf 71' lang='lat' dir='ltr'>extrema</span> <span class='ocrx_word' id='word_1_681' title='bbox 1476 2848 1581 2888; x_wconf 58' lang='lat' dir='ltr'>Epiro*</span> <span class='ocrx_word' id='word_1_682' title='bbox 1599 2846 1641 2877; x_wconf 86' lang='lat' dir='ltr'>ad</span> 
     </span>
     <span class='ocr_line' id='line_1_125' title="bbox 900 2893 1474 2933; baseline -0.012 -5"><span class='ocrx_word' id='word_1_683' title='bbox 900 2896 1134 2928; x_wconf 76' lang='lat' dir='ltr'>Macedoniam</span> <span class='ocrx_word' id='word_1_684' title='bbox 1152 2904 1256 2933; x_wconf 86' lang='lat' dir='ltr'>usque</span> <span class='ocrx_word' id='word_1_685' title='bbox 1275 2893 1474 2933; x_wconf 82' lang='lat' dir='ltr'>pertinebat.</span> 
     </span>
    </p>

    <p class='ocr_par' dir='ltr' id='par_1_43' title="bbox 903 2934 1644 3016">
     <span class='ocr_line' id='line_1_126' title="bbox 952 2934 1644 2977; baseline -0.01 -6"><span class='ocrx_word' id='word_1_686' title='bbox 952 2941 1086 2977; x_wconf 77' lang='lat' dir='ltr'>Cannae,</span> <span class='ocrx_word' id='word_1_687' title='bbox 1101 2937 1202 2969; x_wconf 74' lang='lat' dir='ltr'>Tuae.</span> <span class='ocrx_word' id='word_1_688' title='bbox 1226 2937 1292 2977; x_wconf 66' lang='lat' dir='ltr'>Qu.</span> <span class='ocrx_word' id='word_1_689' title='bbox 1318 2937 1340 2967; x_wconf 92' lang='lat' dir='ltr'>i.</span> <span class='ocrx_word' id='word_1_690' title='bbox 1364 2939 1416 2970; x_wconf 76' lang='grc'>37.</span> <span class='ocrx_word' id='word_1_691' title='bbox 1442 2936 1533 2965; x_wconf 76' lang='lat' dir='ltr'>vicus</span> <span class='ocrx_word' id='word_1_692' title='bbox 1552 2934 1644 2975; x_wconf 79' lang='lat' dir='ltr'>Apu-</span> 
     </span>
     <span class='ocr_line' id='line_1_127' title="bbox 903 2987 963 3016; baseline 0.017 -1"><span class='ocrx_word' id='word_1_693' title='bbox 903 2991 926 3015; x_wconf 85' lang='lat' dir='ltr'>D</span> <span class='ocrx_word' id='word_1_694' title='bbox 943 2987 963 3016; x_wconf 83' lang='lat'>4</span> 
     </span>
    </p>
   </div>
  </div>
 </body>
</html>
