1800 3131
135 109 220 157 270

184 205 308 248 Dic-tio,
325 209 445 248 oratio,
464 209 672 242 declamatio.
699 212 757 243 Or.
774 213 795 243 i.
816 216 865 244 15.

137 252 274 284 ‹lic-tione
285 254 463 294 explicare.
479 253 550 285 Inv.
565 256 586 285 i.
601 258 630 286 5.
645 255 780 287 dictione
794 266 867 296 per-

138 297 290 328 madere.
328 298 385 328 Or.
417 300 439 328 i.
471 300 523 329 33.
559 299 708 329 dictiones
737 301 867 330 subitae.

138 340 240 371 Tuse.
258 342 290 371 ii.
308 343 339 372 3.
363 342 495 372 dictioni
510 351 644 382 operam
661 343 750 373 dare.
774 345 793 364 ³²²
811 344 867 373 Or.

137 384 161 415 i.
174 384 203 415 6.
215 385 377 423 dictiones,
389 390 468 415 sunt
480 395 603 425 genera
615 386 758 417 (licendi.
769 386 869 416 *ora-

139 427 267 458 eulum.
298 428 447 459 Herenn.
462 429 495 459 ii.
513 429 565 460 26.
595 439 613 459 e
629 433 738 470 poe'ta.
755 439 784 459 ν.
802 429 868 459 Cu-

137 480 208 512 per.
230 472 308 502 Obs.
325 472 372 502 iii.
395 476 426 506 7.

180 514 331 553 Dictum,
361 516 552 553 dicterium,
582 516 691 545 facete
728 515 865 552 dictum,

139 558 235 592 Orat.
251 559 284 589 ii.
303 561 354 590 54.
377 560 433 589 ubi
451 560 552 589 etiam
568 569 607 588 ex
626 559 735 588 Ennio
753 559 867 588 lauda-

137 605 211 632 tur:
225 603 350 633 bonum
362 603 500 639 dictum,
510 610 557 632 un
570 603 634 632 bon
648 606 729 632 mot.
741 602 759 620 *-
769 602 865 632 Brut.

140 648 190 677 18.
214 657 232 675 e
255 646 348 676 Livio
365 646 466 676 Andr.
483 647 560 676 clieta·
585 645 773 675 studiosus:
796 644 818 675 i.
835 655 864 675 e.

137 689 348 728 eloquentiae.

180 732 318 770 Didere,
332 732 513 771 divulgare,
527 731 695 772 dissipare.
718 732 798 762 Coel.
815 732 864 762 16.

135 786 154 808 e
168 776 320 807 Caecilio:
342 776 430 806 Dide
441 786 478 805 ac
494 776 624 811 dissice,
640 786 699 816 per
715 786 768 806 ine
785 775 865 806 liee-

136 819 198 851 bit.
222 820 253 849 Si
266 819 377 857 egebis
397 819 455 848 &a
472 819 680 849 Vocabulum
697 820 866 858 antiquio-

137 863 228 893 ribus
252 863 371 902 poetis,
389 862 542 902 inprimis
565 863 736 899 Lucretio,
761 864 865 892 usita—

135 906 318 943 tissimum,
331 906 364 935 in
377 916 441 944 quo
454 906 697 946 corrumpendo
709 906 866 944 frequen-

134 953 184 979 tes
210 950 303 979 fuere
328 949 464 979 librarii.
489 960 519 980 v.
546 950 718 980 Drakenb.
743 950 785 979 ad
807 949 864 980 Sil.

137 993 211 1024 Ital.
227 994 248 1023 i.
266 993 336 1024 186.
354 997 388 1022 et
404 1003 486 1032 quos
503 994 548 1023 ibi
565 993 691 1023 laudat.

178 1035 354 1067 Deduc-ere.
372 1038 428 1067 Or.
442 1037 487 1067 iii.
501 1038 531 1068 6.
544 1037 649 1067 oratio
665 1040 716 1067 est
732 1037 865 1067 diducta

133 1081 211 1112 rivis
227 1090 295 1110 non
310 1080 474 1110 fontibus:
494 1081 527 1111 11.
544 1091 573 1111 e.
590 1081 652 1111 etsi
676 1081 710 1110 in
728 1081 863 1110 diversis

133 1125 232 1156 rebus
256 1127 406 1155 versatur
427 1125 545 1162 oratio,
568 1128 603 1154 et
625 1124 760 1154 diversis
784 1124 863 1154 locis

134 1168 327 1205 adhibetur,
341 1172 457 1198 tamen
474 1178 533 1208 per
548 1178 582 1198 se
596 1167 714 1198 eadem
731 1172 782 1198 est
796 1167 865 1197 elo-

135 1212 283 1251 quentia.
307 1212 386 1242 ibid.
408 1214 461 1242 43.
485 1213 609 1242 vastius
626 1212 778 1242 diducere
793 1221 865 1241 ver-

135 1255 196 1285 ba:
221 1255 255 1286 id
267 1256 317 1293 fit,
330 1265 408 1286 cum
420 1255 541 1286 ultima
552 1259 585 1285 et
600 1255 708 1296 prima
721 1255 863 1285 duarum

134 1309 255 1330 vocum
280 1299 378 1330 litera
400 1308 468 1329 non
492 1302 617 1329 coeunt
637 1302 811 1337 tamquam
829 1300 863 1329 in

133 1352 243 1374 unum
268 1343 429 1373 verbum:
463 1353 494 1372 v.
516 1353 545 1372 c.
569 1352 693 1382 magna
716 1343 863 1380 ubertas,

134 1396 259 1426 magno
288 1387 414 1425 utique.
446 1388 465 1408 *ἓ
482 1386 554 1416 Inv.
582 1386 616 1416 ii.
647 1386 700 1416 36.
731 1387 863 1416 animus

132 1431 285 1461 diductus
302 1430 463 1461 varietate
479 1439 591 1461 rerum
608 1432 643 1459 et
658 1429 864 1460 dissimilitu-

132 1474 211 1505 dine
227 1474 418 1505 distraetus.

178 1518 260 1549 Dies
282 1518 406 1548 dicitur
427 1527 514 1557 saepe
537 1521 572 1547 et
585 1516 683 1546 variis
700 1516 806 1546 modiS
823 1516 864 1546 de

133 1561 186 1593 die
211 1565 303 1592 certo
329 1564 364 1591 et
384 1561 581 1597 constituto,
603 1565 643 1590 ut
667 1560 706 1590 de
730 1570 782 1597 eo,
806 1560 862 1598 qui

134 1605 270 1645 agendis
294 1605 401 1635 causis
417 1605 452 1634 in
467 1604 539 1635 foro
555 1604 663 1634 dictus
680 1607 741 1633 est.
769 1603 862 1634 Verr.

133 1649 168 1679 ii.
184 1653 234 1680 15.
251 1650 336 1679 diem
353 1649 463 1678 differt
479 1648 560 1678 dieis
577 1647 742 1677 omnibus.
759 1648 863 1686 inpri-

135 1693 197 1723 mis
222 1693 260 1722 de
283 1693 334 1723 die
353 1693 538 1723 solutionis.
572 1691 684 1721 Plane.
700 1692 753 1721 28.
784 1700 860 1720 eum

134 1737 297 1775 cujusque
320 1737 386 1767 dies
408 1735 547 1765 venerit.
578 1734 620 1765 cf.
645 1734 686 1764 ad
708 1734 779 1763 Att.
796 1735 860 1763 xvi.

138 1782 188 1810 15.
217 1779 318 1810 Tusc.
344 1781 365 1810 i.
382 1783 435 1814 39.
465 1778 559 1809 nulla
580 1779 631 1808 die
649 1776 858 1818 (Solutionis)

132 1822 334 1863 praestituta.
362 1824 481 1863 Quint.
512 1825 566 1853 23.
601 1821 747 1851 nominis
776 1821 863 1851 diem

133 1867 264 1907 petivit.
296 1868 366 1897 Att.
387 1867 450 1896 viii.
473 1869 521 1896 10.
553 1865 618 1895 dies
633 1865 782 1894 nondum
799 1869 861 1895 est.

132 1910 203 1941 Att.
220 1921 251 1941 x.
269 1913 298 1941 5.
322 1911 389 1940 dies
404 1909 554 1950 pecuniae
573 1908 620 1939 Id.
640 1908 802 1939 Novemb.
820 1908 862 1938 ad

133 1953 210 1985 Div.
233 1954 287 1984 vii.
304 1957 356 1985 23.
387 1955 453 1984 dies
469 1962 599 1983 annua:
629 1956 680 1982 est
696 1952 760 1982 dies
773 1951 862 1982 solu-

131 1998 246 2034 tionis,
264 2007 338 2037 qufe
361 2001 424 2033 est,
441 2001 558 2026 exacto
582 2005 669 2025 anno
690 2005 770 2025 uno.
796 1995 860 2025 vid.

132 2041 266 2072 Manut.
285 2041 326 2070 ad
348 2041 381 2071 h.
405 2040 426 2070 l.
450 2041 506 2070 ubi
530 2044 565 2069 et
588 2040 628 2069 de
648 2040 698 2069 die
721 2039 812 2069 bima
827 2045 860 2068 et

131 2085 235 2115 trima
250 2086 371 2124 agitur.
395 2083 474 2114 Her.
492 2084 513 2114 i.
533 2086 582 2113 14.
611 2083 677 2113 dies
693 2092 860 2112 commea-

131 2133 201 2166 tus,
215 2129 236 2158 i.
249 2139 314 2168 quo
330 2128 427 2158 venia
442 2127 601 2157 absentiae
617 2127 744 2156 finitur.
761 2126 859 2156 *Ate

131 2172 153 2202 ἰ.
182 2175 231 2203 10.
260 2180 344 2202 extr.
366 2170 479 2201 Tullia
499 2171 561 2201 tibi
584 2171 667 2200 diem
692 2170 760 2199 dat.
785 2170 805 2198 i.
829 2179 859 2200 e.

656 119 803 151 lxm-:x
835 117 967 150 'LA'mN
974 121 1128 153 er'rls.

911 216 988 244 acta
1023 217 1115 251 sunt,
1147 212 1240 243 nobis
1271 210 1505 244 honestissima
1531 210 1640 246 fuere.

911 256 982 287 Att.
1006 268 1036 287 x.
1055 260 1086 288 8.
1121 266 1187 287 non
1210 263 1279 287 tam
1304 256 1394 286 dirus
1410 256 1465 287 ille
1481 257 1548 288 dies
1563 255 1658 288 Sul-’

912 299 1008 330 lanus
1025 302 1062 331 C.
1074 300 1183 331 Mario
1197 300 1327 330 fuisset.
1343 310 1374 329 v.
1390 300 1532 332 Gronov.
1555 302 1637 332 Obs.

910 343 931 372 i.
951 345 981 374 2.
1013 353 1045 384 1.
1067 346 1119 378 29.
1150 349 1185 373 et
1202 344 1243 374 ad
1260 345 1375 373 senec.
1392 343 1432 373 de
1448 343 1527 374 Ira'
1520 344 1567 374 111.
1582 345 1636 375 36

909 386 1039 416 Duker.
1071 387 1112 417 ad
1143 387 1226 418 Flor.
1251 388 1285 418 ii.
1310 388 1340 417 6.
1377 390 1428 418 58
1459 386 1528 417 *in
1550 387 1636 418 diem

910 429 1017 458 vivero
1066 439 1131 459 non
1149 431 1264 460 eodem
1289 440 1389 461 sensu
1409 430 1532 469 ubique
1557 430 1638 460 diei·-

909 478 978 510 tur,
992 472 1092 503 habet
1106 477 1219 504 tamen
1235 484 1367 514 semper
1379 473 1524 513 aliquam
1540 474 1638 504 incu-

909 515 966 545 riae
977 520 1010 545 et
1022 516 1234 555 negligentia*
1245 518 1535 557 significationem.
1549 515 1636 547 Phil.

909 559 943 588 ii.
960 561 1012 590 34.
1041 560 1189 590 Graevius
1213 561 1261 590 ita
1276 562 1539 601 interpretatur:
1564 570 1635 590 om-

909 602 966 631 nia
987 602 1100 632 divina
1113 610 1147 632 et
1161 603 1311 634 humana
1326 610 1554 641 contemnere,
1573 613 1635 633 nec

908 644 948 674 de
971 645 1086 676 futuro
1102 649 1162 675 aut
1177 647 1308 685 judicio
1323 647 1497 677 hominum
1514 647 1637 677 solliei-

907 692 980 718 tuin
1001 698 1081 719 esse.
1112 689 1206 719 Orat.
1223 690 1256 720 ii.
1272 693 1326 721 40.
1358 697 1408 721 est
1424 691 1633 731 simpliciter,

906 731 1010 762 futuri
1035 742 1149 762 curam
1174 742 1239 763 non
1262 733 1405 764 habere:
1430 735 1457 764 si
1481 735 1636 765 barbaro-

907 785 980 805 rum
999 782 1061 813 est,
1079 777 1113 806 in
1130 776 1214 806 diem
1233 777 1353 814 rivere,
1369 781 1484 806 nostra
1498 777 1638 808 consilia

906 821 1149 859 sempiternum
1174 825 1308 858 tempus
1333 823 1482 859 spectare
1499 821 1634 852 debent.

905 862 1005 892 Tusc.
1037 873 1066 893 v.
1094 867 1143 893 11.
1174 863 1364 893 Acffllemiei
1394 863 1564 902 eleganter
1587 864 1636 894 di-

906 912 1043 943 cuntur,
1068 907 1102 936 in
1131 907 1215 936 diem
1238 907 1359 943 vivere,
1385 908 1473 946 quod
1494 908 1541 937 ita
1564 907 1635 947 ipse

905 949 1149 989 interpretatur
1173 950 1308 980 Cicero:
1334 950 1556 990 quodeunque
1578 960 1637 981 no-

906 997 990 1022 stros
1015 993 1140 1023 animos
1157 993 1391 1033 probabilitate
1408 994 1583 1033 percussit,
1600 994 1635 1025 id

906 1035 1058 1066 dicimus.
1091 1037 1130 1067 Ei
1153 1037 1321 1075 objectum
1344 1042 1428 1074 erat,
1452 1047 1486 1067 sc
1508 1038 1543 1067 in
1567 1037 1634 1068 alio

905 1079 988 1109 llbro
1007 1079 1105 1110 aliter
1119 1081 1275 1110 sensisse:
1301 1081 1489 1122 respondet,
1508 1081 1633 1112 Acade·
1651 1091 1653 1093 ’

905 1124 1008 1154 inicos
1033 1132 1100 1153 non
1124 1133 1254 1161 curare,
1271 1124 1350 1162 quid
1373 1124 1550 1164 aliquando
1567 1132 1635 1155 sta-

905 1168 1047 1204 tuerint,
1072 1170 1131 1197 aut
1153 1167 1234 1197 olim
1265 1167 1333 1197 sint
1355 1169 1529 1198 statutnri.
1557 1169 1577 1188 ⁹⁴⁴⁵
1593 1169 1634 1199 de

904 1210 1056 1241 formulis
1068 1223 1075 1239 τ
1093 1211 1253 1251 proferre,
1267 1211 1462 1251 producere,
1474 1213 1634 1251 eximere,

904 1254 994 1284 obire
1018 1255 1102 1284 diem
1126 1255 1186 1284 dizo.
1211 1255 1278 1284 suis
1302 1254 1383 1285 locis
1407 1256 1529 1294 agitur.
1560 1255 1580 1274 '¹‘
1596 1256 1633 1286 in

904 1298 987 1328 diem
1013 1299 1116 1328 etiam
1140 1298 1238 1328 aliter
1250 1298 1386 1336 dicitur,
1402 1303 1436 1328 et
1451 1299 1635 1338 opponitur

906 1342 947 1381 τῷ
970 1343 1096 1372 statim.
1128 1341 1229 1372 Petit.
1249 1344 1298 1372 1⁶2.
1328 1341 1355 1372 si
1381 1343 1571 1382 promittas,
1598 1347 1635 1374 et

904 1385 1072 1415 incertum
1096 1390 1160 1422 est,
1183 1387 1218 1416 in
1241 1386 1326 1416 diem
1351 1386 1410 1427 (se.
1433 1384 1632 1428 promitte);

904 1430 956 1458 sin
979 1435 1094 1460 autem
1114 1429 1147 1459 id
1163 1438 1277 1468 neges,
1294 1432 1330 1459 et
1345 1434 1435 1459 certe
1452 1428 1634 1468 abalienes,

903 1474 1032 1503 statim.
1063 1472 1144 1503 Coel.
1169 1474 1221 1503 94.
1251 1483 1312 1503 cur
1333 1483 1446 1512 poenas
1469 1473 1633 1504 scelerum

904 1516 940 1546 in
963 1517 1048 1547 diem
1072 1516 1257 1547 reservatis.
1287 1516 1404 1546 *PhiL
1427 1517 1462 1546 ii.
1486 1519 1538 1547 33.
1568 1517 1641 1548 aliov

904 1560 1056 1592 (lieef‘est
1078 1560 1235 1597 formula,
1252 1570 1317 1599 qua
1339 1560 1557 1590 obnuneiatio
1581 1561 1623 1591 fie

903 1603 962 1633 bat
983 1604 1017 1632 in
1035 1604 1190 1633 comitiis,
1213 1603 1328 1633 *PhiL
1356 1604 1401 1633 iii.
1427 1607 1457 1634 8.
1494 1604 1529 1634 in
1555 1610 1635 1635 ante

903 1647 988 1677 diem
1011 1647 1053 1677 iv,
1077 1646 1153 1677 Kal.
1180 1648 1263 1677 Dee.
1287 1646 1329 1676 cf.
1354 1647 1452 1677 Catil.
1469 1647 1490 1676 i.
1507 1650 1538 1678 3.
1569 1648 1630 1679 &c.

904 1690 992 1719 idem
1018 1694 1080 1727 est,
1106 1699 1144 1720 ae
1167 1691 1192 1720 si
1221 1691 1387 1720 diceretur
1412 1691 1447 1720 in
1474 1691 1558 1720 diem
1588 1691 1631 1722 iv.

904 1739 982 1764 ante
996 1733 1162 1763 Kalendas
1175 1734 1257 1764 Dee.
1271 1733 1336 1763 vid.
1354 1734 1478 1764 Feri-ar.
1491 1734 1534 1763 ad.
1545 1734 1632 1765 Phil.
1646 1755 1650 1757 Α

904 1778 950 1807 iii.
978 1780 1008 1808 8.
1037 1779 1092 1816 qui
1120 1777 1230 1807 multa
1255 1788 1294 1807 ex
1321 1778 1480 1807 Cicerone
1501 1781 1537 1807 et
1559 1778 1632 1809 aliis

903 1820 1057 1860 exempla
1080 1821 1258 1859 congessit.
1283 1820 1325 1851 cf.
1342 1820 1473 1851 Cortius
1498 1821 1539 1851 ad
1561 1821 1632 1852 Sal-

903 1864 983 1894 lust.
1010 1864 1108 1894 Catil.
1132 1867 1185 1895 30.
1212 1868 1239 1895 1.
1265 1864 1283 1883 *
1297 1864 1469 1894 Genitivus
1490 1865 1556 1896 dies
1571 1875 1633 1905 pro

903 1908 980 1945 diei,
993 1912 1044 1938 est
1059 1918 1118 1947 pro
1143 1908 1255 1938 Sextio
1275 1910 1325 1939 12.
1350 1908 1414 1938 vid.
1430 1914 1500 1938 not.

947 1949 1166 1990 Βίθὺνεηῐὶα,
1191 1951 1300 1982 founa
1326 1961 1351 1982 s.
1378 1952 1504 1991 species
1531 1961 1634 1991 gene-

902 1995 957 2024 ris.
990 1995 1019 2025 Γ
1021 2005 1074 2034 op
1091 1999 1122 2029 7.
1145 2005 1249 2034 genus
1271 1999 1323 2026 est
1346 1995 1437 2025 notio
1453 1995 1495 2026 ad
1517 1995 1631 2036 plures

901 2035 1003 2078 differ
1004 2041 1109 2069 entias
1125 2040 1308 2078 pertinens.

946 2080 1107 2122 Diffewe
1132 2082 1172 2112 de
1196 2082 1267 2113 Inv
1285 2082 1306 2112 i.
1325 2084 1378 2116 ‘27-
1401 2082 1531 2113 occasio
1555 2091 1632 2112 cum

900 2129 1052 2164 tempore
1076 2126 1138 2155 hoe
1154 2123 1268 2165 differt
1289 2125 1377 2165 *pro
1392 2125 1532 2155 interest
1554 2126 1635 2156 sim-

901 2169 1044 2209 pliciter.
1074 2170 1175 2200 Tuse.
1198 2170 1233 2199 ii.
1261 2172 1310 2200 15.
1343 2169 1407 2198 Sed
1428 2172 1543 2199 tamen
1566 2168 1634 2209 dff-

130 2216 216 2246 diem
238 2215 412 2246 solutionis
435 2215 619 2244 constituit.
648 2213 689 2243 cf.
717 2213 859 2243 Gronov.
887 2212 965 2253 fert
987 2212 1124 2252 aliquid.
1149 2213 1190 2243 ef.
1213 2213 1270 2243 Or.
1293 2212 1340 2242 iii.
1365 2215 1417 2243 51.
1440 2212 1633 2244 *eumaem

132 2258 175 2289 ad
205 2259 321 2289 Senec.
351 2257 467 2290 Benef.
495 2258 536 2288 iv.
567 2259 617 2288 12.
649 2260 668 2277 ²*
694 2266 791 2296 porro
818 2256 858 2286 de

132 2303 233 2333 certis
249 2303 439 2332 morborum
456 2302 576 2338 diebus,
590 2301 707 2340 quibus
723 2299 794 2330 scil.
811 2299 858 2329 fe-

132 2345 198 2376 bris
212 2347 353 2383 aecedit,
367 2346 500 2376 dicitur.
528 2345 597 2374 Att.
613 2346 656 2374 ix.
672 2346 703 2375 ⁶2.
730 2344 792 2373 etsi
809 2342 858 2374 ld.

131 2388 233 2420 Mart.
257 2390 308 2420 die
328 2397 402 2427 tu0,
427 2393 465 2419 ut
487 2389 618 2428 opinor,
641 2387 858 2427 expectabam

130 2433 306 2473 epistolam
333 2443 353 2462 a
376 2437 410 2462 te
432 2433 617 2472 longiorem
642 2431 701 2461 &cu
733 2431 860 2460 Contra

129 2477 199 2508 xiii.
226 2479 279 2508 4⁶2.
311 2476 351 2506 de
381 2476 507 2506 natali:
541 2475 626 2505 diem
654 2484 766 2504 meum
794 2474 857 2503 scis

130 2529 201 2551 esse
219 2521 265 2550 iii.
277 2520 364 2549 Non.
387 2519 462 2549 Jan.
480 2519 586 2549 aderis
603 2518 724 2557 igitur:
749 2521 783 2547 et
800 2518 857 2547 Or.

133 2566 183 2595 13.
208 2573 286 2593 cum
298 2564 468 2603 dies-meus
479 2563 622 2599 veneri-t,
634 2572 692 2601 pro
704 2562 754 2591 die
769 2570 858 2590 mor-

127 2607 183 2637 tis.
213 2609 232 2628 ²*
248 2611 395 2646 tempus,
419 2607 564 2646 spatium
585 2606 758 2645 temporis.
782 2604 855 2634 Act.

128 2651 150 2681 i.
175 2651 209 2680 in
233 2649 327 2680 Verr.
343 2652 373 2681 2.
396 2651 481 2680 diem
504 2649 719 2690 perexiguam
743 2653 858 2688 postu—

127 2693 205 2726 lavi.
232 2693 333 2723 Tusc.
358 2693 403 2723 iii.
420 2695 472 2724 52⁶2.
501 2693 567 2723 dies
589 2691 771 2732 procedens
795 2692 857 2721 mi-

127 2738 217 2776 tigat
246 2736 492 2775 aegritudine111.
527 2736 569 2767 ad
598 2736 674 2766 Div.
701 2735 723 2765 i.
749 2736 779 2765 6.
816 2739 856 2764 ut

127 2781 332 2819 infringatur
343 2780 554 2810 inimicorum
566 2778 856 2818 improbitas—ip-

128 2834 166 2856 sa
181 2823 243 2854 die.
268 2826 287 2844 ²*
301 2833 359 2863 pro
375 2833 426 2859 eo,
440 2823 528 2861 quod
543 2823 576 2852 in
590 2823 641 2852 dfe
658 2823 708 2852 fit.
726 2822 767 2852 ad
779 2822 855 2852 Div.

128 2868 151 2898 i.
168 2869 199 2898 2.
223 2867 277 2896 hic
293 2867 359 2897 dies
375 2867 468 2896 nobis
484 2866 738 2896 honestissimus
753 2866 787 2895 in
805 2874 855 2895 se-

129 2914 213 2945 natu
227 2910 355 2942 fuerat:
381 2909 414 2942 h.
431 2920 460 2943 e.
473 2919 547 2949 quae
562 2919 601 2942 eo
617 2909 668 2940 die
682 2909 718 2941 in
733 2913 854 2940 senatu

901 2263 1061 2296 personae.
1096 2256 1137 2286 ad
1171 2256 1246 2286 Div.
1284 2266 1313 2286 v.
1349 2258 1400 2286 12.
1434 2256 1487 2286 5111
1519 2254 1635 2295 differs

903 2310 956 2329 me
982 2300 1016 2329 in
1040 2299 1130 2330 aliud
1158 2305 1303 2339 tempus.
1327 2299 1398 2329 Fin.
1424 2300 1467 2330 iv.
1495 2302 1522 2329 1.
1543 2297 1632 2330 'tem-

900 2353 961 2383 pus
977 2341 1125 2383 differre,
1143 2353 1202 2383 pro
1217 2343 1412 2373 dilationem
1427 2342 1516 2373 dare.

943 2387 1113 2427 Difficilis,
1151 2387 1205 2416 cui
1242 2386 1325 2416 nihil
1358 2385 1456 2416 facile
1493 2386 1626 2426 probari

899 2435 1024 2470 potest,
1046 2429 1249 2460 fastidiosus.
1271 2431 1366 2460 Orat.
1389 2431 1442 2464 29.
1465 2439 1569 2469 usque
1593 2439 1634 2460 eo

899 2473 1048 2515 dfficiles
1063 2484 1101 2503 ac
1117 2474 1240 2503 morosi
1255 2482 1383 2503 sumus.

942 2517 1396 2566 Dfficzdtas,.inopia.Ver1-.
1415 2516 1449 2546 ii.
1468 2518 1520 2547 28.
1544 2514 1634 2557 dff-

899 2562 1005 2590 cultas
1028 2560 1192 2591 numaria.
1223 2559 1322 2590 Catil.
1346 2561 1369 2590 i.
1392 2560 1422 2590 6.
1454 2559 1634 2601 dfficultas

899 2604 1094 2641 domestica,
1110 2604 1144 2634 h.
1160 2614 1188 2634 e.
1208 2613 1251 2633 aes
1267 2603 1426 2633 alienum.

943 2646 1118 2687 Dg'ffluere.
1136 2647 1230 2677 Brut.
1244 2650 1296 2680 91.
1318 2645 1468 2687 diffluere
1479 2650 1575 2677 extra
1590 2646 1634 2676 ri-

897 2701 967 2731 pas.
993 2691 1057 2721 Off.
1072 2692 1092 2720 i.
1108 2693 1160 2721 30.
1184 2689 1334 2730 dffuere
1346 2690 1488 2720 luxuria.
1512 2690 1631 2721 Or.iii.

898 2737 949 2765 32.
969 2735 1037 2764 otio
1050 2733 1211 2773 diffluere,
1225 2734 1384 2763 dicuntur
1403 2733 1451 2771 hi,
1468 2734 1526 2772 qui
1548 2732 1633 2763 nibil

898 2787 1005 2817 neque
1022 2777 1147 2817 publici
1163 2787 1270 2815 neque
1295 2776 1413 2817 privati
1431 2777 1558 2815 negotii
1573 2776 1634 2806 ha-

898 2821 992 2859 bent,
1016 2821 1103 2860 quod
1126 2820 1311 2850 necessario
1348 2820 1392 2850 sit
1425 2819 1631 2857 obeundum,

897 2864 1011 2903 quales
1035 2866 1114 2894 sunt
1144 2864 1235 2894 docti
1259 2863 1424 2901 homines,
1449 2863 1506 2902 qui
1529 2863 1563 2893 in
1597 2866 1633 2892 o'-

895 2909 945 2939 tio
968 2908 1096 2938 vivunt.
1120 2907 1217 2939 Brut.
1241 2910 1293 2942 79.
1316 2905 1502 2948 dffueutia
1531 2915 1635 2948 oppo-
