<?xml version="1.0" encoding="UTF-8"?>
<!DOCTYPE html PUBLIC "-//W3C//DTD XHTML 1.0 Transitional//EN"
    "http://www.w3.org/TR/xhtml1/DTD/xhtml1-transitional.dtd">
<html xmlns="http://www.w3.org/1999/xhtml" xml:lang="en" lang="en">
 <head>
  <title>
</title>
<meta http-equiv="Content-Type" content="text/html;charset=utf-8" />
  <meta name='ocr-system' content='tesseract 3.04.00' />
  <meta name='ocr-capabilities' content='ocr_page ocr_carea ocr_par ocr_line ocrx_word'/>
</head>
<body>
  <div class='ocr_page' id='page_1' title='image "./operaomnia05ciceuoft/operaomnia05ciceuoft_0062.png"; bbox 0 0 1815 3209; ppageno 0'>
   <div class='ocr_carea' id='block_1_1' title="bbox 217 163 270 199">
    <p class='ocr_par' dir='ltr' id='par_1_1' title="bbox 217 163 270 199">
     <span class='ocr_line' id='line_1_1' title="bbox 217 163 270 199; baseline 0 0"><span class='ocrx_word' id='word_1_1' title='bbox 217 163 270 199; x_wconf 71' lang='lat'>52</span> 
     </span>
    </p>
   </div>
   <div class='ocr_carea' id='block_1_2' title="bbox 211 257 958 2780">
    <p class='ocr_par' dir='ltr' id='par_1_2' title="bbox 217 257 951 334">
     <span class='ocr_line' id='line_1_2' title="bbox 217 257 951 300; baseline -0.003 -10"><span class='ocrx_word' id='word_1_2' title='bbox 217 261 299 290; x_wconf 82' lang='lat' dir='ltr'>item</span> <span class='ocrx_word' id='word_1_3' title='bbox 316 257 522 290; x_wconf 77' lang='lat' dir='ltr'>Picentinus.</span> <span class='ocrx_word' id='word_1_4' title='bbox 566 258 731 297; x_wconf 61' lang='lat' dir='ltr'>Picentes,</span> <span class='ocrx_word' id='word_1_5' title='bbox 745 268 805 300; x_wconf 82' lang='lat' dir='ltr'>pro</span> <span class='ocrx_word' id='word_1_6' title='bbox 821 257 904 290; x_wconf 91' lang='lat' dir='ltr'><strong>Sull.</strong></span> <span class='ocrx_word' id='word_1_7' title='bbox 921 261 951 289; x_wconf 79' lang='grc' dir='ltr'><strong>Β.</strong></span> 
     </span>
     <span class='ocr_line' id='line_1_3' title="bbox 217 303 485 334; baseline 0.004 -1"><span class='ocrx_word' id='word_1_8' title='bbox 217 303 259 333; x_wconf 80' lang='lat' dir='ltr'>ad</span> <span class='ocrx_word' id='word_1_9' title='bbox 274 304 344 334; x_wconf 86' lang='lat' dir='ltr'><strong>Att.</strong></span> <span class='ocrx_word' id='word_1_10' title='bbox 361 303 416 334; x_wconf 86' lang='lat' dir='ltr'><strong>vii.</strong></span> <span class='ocrx_word' id='word_1_11' title='bbox 432 303 485 334; x_wconf 68' lang='lat'>26.</span> 
     </span>
    </p>

    <p class='ocr_par' dir='ltr' id='par_1_3' title="bbox 214 345 952 509">
     <span class='ocr_line' id='line_1_4' title="bbox 260 345 951 386; baseline -0.006 -8"><span class='ocrx_word' id='word_1_12' title='bbox 260 346 474 386; x_wconf 64' lang='lat' dir='ltr'><em>PindeMssoe,</em></span> <span class='ocrx_word' id='word_1_13' title='bbox 491 345 533 377; x_wconf 83' lang='lat' dir='ltr'>ad</span> <span class='ocrx_word' id='word_1_14' title='bbox 548 346 618 377; x_wconf 76' lang='lat' dir='ltr'><strong>Att.</strong></span> <span class='ocrx_word' id='word_1_15' title='bbox 634 356 664 376; x_wconf 90' lang='lat' dir='ltr'>v.</span> <span class='ocrx_word' id='word_1_16' title='bbox 681 347 734 377; x_wconf 76' lang='lat'>20.</span> <span class='ocrx_word' id='word_1_17' title='bbox 758 346 836 376; x_wconf 86' lang='lat' dir='ltr'>urbs</span> <span class='ocrx_word' id='word_1_18' title='bbox 853 345 951 375; x_wconf 87' lang='lat' dir='ltr'>Eleu-</span> 
     </span>
     <span class='ocr_line' id='line_1_5' title="bbox 214 389 952 430; baseline -0.003 -10"><span class='ocrx_word' id='word_1_19' title='bbox 214 390 460 428; x_wconf 79' lang='lat' dir='ltr'>therocilicum,</span> <span class='ocrx_word' id='word_1_20' title='bbox 495 390 744 430; x_wconf 73' lang='lat' dir='ltr'>expugnatione</span> <span class='ocrx_word' id='word_1_21' title='bbox 783 389 952 419; x_wconf 79' lang='lat' dir='ltr'>Ciceronis</span> 
     </span>
     <span class='ocr_line' id='line_1_6' title="bbox 215 433 952 473; baseline -0.003 -9"><span class='ocrx_word' id='word_1_22' title='bbox 215 434 404 472; x_wconf 87' lang='lat' dir='ltr'>nobilitata,</span> <span class='ocrx_word' id='word_1_23' title='bbox 431 443 504 473; x_wconf 82' lang='lat' dir='ltr'>quae</span> <span class='ocrx_word' id='word_1_24' title='bbox 526 440 561 463; x_wconf 83' lang='lat' dir='ltr'>et</span> <span class='ocrx_word' id='word_1_25' title='bbox 578 433 795 464; x_wconf 73' lang='lat' dir='ltr'>Pindenissus</span> <span class='ocrx_word' id='word_1_26' title='bbox 817 433 952 470; x_wconf 81' lang='lat' dir='ltr'>dicitur,</span> 
     </span>
     <span class='ocr_line' id='line_1_7' title="bbox 216 477 470 509; baseline 0 -1"><span class='ocrx_word' id='word_1_27' title='bbox 216 477 257 508; x_wconf 81' lang='lat' dir='ltr'>ad</span> <span class='ocrx_word' id='word_1_28' title='bbox 273 478 347 509; x_wconf 92' lang='lat' dir='ltr'><strong>Div.</strong></span> <span class='ocrx_word' id='word_1_29' title='bbox 366 478 399 509; x_wconf 84' lang='lat' dir='ltr'>ii.</span> <span class='ocrx_word' id='word_1_30' title='bbox 421 481 470 508; x_wconf 90' lang='grc'>10.</span> 
     </span>
    </p>

    <p class='ocr_par' dir='ltr' id='par_1_4' title="bbox 259 519 951 561">
     <span class='ocr_line' id='line_1_8' title="bbox 259 519 951 561; baseline -0.007 -9"><span class='ocrx_word' id='word_1_31' title='bbox 259 522 421 557; x_wconf 76' lang='lat' dir='ltr'>Piroeens,</span> <span class='ocrx_word' id='word_1_32' title='bbox 434 525 548 561; x_wconf 86' lang='lat' dir='ltr'>portus</span> <span class='ocrx_word' id='word_1_33' title='bbox 563 519 775 550; x_wconf 73' lang='lat' dir='ltr'>Atheniensis</span> <span class='ocrx_word' id='word_1_34' title='bbox 789 525 824 549; x_wconf 88' lang='lat' dir='ltr'>et</span> <span class='ocrx_word' id='word_1_35' title='bbox 836 528 951 559; x_wconf 72' lang='lat' dir='ltr'><strong>pag-us.</strong></span> 
     </span>
    </p>

    <p class='ocr_par' dir='ltr' id='par_1_5' title="bbox 215 561 953 730">
     <span class='ocr_line' id='line_1_9' title="bbox 261 561 953 604; baseline -0.007 -9"><span class='ocrx_word' id='word_1_36' title='bbox 261 565 460 601; x_wconf 66' lang='lat' dir='ltr'>Pisaurum,</span> <span class='ocrx_word' id='word_1_37' title='bbox 477 563 635 604; x_wconf 77' lang='lat' dir='ltr'>oppidum</span> <span class='ocrx_word' id='word_1_38' title='bbox 663 562 809 592; x_wconf 82' lang='lat' dir='ltr'>Umbriae</span> <span class='ocrx_word' id='word_1_39' title='bbox 826 561 953 592; x_wconf 63' lang='lat' dir='ltr'>mxu-iti-</span> 
     </span>
     <span class='ocr_line' id='line_1_10' title="bbox 217 606 953 648; baseline -0.007 -9"><span class='ocrx_word' id='word_1_40' title='bbox 217 619 323 647; x_wconf 87' lang='lat' dir='ltr'>mum,</span> <span class='ocrx_word' id='word_1_41' title='bbox 337 608 424 648; x_wconf 84' lang='lat' dir='ltr'>quod</span> <span class='ocrx_word' id='word_1_42' title='bbox 435 606 680 647; x_wconf 63' lang='lat' dir='ltr'>praeterlabitur</span> <span class='ocrx_word' id='word_1_43' title='bbox 697 606 814 636; x_wconf 75' lang='lat' dir='ltr'>fluvius</span> <span class='ocrx_word' id='word_1_44' title='bbox 830 614 953 643; x_wconf 79' lang='lat' dir='ltr'>cogno-</span> 
     </span>
     <span class='ocr_line' id='line_1_11' title="bbox 215 648 952 687; baseline -0.005 -5"><span class='ocrx_word' id='word_1_45' title='bbox 215 653 316 683; x_wconf 87' lang='lat' dir='ltr'>minis</span> <span class='ocrx_word' id='word_1_46' title='bbox 347 652 525 682; x_wconf 76' lang='lat' dir='ltr'><em>Pisaurus.</em></span> <span class='ocrx_word' id='word_1_47' title='bbox 562 650 785 687; x_wconf 57' lang='lat' dir='ltr'>Pis-auream,</span> <span class='ocrx_word' id='word_1_48' title='bbox 813 648 854 679; x_wconf 87' lang='lat' dir='ltr'>ad</span> <span class='ocrx_word' id='word_1_49' title='bbox 881 648 952 678; x_wconf 72' lang='lat' dir='ltr'><strong>Att.</strong></span> 
     </span>
     <span class='ocr_line' id='line_1_12' title="bbox 217 697 299 730; baseline 0 -4"><span class='ocrx_word' id='word_1_50' title='bbox 217 697 250 727; x_wconf 90' lang='lat' dir='ltr'>ii.</span> <span class='ocrx_word' id='word_1_51' title='bbox 269 701 299 730; x_wconf 82' lang='lat'>7.</span> 
     </span>
    </p>

    <p class='ocr_par' dir='ltr' id='par_1_6' title="bbox 213 733 952 857">
     <span class='ocr_line' id='line_1_13' title="bbox 260 733 952 777; baseline -0.01 -7"><span class='ocrx_word' id='word_1_52' title='bbox 260 739 403 776; x_wconf 72' lang='lat' dir='ltr'>Pisidia,</span> <span class='ocrx_word' id='word_1_53' title='bbox 424 738 515 777; x_wconf 82' lang='lat' dir='ltr'>regio</span> <span class='ocrx_word' id='word_1_54' title='bbox 534 736 620 767; x_wconf 79' lang='lat' dir='ltr'>Asiae</span> <span class='ocrx_word' id='word_1_55' title='bbox 639 736 721 766; x_wconf 85' lang='lat' dir='ltr'><strong>min.</strong></span> <span class='ocrx_word' id='word_1_56' title='bbox 748 733 952 775; x_wconf 66' lang='lat' dir='ltr'>Pamphyliae</span> 
     </span>
     <span class='ocr_line' id='line_1_14' title="bbox 213 777 952 820; baseline -0.008 -6"><span class='ocrx_word' id='word_1_57' title='bbox 213 787 249 813; x_wconf 79' lang='lat' dir='ltr'>et</span> <span class='ocrx_word' id='word_1_58' title='bbox 275 783 410 813; x_wconf 84' lang='lat' dir='ltr'>Isauriae</span> <span class='ocrx_word' id='word_1_59' title='bbox 437 780 596 811; x_wconf 84' lang='lat' dir='ltr'>confinis:</span> <span class='ocrx_word' id='word_1_60' title='bbox 622 789 641 809; x_wconf 89' lang='lat' dir='ltr'>a</span> <span class='ocrx_word' id='word_1_61' title='bbox 664 790 730 820; x_wconf 79' lang='lat' dir='ltr'>qua</span> <span class='ocrx_word' id='word_1_62' title='bbox 755 778 877 810; x_wconf 74' lang='lat' dir='ltr'>Pisicloe</span> <span class='ocrx_word' id='word_1_63' title='bbox 903 777 952 808; x_wconf 92' lang='lat' dir='ltr'>di-</span> 
     </span>
     <span class='ocr_line' id='line_1_15' title="bbox 216 831 350 857; baseline 0 -1"><span class='ocrx_word' id='word_1_64' title='bbox 216 831 350 857; x_wconf 82' lang='lat' dir='ltr'><strong>cuntur.</strong></span> 
     </span>
    </p>

    <p class='ocr_par' dir='ltr' id='par_1_7' title="bbox 211 864 952 987">
     <span class='ocr_line' id='line_1_16' title="bbox 257 864 950 904; baseline -0.009 -4"><span class='ocrx_word' id='word_1_65' title='bbox 257 869 447 904; x_wconf 75' lang='lat' dir='ltr'><em>Placentia,</em></span> <span class='ocrx_word' id='word_1_66' title='bbox 486 867 564 898; x_wconf 77' lang='lat' dir='ltr'>urbs</span> <span class='ocrx_word' id='word_1_67' title='bbox 605 865 721 896; x_wconf 80' lang='lat' dir='ltr'>Galliae</span> <span class='ocrx_word' id='word_1_68' title='bbox 761 864 950 904; x_wconf 80' lang='lat' dir='ltr'>Cisalpinae.</span> 
     </span>
     <span class='ocr_line' id='line_1_17' title="bbox 213 907 952 948; baseline -0.008 -5"><span class='ocrx_word' id='word_1_69' title='bbox 213 913 311 943; x_wconf 83' lang='lat' dir='ltr'>hodie</span> <span class='ocrx_word' id='word_1_70' title='bbox 337 913 517 948; x_wconf 67' lang='lat' dir='ltr'><em>Piacenza,</em></span> <span class='ocrx_word' id='word_1_71' title='bbox 539 911 572 940; x_wconf 90' lang='lat' dir='ltr'>in</span> <span class='ocrx_word' id='word_1_72' title='bbox 598 910 789 940; x_wconf 83' lang='lat' dir='ltr'>confluente</span> <span class='ocrx_word' id='word_1_73' title='bbox 814 907 894 938; x_wconf 85' lang='lat' dir='ltr'>Padi</span> <span class='ocrx_word' id='word_1_74' title='bbox 918 912 952 938; x_wconf 83' lang='lat' dir='ltr'>et</span> 
     </span>
     <span class='ocr_line' id='line_1_18' title="bbox 211 954 690 987; baseline -0.008 0"><span class='ocrx_word' id='word_1_75' title='bbox 211 956 352 987; x_wconf 82' lang='lat' dir='ltr'>Trebiae.</span> <span class='ocrx_word' id='word_1_76' title='bbox 382 955 471 986; x_wconf 86' lang='lat' dir='ltr'>unde</span> <span class='ocrx_word' id='word_1_77' title='bbox 489 954 690 985; x_wconf 74' lang='lat' dir='ltr'><em>Placentini.</em></span> 
     </span>
    </p>

    <p class='ocr_par' dir='ltr' id='par_1_8' title="bbox 256 995 801 1036">
     <span class='ocr_line' id='line_1_19' title="bbox 256 995 801 1036; baseline -0.009 -6"><span class='ocrx_word' id='word_1_78' title='bbox 256 1000 408 1036; x_wconf 78' lang='lat' dir='ltr'><em>Plataeoe,</em></span> <span class='ocrx_word' id='word_1_79' title='bbox 423 999 501 1028; x_wconf 85' lang='lat' dir='ltr'>urbs</span> <span class='ocrx_word' id='word_1_80' title='bbox 517 997 654 1028; x_wconf 75' lang='lat' dir='ltr'>Boeotiae</span> <span class='ocrx_word' id='word_1_81' title='bbox 671 995 801 1026; x_wconf 79' lang='lat' dir='ltr'>nobilis.</span> 
     </span>
    </p>

    <p class='ocr_par' dir='ltr' id='par_1_9' title="bbox 213 1037 952 1215">
     <span class='ocr_line' id='line_1_20' title="bbox 258 1037 950 1078; baseline -0.01 -4"><span class='ocrx_word' id='word_1_82' title='bbox 258 1043 468 1078; x_wconf 67' lang='lat' dir='ltr'>platanium,</span> <span class='ocrx_word' id='word_1_83' title='bbox 485 1041 525 1071; x_wconf 86' lang='lat' dir='ltr'>dc</span> <span class='ocrx_word' id='word_1_84' title='bbox 552 1041 628 1071; x_wconf 86' lang='lat' dir='ltr'><strong>Div.</strong></span> <span class='ocrx_word' id='word_1_85' title='bbox 656 1041 678 1070; x_wconf 87' lang='lat' dir='ltr'>i.</span> <span class='ocrx_word' id='word_1_86' title='bbox 708 1040 760 1069; x_wconf 78' lang='lat'>36.</span> <span class='ocrx_word' id='word_1_87' title='bbox 784 1037 950 1078; x_wconf 85' lang='lat' dir='ltr'>templum</span> 
     </span>
     <span class='ocr_line' id='line_1_21' title="bbox 213 1083 951 1124; baseline -0.011 -6"><span class='ocrx_word' id='word_1_88' title='bbox 213 1087 365 1118; x_wconf 82' lang='lat' dir='ltr'>Plutonis</span> <span class='ocrx_word' id='word_1_89' title='bbox 389 1087 423 1116; x_wconf 92' lang='lat' dir='ltr'>in</span> <span class='ocrx_word' id='word_1_90' title='bbox 447 1085 564 1124; x_wconf 79' lang='lat' dir='ltr'>Lydia,</span> <span class='ocrx_word' id='word_1_91' title='bbox 587 1088 621 1113; x_wconf 86' lang='lat' dir='ltr'>et</span> <span class='ocrx_word' id='word_1_92' title='bbox 647 1083 783 1123; x_wconf 79' lang='lat' dir='ltr'>quidem</span> <span class='ocrx_word' id='word_1_93' title='bbox 808 1083 842 1111; x_wconf 90' lang='lat' dir='ltr'>in</span> <span class='ocrx_word' id='word_1_94' title='bbox 866 1091 951 1121; x_wconf 82' lang='lat' dir='ltr'>pago</span> 
     </span>
     <span class='ocr_line' id='line_1_22' title="bbox 213 1124 952 1168; baseline -0.009 -7"><span class='ocrx_word' id='word_1_95' title='bbox 213 1131 395 1167; x_wconf 75' lang='lat' dir='ltr'>Acharaca,</span> <span class='ocrx_word' id='word_1_96' title='bbox 413 1129 468 1168; x_wconf 88' lang='lat' dir='ltr'>qui</span> <span class='ocrx_word' id='word_1_97' title='bbox 486 1129 585 1158; x_wconf 79' lang='lat' dir='ltr'>estin</span> <span class='ocrx_word' id='word_1_98' title='bbox 601 1127 654 1157; x_wconf 75' lang='lat' dir='ltr'>via</span> <span class='ocrx_word' id='word_1_99' title='bbox 671 1128 759 1157; x_wconf 77' lang='lat' dir='ltr'>inter</span> <span class='ocrx_word' id='word_1_100' title='bbox 772 1124 900 1155; x_wconf 83' lang='lat' dir='ltr'>Tralles</span> <span class='ocrx_word' id='word_1_101' title='bbox 917 1129 952 1155; x_wconf 82' lang='lat' dir='ltr'>et</span> 
     </span>
     <span class='ocr_line' id='line_1_23' title="bbox 214 1175 353 1215; baseline -0.007 -10"><span class='ocrx_word' id='word_1_102' title='bbox 214 1175 353 1215; x_wconf 63' lang='lat' dir='ltr'><strong>Nysam.</strong></span> 
     </span>
    </p>

    <p class='ocr_par' dir='ltr' id='par_1_10' title="bbox 214 1212 954 1346">
     <span class='ocr_line' id='line_1_24' title="bbox 257 1212 951 1253; baseline -0.01 -5"><span class='ocrx_word' id='word_1_103' title='bbox 257 1218 437 1253; x_wconf 70' lang='lat' dir='ltr'><em>Pollentia,</em></span> <span class='ocrx_word' id='word_1_104' title='bbox 459 1215 499 1245; x_wconf 82' lang='lat' dir='ltr'>ad</span> <span class='ocrx_word' id='word_1_105' title='bbox 523 1215 599 1246; x_wconf 90' lang='lat' dir='ltr'><strong>Div.</strong></span> <span class='ocrx_word' id='word_1_106' title='bbox 618 1214 660 1244; x_wconf 81' lang='lat' dir='ltr'>xi.</span> <span class='ocrx_word' id='word_1_107' title='bbox 681 1216 731 1243; x_wconf 72' lang='grc'>13.</span> <span class='ocrx_word' id='word_1_108' title='bbox 756 1212 840 1243; x_wconf 86' lang='lat' dir='ltr'>Phil.</span> <span class='ocrx_word' id='word_1_109' title='bbox 858 1212 902 1242; x_wconf 84' lang='lat' dir='ltr'>xi.</span> <span class='ocrx_word' id='word_1_110' title='bbox 920 1212 951 1242; x_wconf 88' lang='lat'>6.</span> 
     </span>
     <span class='ocr_line' id='line_1_25' title="bbox 214 1255 954 1303; baseline -0.011 -10"><span class='ocrx_word' id='word_1_111' title='bbox 214 1262 374 1303; x_wconf 86' lang='lat' dir='ltr'>oppidum</span> <span class='ocrx_word' id='word_1_112' title='bbox 404 1259 550 1299; x_wconf 74' lang='lat' dir='ltr'>Liguriae</span> <span class='ocrx_word' id='word_1_113' title='bbox 577 1267 677 1297; x_wconf 81' lang='lat' dir='ltr'>supra</span> <span class='ocrx_word' id='word_1_114' title='bbox 705 1256 836 1294; x_wconf 81' lang='lat' dir='ltr'>Albam,</span> <span class='ocrx_word' id='word_1_115' title='bbox 864 1255 954 1286; x_wconf 79' lang='lat' dir='ltr'>haud</span> 
     </span>
     <span class='ocr_line' id='line_1_26' title="bbox 214 1300 922 1346; baseline -0.008 -10"><span class='ocrx_word' id='word_1_116' title='bbox 214 1305 330 1346; x_wconf 74' lang='lat' dir='ltr'>procul</span> <span class='ocrx_word' id='word_1_117' title='bbox 344 1304 468 1335; x_wconf 83' lang='lat' dir='ltr'>Tanari</span> <span class='ocrx_word' id='word_1_118' title='bbox 485 1313 523 1332; x_wconf 87' lang='lat' dir='ltr'>ac</span> <span class='ocrx_word' id='word_1_119' title='bbox 539 1303 647 1332; x_wconf 48' lang='lat' dir='ltr'>Stura!</span> <span class='ocrx_word' id='word_1_120' title='bbox 664 1300 922 1330; x_wconf 66' lang='lat' dir='ltr'>confluentibus.</span> 
     </span>
    </p>

    <p class='ocr_par' dir='ltr' id='par_1_11' title="bbox 212 1343 955 1432">
     <span class='ocr_line' id='line_1_27' title="bbox 257 1343 955 1388; baseline -0.011 -8"><span class='ocrx_word' id='word_1_121' title='bbox 257 1350 418 1388; x_wconf 78' lang='lat' dir='ltr'>Pompeia</span> <span class='ocrx_word' id='word_1_122' title='bbox 440 1349 507 1384; x_wconf 77' lang='lat' dir='ltr'>via,</span> <span class='ocrx_word' id='word_1_123' title='bbox 523 1346 617 1376; x_wconf 74' lang='lat' dir='ltr'><strong>verr.</strong></span> <span class='ocrx_word' id='word_1_124' title='bbox 634 1355 664 1374; x_wconf 64' lang='grc' dir='ltr'><strong>τ.</strong></span> <span class='ocrx_word' id='word_1_125' title='bbox 682 1344 736 1375; x_wconf 71' lang='lat'>66.</span> <span class='ocrx_word' id='word_1_126' title='bbox 754 1345 807 1373; x_wconf 63' lang='lat' dir='ltr'>via</span> <span class='ocrx_word' id='word_1_127' title='bbox 821 1344 856 1373; x_wconf 88' lang='lat' dir='ltr'>in</span> <span class='ocrx_word' id='word_1_128' title='bbox 873 1343 955 1373; x_wconf 90' lang='lat' dir='ltr'>Sici-</span> 
     </span>
     <span class='ocr_line' id='line_1_28' title="bbox 212 1390 756 1432; baseline -0.015 -8"><span class='ocrx_word' id='word_1_129' title='bbox 212 1392 258 1424; x_wconf 84' lang='lat' dir='ltr'>lia</span> <span class='ocrx_word' id='word_1_130' title='bbox 274 1397 349 1432; x_wconf 79' lang='lat' dir='ltr'>post</span> <span class='ocrx_word' id='word_1_131' title='bbox 364 1392 480 1422; x_wconf 88' lang='lat' dir='ltr'>urbem</span> <span class='ocrx_word' id='word_1_132' title='bbox 498 1390 701 1420; x_wconf 64' lang='lat' dir='ltr'><strong>Messanam.</strong></span> <span class='ocrx_word' id='word_1_133' title='bbox 748 1406 756 1410; x_wconf 73' lang='grc'><strong>-</strong></span> 
     </span>
    </p>

    <p class='ocr_par' dir='ltr' id='par_1_12' title="bbox 213 1430 955 1693">
     <span class='ocr_line' id='line_1_29' title="bbox 258 1430 952 1475; baseline -0.012 -8"><span class='ocrx_word' id='word_1_134' title='bbox 258 1437 511 1475; x_wconf 77' lang='lat' dir='ltr'>Pompeianum,</span> <span class='ocrx_word' id='word_1_135' title='bbox 535 1433 576 1463; x_wconf 79' lang='lat' dir='ltr'>ad</span> <span class='ocrx_word' id='word_1_136' title='bbox 592 1432 661 1462; x_wconf 63' lang='lat' dir='ltr'><strong>Art.</strong></span> <span class='ocrx_word' id='word_1_137' title='bbox 680 1432 701 1461; x_wconf 91' lang='lat' dir='ltr'>i.</span> <span class='ocrx_word' id='word_1_138' title='bbox 720 1433 771 1461; x_wconf 73' lang='lat'><strong>⁶20.</strong></span> <span class='ocrx_word' id='word_1_139' title='bbox 789 1430 952 1470; x_wconf 86' lang='lat' dir='ltr'>praedium</span> 
     </span>
     <span class='ocr_line' id='line_1_30' title="bbox 213 1474 955 1517; baseline -0.009 -7"><span class='ocrx_word' id='word_1_140' title='bbox 213 1480 382 1510; x_wconf 81' lang='lat' dir='ltr'>Ciceronis</span> <span class='ocrx_word' id='word_1_141' title='bbox 412 1479 447 1508; x_wconf 89' lang='lat' dir='ltr'>in</span> <span class='ocrx_word' id='word_1_142' title='bbox 479 1486 556 1517; x_wconf 75' lang='lat' dir='ltr'>agro</span> <span class='ocrx_word' id='word_1_143' title='bbox 594 1475 808 1514; x_wconf 73' lang='lat' dir='ltr'>Pompeiano.</span> <span class='ocrx_word' id='word_1_144' title='bbox 854 1474 955 1504; x_wconf 85' lang='lat' dir='ltr'>Aliud</span> 
     </span>
     <span class='ocr_line' id='line_1_31' title="bbox 214 1518 954 1562; baseline -0.009 -8"><span class='ocrx_word' id='word_1_145' title='bbox 214 1529 264 1554; x_wconf 78' lang='lat' dir='ltr'>est</span> <span class='ocrx_word' id='word_1_146' title='bbox 291 1523 544 1562; x_wconf 76' lang='lat' dir='ltr'>Pompeianum,</span> <span class='ocrx_word' id='word_1_147' title='bbox 563 1519 604 1550; x_wconf 87' lang='lat' dir='ltr'>ad</span> <span class='ocrx_word' id='word_1_148' title='bbox 627 1519 703 1549; x_wconf 79' lang='lat' dir='ltr'><strong>Div.</strong></span> <span class='ocrx_word' id='word_1_149' title='bbox 728 1518 782 1548; x_wconf 87' lang='lat' dir='ltr'>vii.</span> <span class='ocrx_word' id='word_1_150' title='bbox 810 1520 840 1548; x_wconf 82' lang='lat'>3.</span> <span class='ocrx_word' id='word_1_151' title='bbox 870 1527 954 1558; x_wconf 88' lang='lat' dir='ltr'>prae-</span> 
     </span>
     <span class='ocr_line' id='line_1_32' title="bbox 215 1562 951 1602; baseline -0.01 -5"><span class='ocrx_word' id='word_1_152' title='bbox 215 1568 307 1597; x_wconf 85' lang='lat' dir='ltr'>dium</span> <span class='ocrx_word' id='word_1_153' title='bbox 324 1566 421 1597; x_wconf 86' lang='lat' dir='ltr'>Marii</span> <span class='ocrx_word' id='word_1_154' title='bbox 435 1577 440 1595; x_wconf 93' lang='lat'>:</span> <span class='ocrx_word' id='word_1_155' title='bbox 457 1573 492 1594; x_wconf 89' lang='lat' dir='ltr'>et</span> <span class='ocrx_word' id='word_1_156' title='bbox 507 1564 548 1594; x_wconf 85' lang='lat' dir='ltr'>ad</span> <span class='ocrx_word' id='word_1_157' title='bbox 563 1563 632 1594; x_wconf 79' lang='lat' dir='ltr'><strong>Att.</strong></span> <span class='ocrx_word' id='word_1_158' title='bbox 648 1572 677 1592; x_wconf 91' lang='lat' dir='ltr'>v.</span> <span class='ocrx_word' id='word_1_159' title='bbox 695 1565 720 1592; x_wconf 93' lang='lat'>1.</span> <span class='ocrx_word' id='word_1_160' title='bbox 738 1562 852 1591; x_wconf 69' lang='lat' dir='ltr'>Pansae</span> <span class='ocrx_word' id='word_1_161' title='bbox 867 1571 951 1602; x_wconf 82' lang='lat' dir='ltr'>prae-</span> 
     </span>
     <span class='ocr_line' id='line_1_33' title="bbox 215 1604 953 1645; baseline -0.009 -4"><span class='ocrx_word' id='word_1_162' title='bbox 215 1611 319 1641; x_wconf 88' lang='lat' dir='ltr'><strong>dium.</strong></span> <span class='ocrx_word' id='word_1_163' title='bbox 365 1610 536 1640; x_wconf 77' lang='lat' dir='ltr'><strong>Dicuntur</strong></span> <span class='ocrx_word' id='word_1_164' title='bbox 565 1617 584 1636; x_wconf 84' lang='lat' dir='ltr'>a</span> <span class='ocrx_word' id='word_1_165' title='bbox 620 1605 796 1645; x_wconf 74' lang='lat' dir='ltr'>Pompeii3‚</span> <span class='ocrx_word' id='word_1_166' title='bbox 832 1604 953 1645; x_wconf 89' lang='lat' dir='ltr'>oppido</span> 
     </span>
     <span class='ocr_line' id='line_1_34' title="bbox 215 1648 865 1693; baseline -0.009 -8"><span class='ocrx_word' id='word_1_167' title='bbox 215 1654 421 1693; x_wconf 79' lang='lat' dir='ltr'>Campaniae,</span> <span class='ocrx_word' id='word_1_168' title='bbox 440 1656 479 1682; x_wconf 86' lang='lat' dir='ltr'>ut</span> <span class='ocrx_word' id='word_1_169' title='bbox 495 1649 690 1690; x_wconf 75' lang='lat' dir='ltr'>Pompeiani</span> <span class='ocrx_word' id='word_1_170' title='bbox 707 1648 788 1678; x_wconf 73' lang='lat' dir='ltr'><strong>Suu.</strong></span> <span class='ocrx_word' id='word_1_171' title='bbox 813 1650 865 1679; x_wconf 70' lang='lat'><strong>⁶21.</strong></span> 
     </span>
    </p>

    <p class='ocr_par' dir='ltr' id='par_1_13' title="bbox 214 1692 950 1781">
     <span class='ocr_line' id='line_1_35' title="bbox 259 1692 950 1736; baseline -0.01 -8"><span class='ocrx_word' id='word_1_172' title='bbox 259 1697 486 1736; x_wconf 75' lang='lat' dir='ltr'>Pomptinum,</span> <span class='ocrx_word' id='word_1_173' title='bbox 501 1703 637 1734; x_wconf 82' lang='lat' dir='ltr'>campus</span> <span class='ocrx_word' id='word_1_174' title='bbox 650 1693 739 1723; x_wconf 75' lang='lat' dir='ltr'>Latii</span> <span class='ocrx_word' id='word_1_175' title='bbox 755 1693 789 1722; x_wconf 90' lang='lat' dir='ltr'>in</span> <span class='ocrx_word' id='word_1_176' title='bbox 806 1692 950 1722; x_wconf 79' lang='lat' dir='ltr'>Volscis:</span> 
     </span>
     <span class='ocr_line' id='line_1_36' title="bbox 214 1738 707 1781; baseline -0.014 -8"><span class='ocrx_word' id='word_1_177' title='bbox 214 1743 295 1773; x_wconf 85' lang='lat' dir='ltr'>item</span> <span class='ocrx_word' id='word_1_178' title='bbox 311 1740 474 1781; x_wconf 78' lang='lat' dir='ltr'>praedium</span> <span class='ocrx_word' id='word_1_179' title='bbox 492 1740 526 1768; x_wconf 90' lang='lat' dir='ltr'>in</span> <span class='ocrx_word' id='word_1_180' title='bbox 543 1738 600 1769; x_wconf 90' lang='lat' dir='ltr'>illo</span> <span class='ocrx_word' id='word_1_181' title='bbox 617 1746 707 1776; x_wconf 83' lang='lat' dir='ltr'><strong>agro.</strong></span> 
     </span>
    </p>

    <p class='ocr_par' dir='ltr' id='par_1_14' title="bbox 214 1779 952 1904">
     <span class='ocr_line' id='line_1_37' title="bbox 259 1779 952 1819; baseline -0.012 -3"><span class='ocrx_word' id='word_1_182' title='bbox 259 1785 430 1819; x_wconf 71' lang='lat' dir='ltr'>Pomtina,</span> <span class='ocrx_word' id='word_1_183' title='bbox 448 1782 489 1812; x_wconf 88' lang='lat' dir='ltr'>ad</span> <span class='ocrx_word' id='word_1_184' title='bbox 507 1782 577 1812; x_wconf 80' lang='lat' dir='ltr'><strong>Att.</strong></span> <span class='ocrx_word' id='word_1_185' title='bbox 603 1781 644 1811; x_wconf 90' lang='lat' dir='ltr'>iv.</span> <span class='ocrx_word' id='word_1_186' title='bbox 673 1783 722 1810; x_wconf 83' lang='grc'>15.</span> <span class='ocrx_word' id='word_1_187' title='bbox 746 1779 852 1809; x_wconf 78' lang='lat' dir='ltr'>tribus</span> <span class='ocrx_word' id='word_1_188' title='bbox 876 1789 952 1819; x_wconf 85' lang='lat' dir='ltr'><strong>pop.</strong></span> 
     </span>
     <span class='ocr_line' id='line_1_38' title="bbox 215 1822 952 1865; baseline -0.012 -5"><span class='ocrx_word' id='word_1_189' title='bbox 215 1830 310 1860; x_wconf 84' lang='lat' dir='ltr'><strong>Rom.</strong></span> <span class='ocrx_word' id='word_1_190' title='bbox 336 1828 451 1858; x_wconf 76' lang='lat' dir='ltr'>rustic.</span> <span class='ocrx_word' id='word_1_191' title='bbox 477 1835 549 1865; x_wconf 82' lang='lat' dir='ltr'>quae</span> <span class='ocrx_word' id='word_1_192' title='bbox 573 1831 607 1855; x_wconf 81' lang='lat' dir='ltr'>et</span> <span class='ocrx_word' id='word_1_193' title='bbox 630 1823 790 1861; x_wconf 65' lang='lat' dir='ltr'><em>Panemo,</em></span> <span class='ocrx_word' id='word_1_194' title='bbox 817 1822 859 1853; x_wconf 87' lang='lat' dir='ltr'>ad</span> <span class='ocrx_word' id='word_1_195' title='bbox 882 1822 952 1853; x_wconf 76' lang='lat' dir='ltr'><strong>Att.</strong></span> 
     </span>
     <span class='ocr_line' id='line_1_39' title="bbox 214 1882 318 1904; baseline 0 -2"><span class='ocrx_word' id='word_1_196' title='bbox 214 1883 268 1904; x_wconf 84' lang='lat' dir='ltr'>vu.</span> <span class='ocrx_word' id='word_1_197' title='bbox 289 1882 318 1903; x_wconf 66' lang='grc' dir='ltr'><strong>ο.</strong></span> 
     </span>
    </p>

    <p class='ocr_par' dir='ltr' id='par_1_15' title="bbox 215 1909 953 1991">
     <span class='ocr_line' id='line_1_40' title="bbox 255 1909 953 1953; baseline -0.011 -7"><span class='ocrx_word' id='word_1_198' title='bbox 255 1916 399 1952; x_wconf 81' lang='lat' dir='ltr'><em>Pontus,</em></span> <span class='ocrx_word' id='word_1_199' title='bbox 415 1914 506 1953; x_wconf 82' lang='lat' dir='ltr'>regio</span> <span class='ocrx_word' id='word_1_200' title='bbox 522 1913 609 1943; x_wconf 74' lang='lat' dir='ltr'>Asiae</span> <span class='ocrx_word' id='word_1_201' title='bbox 627 1911 668 1941; x_wconf 76' lang='lat' dir='ltr'>ad</span> <span class='ocrx_word' id='word_1_202' title='bbox 684 1910 831 1940; x_wconf 71' lang='lat' dir='ltr'>Pontum</span> <span class='ocrx_word' id='word_1_203' title='bbox 850 1909 953 1940; x_wconf 79' lang='lat' dir='ltr'>Euxi—</span> 
     </span>
     <span class='ocr_line' id='line_1_41' title="bbox 215 1970 308 1991; baseline -0.022 0"><span class='ocrx_word' id='word_1_204' title='bbox 215 1970 308 1991; x_wconf 88' lang='lat' dir='ltr'><strong>num.</strong></span> 
     </span>
    </p>

    <p class='ocr_par' dir='ltr' id='par_1_16' title="bbox 217 1996 953 2077">
     <span class='ocr_line' id='line_1_42' title="bbox 260 1996 953 2043; baseline -0.01 -10"><span class='ocrx_word' id='word_1_205' title='bbox 260 2002 404 2043; x_wconf 76' lang='lat' dir='ltr'>Popilia,</span> <span class='ocrx_word' id='word_1_206' title='bbox 422 2000 464 2031; x_wconf 85' lang='lat' dir='ltr'>ad</span> <span class='ocrx_word' id='word_1_207' title='bbox 483 2001 560 2032; x_wconf 77' lang='lat' dir='ltr'><strong>Div.</strong></span> <span class='ocrx_word' id='word_1_208' title='bbox 583 1999 652 2029; x_wconf 76' lang='lat' dir='ltr'>viii.</span> <span class='ocrx_word' id='word_1_209' title='bbox 676 2001 705 2029; x_wconf 85' lang='grc'><strong>8.</strong></span> <span class='ocrx_word' id='word_1_210' title='bbox 726 1997 834 2027; x_wconf 70' lang='lat' dir='ltr'>tribus</span> <span class='ocrx_word' id='word_1_211' title='bbox 853 1996 953 2027; x_wconf 85' lang='lat' dir='ltr'>rusti-</span> 
     </span>
     <span class='ocr_line' id='line_1_43' title="bbox 217 2055 461 2077; baseline -0.012 0"><span class='ocrx_word' id='word_1_212' title='bbox 217 2057 309 2077; x_wconf 79' lang='lat' dir='ltr'>canae</span> <span class='ocrx_word' id='word_1_213' title='bbox 326 2055 461 2076; x_wconf 80' lang='lat' dir='ltr'><strong>nomen.</strong></span> 
     </span>
    </p>

    <p class='ocr_par' dir='ltr' id='par_1_17' title="bbox 215 2084 955 2165">
     <span class='ocr_line' id='line_1_44' title="bbox 260 2084 955 2127; baseline -0.012 -6"><span class='ocrx_word' id='word_1_214' title='bbox 260 2090 429 2127; x_wconf 72' lang='lat' dir='ltr'><em>Potentia,</em></span> <span class='ocrx_word' id='word_1_215' title='bbox 440 2088 521 2118; x_wconf 86' lang='lat' dir='ltr'><strong>Har.</strong></span> <span class='ocrx_word' id='word_1_216' title='bbox 538 2087 637 2126; x_wconf 81' lang='lat' dir='ltr'><strong>Resp.</strong></span> <span class='ocrx_word' id='word_1_217' title='bbox 656 2087 708 2116; x_wconf 70' lang='lat'>28.</span> <span class='ocrx_word' id='word_1_218' title='bbox 721 2084 814 2115; x_wconf 81' lang='lat' dir='ltr'>locus</span> <span class='ocrx_word' id='word_1_219' title='bbox 830 2084 864 2114; x_wconf 85' lang='lat' dir='ltr'>in</span> <span class='ocrx_word' id='word_1_220' title='bbox 875 2093 955 2123; x_wconf 80' lang='lat' dir='ltr'>agro</span> 
     </span>
     <span class='ocr_line' id='line_1_45' title="bbox 215 2135 349 2165; baseline -0.007 0"><span class='ocrx_word' id='word_1_221' title='bbox 215 2135 349 2165; x_wconf 83' lang='lat' dir='ltr'>Piceno.</span> 
     </span>
    </p>

    <p class='ocr_par' dir='ltr' id='par_1_18' title="bbox 216 2170 958 2253">
     <span class='ocr_line' id='line_1_46' title="bbox 259 2170 958 2216; baseline -0.01 -8"><span class='ocrx_word' id='word_1_222' title='bbox 259 2177 440 2214; x_wconf 77' lang='lat' dir='ltr'><em>Prceneste,</em></span> <span class='ocrx_word' id='word_1_223' title='bbox 463 2174 625 2216; x_wconf 83' lang='lat' dir='ltr'>oppidum</span> <span class='ocrx_word' id='word_1_224' title='bbox 644 2172 734 2204; x_wconf 79' lang='lat' dir='ltr'>Latii</span> <span class='ocrx_word' id='word_1_225' title='bbox 753 2181 818 2202; x_wconf 86' lang='lat' dir='ltr'>non</span> <span class='ocrx_word' id='word_1_226' title='bbox 839 2170 958 2212; x_wconf 84' lang='lat' dir='ltr'>procul</span> 
     </span>
     <span class='ocr_line' id='line_1_47' title="bbox 216 2221 334 2253; baseline -0.017 0"><span class='ocrx_word' id='word_1_227' title='bbox 216 2221 334 2253; x_wconf 86' lang='lat' dir='ltr'><strong>Roma.</strong></span> 
     </span>
    </p>

    <p class='ocr_par' dir='ltr' id='par_1_19' title="bbox 216 2258 956 2384">
     <span class='ocr_line' id='line_1_48' title="bbox 263 2258 955 2302; baseline -0.01 -7"><span class='ocrx_word' id='word_1_228' title='bbox 263 2265 400 2296; x_wconf 57' lang='lat' dir='ltr'>Pri-tius</span> <span class='ocrx_word' id='word_1_229' title='bbox 424 2265 527 2299; x_wconf 76' lang='lat' dir='ltr'><em>loeus,</em></span> <span class='ocrx_word' id='word_1_230' title='bbox 548 2271 608 2302; x_wconf 88' lang='lat' dir='ltr'>pro</span> <span class='ocrx_word' id='word_1_231' title='bbox 626 2258 698 2290; x_wconf 78' lang='lat' dir='ltr'><strong>Mil.</strong></span> <span class='ocrx_word' id='word_1_232' title='bbox 724 2260 776 2293; x_wconf 70' lang='lat'>27.</span> <span class='ocrx_word' id='word_1_233' title='bbox 798 2259 832 2288; x_wconf 82' lang='lat' dir='ltr'>in</span> <span class='ocrx_word' id='word_1_234' title='bbox 855 2258 955 2289; x_wconf 77' lang='lat' dir='ltr'>Etru-</span> 
     </span>
     <span class='ocr_line' id='line_1_49' title="bbox 216 2302 956 2344; baseline -0.009 -5"><span class='ocrx_word' id='word_1_235' title='bbox 216 2310 274 2340; x_wconf 85' lang='lat' dir='ltr'>ria.</span> <span class='ocrx_word' id='word_1_236' title='bbox 312 2308 417 2338; x_wconf 86' lang='lat' dir='ltr'><strong>Graev.</strong></span> <span class='ocrx_word' id='word_1_237' title='bbox 432 2306 579 2343; x_wconf 80' lang='lat' dir='ltr'>Prelius,</span> <span class='ocrx_word' id='word_1_238' title='bbox 597 2303 685 2344; x_wconf 86' lang='lat' dir='ltr'>quod</span> <span class='ocrx_word' id='word_1_239' title='bbox 700 2304 818 2343; x_wconf 81' lang='lat' dir='ltr'>probat</span> <span class='ocrx_word' id='word_1_240' title='bbox 835 2302 956 2333; x_wconf 81' lang='lat' dir='ltr'>Cellar.</span> 
     </span>
     <span class='ocr_line' id='line_1_50' title="bbox 216 2352 311 2384; baseline -0.011 -1"><span class='ocrx_word' id='word_1_241' title='bbox 216 2353 254 2384; x_wconf 81' lang='lat' dir='ltr'>G.</span> <span class='ocrx_word' id='word_1_242' title='bbox 273 2352 311 2382; x_wconf 82' lang='lat' dir='ltr'>A.</span> 
     </span>
    </p>

    <p class='ocr_par' dir='ltr' id='par_1_20' title="bbox 259 2388 836 2431">
     <span class='ocr_line' id='line_1_51' title="bbox 259 2388 836 2431; baseline -0.012 -5"><span class='ocrx_word' id='word_1_243' title='bbox 259 2395 395 2431; x_wconf 67' lang='lat' dir='ltr'>Priene,</span> <span class='ocrx_word' id='word_1_244' title='bbox 413 2393 571 2424; x_wconf 83' lang='lat' dir='ltr'><strong>Paradox.</strong></span> <span class='ocrx_word' id='word_1_245' title='bbox 590 2392 611 2421; x_wconf 92' lang='lat' dir='ltr'>i.</span> <span class='ocrx_word' id='word_1_246' title='bbox 629 2391 706 2421; x_wconf 86' lang='lat' dir='ltr'>urbs</span> <span class='ocrx_word' id='word_1_247' title='bbox 724 2388 836 2420; x_wconf 84' lang='lat' dir='ltr'><strong>Ioniae.</strong></span> 
     </span>
    </p>

    <p class='ocr_par' dir='ltr' id='par_1_21' title="bbox 258 2431 952 2475">
     <span class='ocr_line' id='line_1_52' title="bbox 258 2431 952 2475; baseline -0.01 -6"><span class='ocrx_word' id='word_1_248' title='bbox 258 2438 456 2475; x_wconf 66' lang='lat' dir='ltr'>Privernas,</span> <span class='ocrx_word' id='word_1_249' title='bbox 483 2447 503 2467; x_wconf 86' lang='lat' dir='ltr'>a</span> <span class='ocrx_word' id='word_1_250' title='bbox 519 2436 695 2472; x_wconf 77' lang='lat' dir='ltr'>Priverno,</span> <span class='ocrx_word' id='word_1_251' title='bbox 712 2433 834 2474; x_wconf 84' lang='lat' dir='ltr'>oppido</span> <span class='ocrx_word' id='word_1_252' title='bbox 852 2431 952 2463; x_wconf 81' lang='lat' dir='ltr'><strong>Latii.</strong></span> 
     </span>
    </p>

    <p class='ocr_par' dir='ltr' id='par_1_22' title="bbox 211 2475 954 2644">
     <span class='ocr_line' id='line_1_53' title="bbox 260 2475 952 2521; baseline -0.01 -9"><span class='ocrx_word' id='word_1_253' title='bbox 260 2481 447 2521; x_wconf 73' lang='lat' dir='ltr'>Propontis,</span> <span class='ocrx_word' id='word_1_254' title='bbox 464 2490 555 2510; x_wconf 80' lang='lat' dir='ltr'>mare</span> <span class='ocrx_word' id='word_1_255' title='bbox 578 2480 667 2509; x_wconf 81' lang='lat' dir='ltr'>inter</span> <span class='ocrx_word' id='word_1_256' title='bbox 687 2478 752 2508; x_wconf 89' lang='lat' dir='ltr'>duo</span> <span class='ocrx_word' id='word_1_257' title='bbox 768 2476 855 2506; x_wconf 83' lang='lat' dir='ltr'>freta</span> <span class='ocrx_word' id='word_1_258' title='bbox 870 2475 952 2506; x_wconf 88' lang='lat' dir='ltr'>Hel-</span> 
     </span>
     <span class='ocr_line' id='line_1_54' title="bbox 215 2520 953 2564; baseline -0.012 -6"><span class='ocrx_word' id='word_1_259' title='bbox 215 2527 404 2564; x_wconf 77' lang='lat' dir='ltr'>lespontum</span> <span class='ocrx_word' id='word_1_260' title='bbox 422 2531 456 2555; x_wconf 82' lang='lat' dir='ltr'>et</span> <span class='ocrx_word' id='word_1_261' title='bbox 467 2523 650 2563; x_wconf 75' lang='lat' dir='ltr'>Bosporum</span> <span class='ocrx_word' id='word_1_262' title='bbox 668 2521 886 2552; x_wconf 87' lang='lat' dir='ltr'>Cimmerium</span> <span class='ocrx_word' id='word_1_263' title='bbox 902 2520 953 2549; x_wconf 89' lang='lat' dir='ltr'>in-</span> 
     </span>
     <span class='ocr_line' id='line_1_55' title="bbox 211 2563 954 2610; baseline -0.012 -9"><span class='ocrx_word' id='word_1_264' title='bbox 211 2571 404 2610; x_wconf 81' lang='lat' dir='ltr'>terjectum,</span> <span class='ocrx_word' id='word_1_265' title='bbox 422 2568 514 2608; x_wconf 74' lang='lat' dir='ltr'>quasi</span> <span class='ocrx_word' id='word_1_266' title='bbox 536 2565 739 2597; x_wconf 75' lang='lat' dir='ltr'>vestibulum</span> <span class='ocrx_word' id='word_1_267' title='bbox 762 2563 860 2594; x_wconf 85' lang='lat' dir='ltr'>Ponti</span> <span class='ocrx_word' id='word_1_268' title='bbox 886 2563 954 2593; x_wconf 89' lang='lat' dir='ltr'>Eu-</span> 
     </span>
     <span class='ocr_line' id='line_1_56' title="bbox 214 2624 292 2644; baseline -0.013 0"><span class='ocrx_word' id='word_1_269' title='bbox 214 2624 292 2644; x_wconf 78' lang='lat' dir='ltr'><strong>xlm.</strong></span> 
     </span>
    </p>

    <p class='ocr_par' dir='ltr' id='par_1_23' title="bbox 211 2650 949 2739">
     <span class='ocr_line' id='line_1_57' title="bbox 255 2650 949 2695; baseline -0.012 -7"><span class='ocrx_word' id='word_1_270' title='bbox 255 2657 479 2695; x_wconf 75' lang='lat' dir='ltr'><em>Prytaneum,</em></span> <span class='ocrx_word' id='word_1_271' title='bbox 496 2654 588 2684; x_wconf 85' lang='lat' dir='ltr'>locus</span> <span class='ocrx_word' id='word_1_272' title='bbox 611 2652 765 2689; x_wconf 78' lang='lat' dir='ltr'>Athenis,</span> <span class='ocrx_word' id='word_1_273' title='bbox 790 2651 847 2681; x_wconf 87' lang='lat' dir='ltr'>ubi</span> <span class='ocrx_word' id='word_1_274' title='bbox 865 2650 949 2681; x_wconf 86' lang='lat' dir='ltr'>bene</span> 
     </span>
     <span class='ocr_line' id='line_1_58' title="bbox 211 2696 923 2739; baseline -0.011 -7"><span class='ocrx_word' id='word_1_275' title='bbox 211 2701 322 2732; x_wconf 82' lang='lat' dir='ltr'>meriti</span> <span class='ocrx_word' id='word_1_276' title='bbox 340 2700 379 2729; x_wconf 87' lang='lat' dir='ltr'>de</span> <span class='ocrx_word' id='word_1_277' title='bbox 396 2709 465 2739; x_wconf 83' lang='lat' dir='ltr'><strong>rep.</strong></span> <span class='ocrx_word' id='word_1_278' title='bbox 482 2697 614 2738; x_wconf 83' lang='lat' dir='ltr'>publice</span> <span class='ocrx_word' id='word_1_279' title='bbox 631 2696 818 2727; x_wconf 84' lang='lat' dir='ltr'><strong>alebantur.</strong></span> <span class='ocrx_word' id='word_1_280' title='bbox 919 2732 923 2734; x_wconf 54' lang='lat'>.</span> 
     </span>
    </p>

    <p class='ocr_par' dir='ltr' id='par_1_24' title="bbox 254 2738 947 2780">
     <span class='ocr_line' id='line_1_59' title="bbox 254 2738 947 2780; baseline -0.01 -6"><span class='ocrx_word' id='word_1_281' title='bbox 254 2744 483 2779; x_wconf 74' lang='lat' dir='ltr'><em>Ptolemoeum,</em></span> <span class='ocrx_word' id='word_1_282' title='bbox 500 2742 538 2771; x_wconf 90' lang='lat' dir='ltr'>de</span> <span class='ocrx_word' id='word_1_283' title='bbox 557 2741 628 2771; x_wconf 86' lang='lat' dir='ltr'><strong>Fin.</strong></span> <span class='ocrx_word' id='word_1_284' title='bbox 645 2751 675 2770; x_wconf 88' lang='lat' dir='ltr'>v.</span> <span class='ocrx_word' id='word_1_285' title='bbox 692 2743 719 2770; x_wconf 91' lang='lat' dir='ltr'>l.</span> <span class='ocrx_word' id='word_1_286' title='bbox 735 2738 947 2780; x_wconf 78' lang='lat' dir='ltr'>gymnasium</span> 
     </span>
    </p>
   </div>
   <div class='ocr_carea' id='block_1_3' title="bbox 153 2787 362 2819">
    <p class='ocr_par' dir='ltr' id='par_1_25' title="bbox 153 2787 362 2819">
     <span class='ocr_line' id='line_1_60' title="bbox 153 2787 362 2819; baseline -0.019 1"><span class='ocrx_word' id='word_1_287' title='bbox 153 2791 158 2797; x_wconf 87' lang='grc'><em>“</em></span> <span class='ocrx_word' id='word_1_288' title='bbox 209 2787 362 2819; x_wconf 83' lang='lat' dir='ltr'><strong>Athenis.</strong></span> 
     </span>
    </p>
   </div>
   <div class='ocr_carea' id='block_1_4' title="bbox 205 2825 950 2998">
    <p class='ocr_par' dir='ltr' id='par_1_26' title="bbox 205 2825 948 2915">
     <span class='ocr_line' id='line_1_61' title="bbox 252 2825 948 2867; baseline -0.01 -5"><span class='ocrx_word' id='word_1_289' title='bbox 252 2831 445 2867; x_wconf 74' lang='lat' dir='ltr'><em>Ptolemais,</em></span> <span class='ocrx_word' id='word_1_290' title='bbox 463 2829 503 2859; x_wconf 83' lang='lat' dir='ltr'>ad</span> <span class='ocrx_word' id='word_1_291' title='bbox 523 2828 599 2859; x_wconf 89' lang='lat' dir='ltr'><strong>Div.</strong></span> <span class='ocrx_word' id='word_1_292' title='bbox 620 2828 640 2857; x_wconf 94' lang='lat' dir='ltr'>i.</span> <span class='ocrx_word' id='word_1_293' title='bbox 662 2836 713 2866; x_wconf 84' lang='lat' dir='ltr'>ep.</span> <span class='ocrx_word' id='word_1_294' title='bbox 735 2830 765 2860; x_wconf 85' lang='lat'>7.</span> <span class='ocrx_word' id='word_1_295' title='bbox 787 2825 948 2866; x_wconf 88' lang='lat' dir='ltr'>oppidum</span> 
     </span>
     <span class='ocr_line' id='line_1_62' title="bbox 205 2872 907 2915; baseline -0.013 -9"><span class='ocrx_word' id='word_1_296' title='bbox 205 2874 341 2915; x_wconf 72' lang='lat' dir='ltr'>AEgypti</span> <span class='ocrx_word' id='word_1_297' title='bbox 356 2872 566 2904; x_wconf 83' lang='lat' dir='ltr'>Alexandriae</span> <span class='ocrx_word' id='word_1_298' title='bbox 583 2872 819 2910; x_wconf 79' lang='lat' dir='ltr'>propinquum.</span> <span class='ocrx_word' id='word_1_299' title='bbox 906 2874 907 2877; x_wconf 77' lang='grc'>’</span> 
     </span>
    </p>

    <p class='ocr_par' dir='ltr' id='par_1_27' title="bbox 206 2912 950 2998">
     <span class='ocr_line' id='line_1_63' title="bbox 248 2912 949 2956; baseline -0.009 -8"><span class='ocrx_word' id='word_1_300' title='bbox 248 2917 448 2948; x_wconf 74' lang='grc' dir='ltr'><em>Ραηίσαηηε</em></span> <span class='ocrx_word' id='word_1_301' title='bbox 485 2925 544 2956; x_wconf 85' lang='lat' dir='ltr'>pro</span> <span class='ocrx_word' id='word_1_302' title='bbox 575 2914 739 2950; x_wconf 67' lang='lat' dir='ltr'>Punicus,</span> <span class='ocrx_word' id='word_1_303' title='bbox 771 2922 829 2952; x_wconf 87' lang='lat' dir='ltr'>pro</span> <span class='ocrx_word' id='word_1_304' title='bbox 858 2912 949 2943; x_wconf 87' lang='lat' dir='ltr'><strong>Mur.</strong></span> 
     </span>
     <span class='ocr_line' id='line_1_64' title="bbox 206 2956 950 2998; baseline -0.012 -3"><span class='ocrx_word' id='word_1_305' title='bbox 206 2956 259 2995; x_wconf 67' lang='lat'>36.</span> <span class='ocrx_word' id='word_1_306' title='bbox 294 2959 477 2993; x_wconf 78' lang='lat' dir='ltr'>Punicana</span> <span class='ocrx_word' id='word_1_307' title='bbox 492 2959 652 2998; x_wconf 76' lang='lat' dir='ltr'>triclinia,</span> <span class='ocrx_word' id='word_1_308' title='bbox 669 2956 812 2989; x_wconf 86' lang='lat' dir='ltr'>humilia</span> <span class='ocrx_word' id='word_1_309' title='bbox 827 2961 863 2987; x_wconf 81' lang='lat' dir='ltr'>et</span> <span class='ocrx_word' id='word_1_310' title='bbox 876 2956 950 2987; x_wconf 87' lang='lat' dir='ltr'>vilis</span> 
     </span>
    </p>
   </div>
   <div class='ocr_carea' id='block_1_5' title="bbox 703 166 1256 197">
    <p class='ocr_par' dir='ltr' id='par_1_28' title="bbox 703 166 1256 197">
     <span class='ocr_line' id='line_1_65' title="bbox 703 166 1256 197; baseline -0.004 0"><span class='ocrx_word' id='word_1_311' title='bbox 703 168 849 197; x_wconf 80' lang='lat' dir='ltr'>INDEX</span> <span class='ocrx_word' id='word_1_312' title='bbox 888 167 1004 196; x_wconf 85' lang='lat' dir='ltr'>GEOG</span> <span class='ocrx_word' id='word_1_313' title='bbox 1013 166 1256 197; x_wconf 80' lang='lat' dir='ltr'><strong>RAPHICUS.</strong></span> 
     </span>
    </p>
   </div>
   <div class='ocr_carea' id='block_1_6' title="bbox 994 256 1764 1168">
    <p class='ocr_par' dir='ltr' id='par_1_29' title="bbox 994 256 1733 516">
     <span class='ocr_line' id='line_1_66' title="bbox 994 256 1729 297; baseline -0.001 -8"><span class='ocrx_word' id='word_1_314' title='bbox 994 258 1153 289; x_wconf 75' lang='lat' dir='ltr'>materiae.</span> <span class='ocrx_word' id='word_1_315' title='bbox 1181 268 1211 288; x_wconf 85' lang='lat' dir='ltr'>v.</span> <span class='ocrx_word' id='word_1_316' title='bbox 1225 257 1344 297; x_wconf 80' lang='lat' dir='ltr'><strong>scalig.</strong></span> <span class='ocrx_word' id='word_1_317' title='bbox 1358 256 1400 288; x_wconf 84' lang='lat' dir='ltr'>ad</span> <span class='ocrx_word' id='word_1_318' title='bbox 1414 257 1508 288; x_wconf 82' lang='lat' dir='ltr'><strong>varr.</strong></span> <span class='ocrx_word' id='word_1_319' title='bbox 1525 257 1566 289; x_wconf 77' lang='lat' dir='ltr'>R.</span> <span class='ocrx_word' id='word_1_320' title='bbox 1581 257 1621 288; x_wconf 89' lang='lat' dir='ltr'>R.</span> <span class='ocrx_word' id='word_1_321' title='bbox 1637 257 1684 288; x_wconf 91' lang='lat' dir='ltr'>iii.</span> <span class='ocrx_word' id='word_1_322' title='bbox 1696 261 1729 292; x_wconf 77' lang='lat'>7.</span> 
     </span>
     <span class='ocr_line' id='line_1_67' title="bbox 995 300 1730 341; baseline -0.003 -9"><span class='ocrx_word' id='word_1_323' title='bbox 995 302 1050 332; x_wconf 90' lang='lat' dir='ltr'>ubi</span> <span class='ocrx_word' id='word_1_324' title='bbox 1083 307 1198 332; x_wconf 79' lang='lat' dir='ltr'>tamen</span> <span class='ocrx_word' id='word_1_325' title='bbox 1224 300 1395 341; x_wconf 71' lang='lat' dir='ltr'><em>fenestras</em></span> <span class='ocrx_word' id='word_1_326' title='bbox 1431 300 1626 332; x_wconf 74' lang='lat' dir='ltr'>Punicanos</span> <span class='ocrx_word' id='word_1_327' title='bbox 1661 310 1730 331; x_wconf 87' lang='lat' dir='ltr'>non</span> 
     </span>
     <span class='ocr_line' id='line_1_68' title="bbox 995 344 1731 385; baseline -0.001 -10"><span class='ocrx_word' id='word_1_328' title='bbox 995 351 1084 375; x_wconf 82' lang='lat' dir='ltr'>recte</span> <span class='ocrx_word' id='word_1_329' title='bbox 1109 345 1320 385; x_wconf 86' lang='lat' dir='ltr'>interpretari</span> <span class='ocrx_word' id='word_1_330' title='bbox 1339 345 1480 375; x_wconf 83' lang='lat' dir='ltr'><strong>videtur.</strong></span> <span class='ocrx_word' id='word_1_331' title='bbox 1511 344 1597 375; x_wconf 86' lang='lat' dir='ltr'><strong>Plin.</strong></span> <span class='ocrx_word' id='word_1_332' title='bbox 1616 344 1731 375; x_wconf 79' lang='lat' dir='ltr'>xxxiii.</span> 
     </span>
     <span class='ocr_line' id='line_1_69' title="bbox 998 387 1732 425; baseline -0.001 -6"><span class='ocrx_word' id='word_1_333' title='bbox 998 392 1046 419; x_wconf 79' lang='lat' dir='ltr'>il.</span> <span class='ocrx_word' id='word_1_334' title='bbox 1073 387 1252 418; x_wconf 78' lang='lat' dir='ltr'>Punicana</span> <span class='ocrx_word' id='word_1_335' title='bbox 1276 392 1528 425; x_wconf 74' lang='lat' dir='ltr'>commemorat,</span> <span class='ocrx_word' id='word_1_336' title='bbox 1544 387 1603 418; x_wconf 84' lang='lat' dir='ltr'>sed</span> <span class='ocrx_word' id='word_1_337' title='bbox 1622 388 1671 418; x_wconf 84' lang='lat' dir='ltr'>ita</span> <span class='ocrx_word' id='word_1_338' title='bbox 1691 393 1732 418; x_wconf 87' lang='lat' dir='ltr'>ut</span> 
     </span>
     <span class='ocr_line' id='line_1_70' title="bbox 994 430 1733 472; baseline 0 -11"><span class='ocrx_word' id='word_1_339' title='bbox 994 432 1029 461; x_wconf 90' lang='lat' dir='ltr'>in</span> <span class='ocrx_word' id='word_1_340' title='bbox 1068 431 1106 460; x_wconf 81' lang='lat' dir='ltr'>iis</span> <span class='ocrx_word' id='word_1_341' title='bbox 1144 432 1268 472; x_wconf 82' lang='lat' dir='ltr'>species</span> <span class='ocrx_word' id='word_1_342' title='bbox 1306 433 1411 471; x_wconf 78' lang='lat' dir='ltr'>magis</span> <span class='ocrx_word' id='word_1_343' title='bbox 1450 441 1550 470; x_wconf 85' lang='lat' dir='ltr'>quam</span> <span class='ocrx_word' id='word_1_344' title='bbox 1590 430 1733 462; x_wconf 83' lang='lat' dir='ltr'>materia</span> 
     </span>
     <span class='ocr_line' id='line_1_71' title="bbox 995 475 1321 516; baseline 0 -10"><span class='ocrx_word' id='word_1_345' title='bbox 995 479 1146 516; x_wconf 75' lang='lat' dir='ltr'>spectata</span> <span class='ocrx_word' id='word_1_346' title='bbox 1159 475 1321 506; x_wconf 83' lang='lat' dir='ltr'>videatur.</span> 
     </span>
    </p>

    <p class='ocr_par' dir='ltr' id='par_1_30' title="bbox 995 517 1732 722">
     <span class='ocr_line' id='line_1_72' title="bbox 1040 517 1730 558; baseline 0.001 -10"><span class='ocrx_word' id='word_1_347' title='bbox 1040 518 1200 556; x_wconf 76' lang='lat' dir='ltr'>Pupinia,</span> <span class='ocrx_word' id='word_1_348' title='bbox 1231 519 1309 558; x_wconf 83' lang='lat' dir='ltr'><strong>Agr.</strong></span> <span class='ocrx_word' id='word_1_349' title='bbox 1345 519 1380 549; x_wconf 90' lang='lat' dir='ltr'>ii.</span> <span class='ocrx_word' id='word_1_350' title='bbox 1413 521 1465 549; x_wconf 86' lang='lat'>35.</span> <span class='ocrx_word' id='word_1_351' title='bbox 1508 527 1587 558; x_wconf 85' lang='lat' dir='ltr'>ager</span> <span class='ocrx_word' id='word_1_352' title='bbox 1614 517 1730 549; x_wconf 72' lang='lat' dir='ltr'>Romae</span> 
     </span>
     <span class='ocr_line' id='line_1_73' title="bbox 995 560 1732 601; baseline 0 -11"><span class='ocrx_word' id='word_1_353' title='bbox 995 562 1199 601; x_wconf 80' lang='lat' dir='ltr'>propinquus</span> <span class='ocrx_word' id='word_1_354' title='bbox 1223 572 1334 592; x_wconf 67' lang='lat' dir='ltr'>versus</span> <span class='ocrx_word' id='word_1_355' title='bbox 1359 562 1540 599; x_wconf 82' lang='lat' dir='ltr'>Etruriam,</span> <span class='ocrx_word' id='word_1_356' title='bbox 1560 571 1613 601; x_wconf 88' lang='lat' dir='ltr'>ap.</span> <span class='ocrx_word' id='word_1_357' title='bbox 1635 560 1732 591; x_wconf 82' lang='lat' dir='ltr'><strong>Varr.</strong></span> 
     </span>
     <span class='ocr_line' id='line_1_74' title="bbox 996 604 1732 640; baseline -0.001 -5"><span class='ocrx_word' id='word_1_358' title='bbox 996 604 1034 635; x_wconf 88' lang='lat' dir='ltr'>R.</span> <span class='ocrx_word' id='word_1_359' title='bbox 1063 605 1102 635; x_wconf 84' lang='lat' dir='ltr'>R.</span> <span class='ocrx_word' id='word_1_360' title='bbox 1127 605 1148 634; x_wconf 83' lang='lat' dir='ltr'>i.</span> <span class='ocrx_word' id='word_1_361' title='bbox 1175 609 1206 640; x_wconf 88' lang='lat'>9.</span> <span class='ocrx_word' id='word_1_362' title='bbox 1237 609 1266 636; x_wconf 85' lang='lat'>5.</span> <span class='ocrx_word' id='word_1_363' title='bbox 1306 605 1436 636; x_wconf 85' lang='lat' dir='ltr'><strong>Colum.</strong></span> <span class='ocrx_word' id='word_1_364' title='bbox 1466 606 1486 636; x_wconf 85' lang='lat' dir='ltr'>i.</span> <span class='ocrx_word' id='word_1_365' title='bbox 1512 608 1544 636; x_wconf 82' lang='lat'>4.</span> <span class='ocrx_word' id='word_1_366' title='bbox 1570 607 1601 637; x_wconf 78' lang='lat'>2.</span> <span class='ocrx_word' id='word_1_367' title='bbox 1635 604 1732 635; x_wconf 75' lang='lat' dir='ltr'>Livio</span> 
     </span>
     <span class='ocr_line' id='line_1_75' title="bbox 997 644 1731 689; baseline -0.001 -11"><span class='ocrx_word' id='word_1_368' title='bbox 997 647 1230 687; x_wconf 72' lang='lat' dir='ltr'>Pupiniensis1</span> <span class='ocrx_word' id='word_1_369' title='bbox 1256 658 1276 678; x_wconf 94' lang='lat' dir='ltr'>a</span> <span class='ocrx_word' id='word_1_370' title='bbox 1296 659 1361 688; x_wconf 89' lang='lat' dir='ltr'>quo</span> <span class='ocrx_word' id='word_1_371' title='bbox 1378 649 1484 679; x_wconf 86' lang='lat' dir='ltr'>tribus</span> <span class='ocrx_word' id='word_1_372' title='bbox 1500 647 1652 689; x_wconf 77' lang='lat' dir='ltr'>Pupinia</span> <span class='ocrx_word' id='word_1_373' title='bbox 1671 644 1731 678; x_wconf 73' lang='grc' dir='ltr'><strong>11οὲ-</strong></span> 
     </span>
     <span class='ocr_line' id='line_1_76' title="bbox 997 691 1202 722; baseline 0.01 -2"><span class='ocrx_word' id='word_1_374' title='bbox 997 701 1074 721; x_wconf 81' lang='lat' dir='ltr'>men</span> <span class='ocrx_word' id='word_1_375' title='bbox 1091 691 1202 722; x_wconf 84' lang='lat' dir='ltr'><strong>habet.</strong></span> 
     </span>
    </p>

    <p class='ocr_par' dir='ltr' id='par_1_31' title="bbox 994 733 1734 940">
     <span class='ocr_line' id='line_1_77' title="bbox 1040 733 1732 773; baseline -0.001 -8"><span class='ocrx_word' id='word_1_376' title='bbox 1040 733 1184 773; x_wconf 77' lang='lat' dir='ltr'>Puteoli,</span> <span class='ocrx_word' id='word_1_377' title='bbox 1200 735 1292 765; x_wconf 85' lang='lat' dir='ltr'>locus</span> <span class='ocrx_word' id='word_1_378' title='bbox 1316 735 1550 766; x_wconf 84' lang='lat' dir='ltr'>celeberrimus</span> <span class='ocrx_word' id='word_1_379' title='bbox 1573 736 1608 766; x_wconf 89' lang='lat' dir='ltr'>in</span> <span class='ocrx_word' id='word_1_380' title='bbox 1626 734 1732 765; x_wconf 85' lang='lat' dir='ltr'>veteri</span> 
     </span>
     <span class='ocr_line' id='line_1_78' title="bbox 995 777 1730 818; baseline 0.003 -10"><span class='ocrx_word' id='word_1_381' title='bbox 995 777 1134 809; x_wconf 81' lang='lat' dir='ltr'>historia</span> <span class='ocrx_word' id='word_1_382' title='bbox 1155 779 1189 809; x_wconf 91' lang='lat' dir='ltr'>in</span> <span class='ocrx_word' id='word_1_383' title='bbox 1212 780 1408 818; x_wconf 83' lang='lat' dir='ltr'>Campania,</span> <span class='ocrx_word' id='word_1_384' title='bbox 1427 779 1524 809; x_wconf 85' lang='lat' dir='ltr'>hodie</span> <span class='ocrx_word' id='word_1_385' title='bbox 1546 777 1730 810; x_wconf 74' lang='lat' dir='ltr'><em>Pozzuolo:</em></span> 
     </span>
     <span class='ocr_line' id='line_1_79' title="bbox 995 820 1734 855; baseline 0.001 -4"><span class='ocrx_word' id='word_1_386' title='bbox 995 821 1084 852; x_wconf 88' lang='lat' dir='ltr'>unde</span> <span class='ocrx_word' id='word_1_387' title='bbox 1109 822 1268 852; x_wconf 87' lang='lat' dir='ltr'>dicuntur</span> <span class='ocrx_word' id='word_1_388' title='bbox 1289 821 1488 855; x_wconf 81' lang='lat' dir='ltr'><em>Puteolani,·</em></span> <span class='ocrx_word' id='word_1_389' title='bbox 1516 827 1552 852; x_wconf 89' lang='lat' dir='ltr'>et</span> <span class='ocrx_word' id='word_1_390' title='bbox 1574 820 1734 852; x_wconf 61' lang='lat' dir='ltr'><em>Puteolass</em></span> 
     </span>
     <span class='ocr_line' id='line_1_80' title="bbox 994 865 1732 906; baseline 0.001 -12"><span class='ocrx_word' id='word_1_391' title='bbox 994 875 1088 903; x_wconf 82' lang='lat' dir='ltr'><em>num,</em></span> <span class='ocrx_word' id='word_1_392' title='bbox 1105 866 1148 896; x_wconf 82' lang='lat' dir='ltr'>ad</span> <span class='ocrx_word' id='word_1_393' title='bbox 1171 866 1246 896; x_wconf 76' lang='lat' dir='ltr'><strong>Div.</strong></span> <span class='ocrx_word' id='word_1_394' title='bbox 1272 876 1301 897; x_wconf 92' lang='lat' dir='ltr'>v.</span> <span class='ocrx_word' id='word_1_395' title='bbox 1329 869 1378 897; x_wconf 86' lang='lat'>15.</span> <span class='ocrx_word' id='word_1_396' title='bbox 1410 865 1572 906; x_wconf 87' lang='lat' dir='ltr'>praedium</span> <span class='ocrx_word' id='word_1_397' title='bbox 1595 866 1631 896; x_wconf 91' lang='lat' dir='ltr'>in</span> <span class='ocrx_word' id='word_1_398' title='bbox 1651 874 1732 905; x_wconf 86' lang='lat' dir='ltr'>agro</span> 
     </span>
     <span class='ocr_line' id='line_1_81' title="bbox 996 909 1192 940; baseline 0.005 -1"><span class='ocrx_word' id='word_1_399' title='bbox 996 909 1192 940; x_wconf 80' lang='lat' dir='ltr'><strong>Puteolano.</strong></span> 
     </span>
    </p>

    <p class='ocr_par' dir='ltr' id='par_1_32' title="bbox 1038 952 1513 992">
     <span class='ocr_line' id='line_1_82' title="bbox 1038 952 1513 992; baseline 0.002 -10"><span class='ocrx_word' id='word_1_400' title='bbox 1038 952 1224 992; x_wconf 76' lang='lat' dir='ltr'><em>Pyramus,</em></span> <span class='ocrx_word' id='word_1_401' title='bbox 1240 953 1360 984; x_wconf 84' lang='lat' dir='ltr'>fluvius</span> <span class='ocrx_word' id='word_1_402' title='bbox 1377 952 1513 984; x_wconf 83' lang='lat' dir='ltr'>Cilieiae.</span> 
     </span>
    </p>

    <p class='ocr_par' dir='ltr' id='par_1_33' title="bbox 994 993 1719 1071">
     <span class='ocr_line' id='line_1_83' title="bbox 1039 993 1714 1036; baseline 0 -10"><span class='ocrx_word' id='word_1_403' title='bbox 1039 993 1235 1035; x_wconf 76' lang='lat' dir='ltr'>Pyrgensis,</span> <span class='ocrx_word' id='word_1_404' title='bbox 1264 997 1304 1027; x_wconf 84' lang='lat' dir='ltr'>de</span> <span class='ocrx_word' id='word_1_405' title='bbox 1334 996 1391 1027; x_wconf 83' lang='lat' dir='ltr'>Or.</span> <span class='ocrx_word' id='word_1_406' title='bbox 1422 997 1457 1028; x_wconf 87' lang='lat' dir='ltr'>ii.</span> <span class='ocrx_word' id='word_1_407' title='bbox 1486 999 1540 1031; x_wconf 84' lang='lat'>71.</span> <span class='ocrx_word' id='word_1_408' title='bbox 1568 1005 1589 1026; x_wconf 90' lang='lat' dir='ltr'>a</span> <span class='ocrx_word' id='word_1_409' title='bbox 1614 993 1714 1036; x_wconf 74' lang='lat' dir='ltr'>Pyrg</span> 
     </span>
     <span class='ocr_line' id='line_1_84' title="bbox 994 1038 1719 1071; baseline 0.006 -2"><span class='ocrx_word' id='word_1_410' title='bbox 994 1038 1125 1070; x_wconf 84' lang='lat' dir='ltr'>Tusciae</span> <span class='ocrx_word' id='word_1_411' title='bbox 1141 1041 1233 1071; x_wconf 86' lang='lat' dir='ltr'><strong>urbe.</strong></span> <span class='ocrx_word' id='word_1_412' title='bbox 1714 1050 1719 1053; x_wconf 84' lang='grc'><strong>’</strong></span> 
     </span>
    </p>

    <p class='ocr_par' dir='ltr' id='par_1_34' title="bbox 994 1081 1764 1168">
     <span class='ocr_line' id='line_1_85' title="bbox 1039 1081 1764 1123; baseline 0 -11"><span class='ocrx_word' id='word_1_413' title='bbox 1039 1082 1310 1123; x_wconf 66' lang='lat' dir='ltr'><em>Pyt-ipltlegeton,</em></span> <span class='ocrx_word' id='word_1_414' title='bbox 1328 1084 1368 1114; x_wconf 90' lang='lat' dir='ltr'>de</span> <span class='ocrx_word' id='word_1_415' title='bbox 1388 1083 1468 1114; x_wconf 85' lang='lat' dir='ltr'><strong>Nat.</strong></span> <span class='ocrx_word' id='word_1_416' title='bbox 1487 1083 1531 1114; x_wconf 92' lang='lat' dir='ltr'>D.</span> <span class='ocrx_word' id='word_1_417' title='bbox 1552 1083 1599 1113; x_wconf 87' lang='lat' dir='ltr'>iii.</span> <span class='ocrx_word' id='word_1_418' title='bbox 1616 1085 1648 1117; x_wconf 80' lang='lat'>7.</span> <span class='ocrx_word' id='word_1_419' title='bbox 1668 1081 1738 1112; x_wconf 63' lang='lat' dir='ltr'>flu«</span> <span class='ocrx_word' id='word_1_420' title='bbox 1759 1102 1764 1107; x_wconf 88' lang='lat'>-</span> 
     </span>
     <span class='ocr_line' id='line_1_86' title="bbox 994 1125 1547 1168; baseline 0.004 -13"><span class='ocrx_word' id='word_1_421' title='bbox 994 1125 1066 1156; x_wconf 83' lang='lat' dir='ltr'>vius</span> <span class='ocrx_word' id='word_1_422' title='bbox 1084 1126 1160 1166; x_wconf 79' lang='lat' dir='ltr'>igne</span> <span class='ocrx_word' id='word_1_423' title='bbox 1177 1127 1294 1158; x_wconf 85' lang='lat' dir='ltr'>ardens</span> <span class='ocrx_word' id='word_1_424' title='bbox 1310 1127 1398 1168; x_wconf 82' lang='lat' dir='ltr'>apud</span> <span class='ocrx_word' id='word_1_425' title='bbox 1414 1126 1547 1158; x_wconf 86' lang='lat' dir='ltr'>inferos.</span> 
     </span>
    </p>
   </div>
   <div class='ocr_carea' id='block_1_7' title="bbox 1345 1221 1384 1261">
    <p class='ocr_par' dir='ltr' id='par_1_35' title="bbox 1345 1221 1384 1261">
     <span class='ocr_line' id='line_1_87' title="bbox 1345 1221 1384 1261; baseline 0 -9"><span class='ocrx_word' id='word_1_426' title='bbox 1345 1221 1384 1261; x_wconf 76' lang='grc' dir='ltr'><strong>Ω.</strong></span> 
     </span>
    </p>
   </div>
   <div class='ocr_carea' id='block_1_8' title="bbox 996 1297 1730 1388">
    <p class='ocr_par' dir='ltr' id='par_1_36' title="bbox 996 1297 1730 1388">
     <span class='ocr_line' id='line_1_88' title="bbox 1038 1297 1730 1340; baseline 0.001 -12"><span class='ocrx_word' id='word_1_427' title='bbox 1038 1299 1198 1340; x_wconf 61' lang='grc' dir='ltr'>ρτιί]·ἱ)ια,</span> <span class='ocrx_word' id='word_1_428' title='bbox 1223 1298 1266 1329; x_wconf 84' lang='lat' dir='ltr'>ad</span> <span class='ocrx_word' id='word_1_429' title='bbox 1291 1299 1368 1329; x_wconf 89' lang='lat' dir='ltr'><strong>Div.</strong></span> <span class='ocrx_word' id='word_1_430' title='bbox 1391 1297 1460 1329; x_wconf 86' lang='lat' dir='ltr'>viii.</span> <span class='ocrx_word' id='word_1_431' title='bbox 1489 1301 1518 1330; x_wconf 82' lang='lat'>8.</span> <span class='ocrx_word' id='word_1_432' title='bbox 1542 1299 1649 1330; x_wconf 82' lang='lat' dir='ltr'>tribus</span> <span class='ocrx_word' id='word_1_433' title='bbox 1674 1308 1730 1329; x_wconf 86' lang='lat' dir='ltr'>ur-</span> 
     </span>
     <span class='ocr_line' id='line_1_89' title="bbox 996 1343 1241 1388; baseline 0.004 -16"><span class='ocrx_word' id='word_1_434' title='bbox 996 1343 1088 1388; x_wconf 58' lang='lat' dir='ltr'><strong>bqnae</strong></span> <span class='ocrx_word' id='word_1_435' title='bbox 1107 1351 1241 1373; x_wconf 84' lang='lat' dir='ltr'><strong>nomen.</strong></span> 
     </span>
    </p>
   </div>
   <div class='ocr_carea' id='block_1_9' title="bbox 1346 1436 1386 1467">
    <p class='ocr_par' dir='ltr' id='par_1_37' title="bbox 1346 1436 1386 1467">
     <span class='ocr_line' id='line_1_90' title="bbox 1346 1436 1386 1467; baseline -0.025 0"><span class='ocrx_word' id='word_1_436' title='bbox 1346 1436 1386 1467; x_wconf 81' lang='lat' dir='ltr'>R.</span> 
     </span>
    </p>
   </div>
   <div class='ocr_carea' id='block_1_10' title="bbox 992 1510 1751 2991">
    <p class='ocr_par' dir='ltr' id='par_1_38' title="bbox 995 1510 1732 1594">
     <span class='ocr_line' id='line_1_91' title="bbox 1039 1510 1732 1550; baseline 0 -9"><span class='ocrx_word' id='word_1_437' title='bbox 1039 1511 1214 1548; x_wconf 66' lang='lat' dir='ltr'>Rae-emm,</span> <span class='ocrx_word' id='word_1_438' title='bbox 1233 1510 1363 1541; x_wconf 81' lang='lat' dir='ltr'>colonia</span> <span class='ocrx_word' id='word_1_439' title='bbox 1385 1515 1419 1541; x_wconf 85' lang='lat' dir='ltr'>et</span> <span class='ocrx_word' id='word_1_440' title='bbox 1442 1514 1558 1550; x_wconf 78' lang='lat' dir='ltr'>portus</span> <span class='ocrx_word' id='word_1_441' title='bbox 1581 1510 1624 1541; x_wconf 84' lang='lat' dir='ltr'>ad</span> <span class='ocrx_word' id='word_1_442' title='bbox 1640 1519 1732 1542; x_wconf 84' lang='lat' dir='ltr'>mare</span> 
     </span>
     <span class='ocr_line' id='line_1_92' title="bbox 995 1553 1592 1594; baseline -0.002 -9"><span class='ocrx_word' id='word_1_443' title='bbox 995 1554 1201 1585; x_wconf 78' lang='lat' dir='ltr'>Adriaticum</span> <span class='ocrx_word' id='word_1_444' title='bbox 1220 1554 1254 1583; x_wconf 89' lang='lat' dir='ltr'>in</span> <span class='ocrx_word' id='word_1_445' title='bbox 1271 1553 1379 1584; x_wconf 83' lang='lat' dir='ltr'>Gallia</span> <span class='ocrx_word' id='word_1_446' title='bbox 1395 1554 1592 1594; x_wconf 79' lang='lat' dir='ltr'><strong>Cispadana.</strong></span> 
     </span>
    </p>

    <p class='ocr_par' dir='ltr' id='par_1_39' title="bbox 994 1596 1731 1759">
     <span class='ocr_line' id='line_1_93' title="bbox 1040 1596 1731 1637; baseline 0.001 -9"><span class='ocrx_word' id='word_1_447' title='bbox 1040 1598 1184 1628; x_wconf 76' lang='lat' dir='ltr'>Reatina</span> <span class='ocrx_word' id='word_1_448' title='bbox 1194 1596 1409 1637; x_wconf 71' lang='lat' dir='ltr'>profectura,</span> <span class='ocrx_word' id='word_1_449' title='bbox 1424 1598 1463 1628; x_wconf 84' lang='lat' dir='ltr'>de</span> <span class='ocrx_word' id='word_1_450' title='bbox 1480 1597 1559 1628; x_wconf 87' lang='lat' dir='ltr'><strong>Nat.</strong></span> <span class='ocrx_word' id='word_1_451' title='bbox 1576 1598 1678 1630; x_wconf 85' lang='lat' dir='ltr'><strong>Deor.</strong></span> <span class='ocrx_word' id='word_1_452' title='bbox 1696 1598 1731 1629; x_wconf 88' lang='lat' dir='ltr'>ii.</span> 
     </span>
     <span class='ocr_line' id='line_1_94' title="bbox 995 1641 1731 1681; baseline 0.001 -10"><span class='ocrx_word' id='word_1_453' title='bbox 995 1643 1025 1672; x_wconf 74' lang='lat'>2.</span> <span class='ocrx_word' id='word_1_454' title='bbox 1057 1642 1097 1671; x_wconf 81' lang='lat' dir='ltr'>ab</span> <span class='ocrx_word' id='word_1_455' title='bbox 1125 1642 1228 1672; x_wconf 82' lang='lat' dir='ltr'><em>Reate</em></span> <span class='ocrx_word' id='word_1_456' title='bbox 1253 1642 1374 1681; x_wconf 79' lang='lat' dir='ltr'>oppido</span> <span class='ocrx_word' id='word_1_457' title='bbox 1396 1641 1607 1679; x_wconf 86' lang='lat' dir='ltr'>Sabinorum,</span> <span class='ocrx_word' id='word_1_458' title='bbox 1630 1651 1731 1672; x_wconf 85' lang='lat' dir='ltr'>amoe-</span> 
     </span>
     <span class='ocr_line' id='line_1_95' title="bbox 996 1685 1731 1725; baseline 0 -10"><span class='ocrx_word' id='word_1_459' title='bbox 996 1687 1131 1715; x_wconf 81' lang='lat' dir='ltr'>nissima</span> <span class='ocrx_word' id='word_1_460' title='bbox 1152 1685 1242 1715; x_wconf 87' lang='lat' dir='ltr'><strong>urbe.</strong></span> <span class='ocrx_word' id='word_1_461' title='bbox 1292 1685 1426 1716; x_wconf 76' lang='lat' dir='ltr'>Reatini</span> <span class='ocrx_word' id='word_1_462' title='bbox 1440 1695 1527 1725; x_wconf 86' lang='lat' dir='ltr'>saepe</span> <span class='ocrx_word' id='word_1_463' title='bbox 1543 1695 1731 1716; x_wconf 84' lang='lat' dir='ltr'>memoran-</span> 
     </span>
     <span class='ocr_line' id='line_1_96' title="bbox 994 1729 1273 1759; baseline -0.004 0"><span class='ocrx_word' id='word_1_464' title='bbox 994 1733 1051 1759; x_wconf 83' lang='lat' dir='ltr'>tur</span> <span class='ocrx_word' id='word_1_465' title='bbox 1067 1739 1086 1758; x_wconf 92' lang='lat' dir='ltr'>a</span> <span class='ocrx_word' id='word_1_466' title='bbox 1103 1729 1273 1758; x_wconf 78' lang='lat' dir='ltr'><strong>Cicerone.</strong></span> 
     </span>
    </p>

    <p class='ocr_par' dir='ltr' id='par_1_40' title="bbox 993 1771 1732 1900">
     <span class='ocr_line' id='line_1_97' title="bbox 1039 1771 1731 1812; baseline -0.001 -9"><span class='ocrx_word' id='word_1_467' title='bbox 1039 1772 1279 1809; x_wconf 77' lang='lat' dir='ltr'><em>Recentoricus,</em></span> <span class='ocrx_word' id='word_1_468' title='bbox 1298 1772 1475 1803; x_wconf 70' lang='lat' dir='ltr'>Siciliensis</span> <span class='ocrx_word' id='word_1_469' title='bbox 1489 1781 1584 1812; x_wconf 68' lang='lat' dir='ltr'>(Ager,</span> <span class='ocrx_word' id='word_1_470' title='bbox 1597 1771 1638 1802; x_wconf 87' lang='lat' dir='ltr'>de</span> <span class='ocrx_word' id='word_1_471' title='bbox 1657 1771 1731 1812; x_wconf 86' lang='lat' dir='ltr'>lege</span> 
     </span>
     <span class='ocr_line' id='line_1_98' title="bbox 993 1815 1732 1857; baseline 0.003 -12"><span class='ocrx_word' id='word_1_472' title='bbox 993 1815 1072 1855; x_wconf 83' lang='lat' dir='ltr'><strong>Agr.</strong></span> <span class='ocrx_word' id='word_1_473' title='bbox 1090 1816 1226 1856; x_wconf 83' lang='lat' dir='ltr'>passim,</span> <span class='ocrx_word' id='word_1_474' title='bbox 1241 1826 1272 1846; x_wconf 95' lang='lat' dir='ltr'>v.</span> <span class='ocrx_word' id='word_1_475' title='bbox 1290 1826 1318 1846; x_wconf 87' lang='lat' dir='ltr'>c.</span> <span class='ocrx_word' id='word_1_476' title='bbox 1336 1816 1357 1846; x_wconf 87' lang='lat' dir='ltr'>i.</span> <span class='ocrx_word' id='word_1_477' title='bbox 1370 1819 1401 1847; x_wconf 85' lang='lat'>4.</span> <span class='ocrx_word' id='word_1_478' title='bbox 1420 1816 1453 1846; x_wconf 89' lang='lat' dir='ltr'>ii.</span> <span class='ocrx_word' id='word_1_479' title='bbox 1467 1817 1519 1846; x_wconf 72' lang='lat'>91.</span> <span class='ocrx_word' id='word_1_480' title='bbox 1543 1815 1610 1846; x_wconf 85' lang='lat' dir='ltr'>fuit</span> <span class='ocrx_word' id='word_1_481' title='bbox 1623 1816 1732 1857; x_wconf 85' lang='lat' dir='ltr'>publi-</span> 
     </span>
     <span class='ocr_line' id='line_1_99' title="bbox 994 1859 1291 1900; baseline 0.003 -11"><span class='ocrx_word' id='word_1_482' title='bbox 994 1869 1052 1889; x_wconf 86' lang='lat' dir='ltr'>cus</span> <span class='ocrx_word' id='word_1_483' title='bbox 1069 1859 1182 1900; x_wconf 88' lang='lat' dir='ltr'>populi</span> <span class='ocrx_word' id='word_1_484' title='bbox 1194 1859 1291 1890; x_wconf 81' lang='lat' dir='ltr'><strong>Rom.</strong></span> 
     </span>
    </p>

    <p class='ocr_par' dir='ltr' id='par_1_41' title="bbox 994 1902 1730 1977">
     <span class='ocr_line' id='line_1_100' title="bbox 1040 1902 1730 1942; baseline 0 -9"><span class='ocrx_word' id='word_1_485' title='bbox 1040 1903 1191 1941; x_wconf 78' lang='lat' dir='ltr'>Regillus</span> <span class='ocrx_word' id='word_1_486' title='bbox 1217 1905 1321 1942; x_wconf 80' lang='lat' dir='ltr'><em>lacus,</em></span> <span class='ocrx_word' id='word_1_487' title='bbox 1346 1903 1386 1934; x_wconf 91' lang='lat' dir='ltr'>de</span> <span class='ocrx_word' id='word_1_488' title='bbox 1410 1902 1491 1934; x_wconf 79' lang='lat' dir='ltr'><strong>Nat.</strong></span> <span class='ocrx_word' id='word_1_489' title='bbox 1512 1903 1614 1934; x_wconf 88' lang='lat' dir='ltr'><strong>Deor.</strong></span> <span class='ocrx_word' id='word_1_490' title='bbox 1639 1902 1675 1933; x_wconf 88' lang='lat' dir='ltr'>ii.</span> <span class='ocrx_word' id='word_1_491' title='bbox 1699 1904 1730 1935; x_wconf 76' lang='lat'>2.</span> 
     </span>
     <span class='ocr_line' id='line_1_101' title="bbox 994 1946 1256 1977; baseline 0 -1"><span class='ocrx_word' id='word_1_492' title='bbox 994 1946 1086 1977; x_wconf 86' lang='lat' dir='ltr'>lacus</span> <span class='ocrx_word' id='word_1_493' title='bbox 1099 1947 1132 1976; x_wconf 88' lang='lat' dir='ltr'>in</span> <span class='ocrx_word' id='word_1_494' title='bbox 1148 1946 1256 1977; x_wconf 74' lang='lat' dir='ltr'><strong>Latio.</strong></span> 
     </span>
    </p>

    <p class='ocr_par' dir='ltr' id='par_1_42' title="bbox 994 1989 1734 2159">
     <span class='ocr_line' id='line_1_102' title="bbox 1040 1989 1731 2029; baseline 0.001 -9"><span class='ocrx_word' id='word_1_495' title='bbox 1040 1989 1183 2029; x_wconf 79' lang='lat' dir='ltr'>Regium</span> <span class='ocrx_word' id='word_1_496' title='bbox 1201 1990 1252 2020; x_wconf 80' lang='lat' dir='ltr'>vel</span> <span class='ocrx_word' id='word_1_497' title='bbox 1272 1989 1454 2028; x_wconf 63' lang='lat' dir='ltr'>Rhegium,</span> <span class='ocrx_word' id='word_1_498' title='bbox 1470 1990 1511 2020; x_wconf 87' lang='lat' dir='ltr'>ad</span> <span class='ocrx_word' id='word_1_499' title='bbox 1528 1990 1598 2020; x_wconf 86' lang='lat' dir='ltr'><strong>Att.</strong></span> <span class='ocrx_word' id='word_1_500' title='bbox 1617 1989 1682 2020; x_wconf 81' lang='lat' dir='ltr'><strong>xvi.</strong></span> <span class='ocrx_word' id='word_1_501' title='bbox 1699 1990 1731 2021; x_wconf 91' lang='grc'>6.</span> 
     </span>
     <span class='ocr_line' id='line_1_103' title="bbox 994 2034 1734 2073; baseline 0.001 -10"><span class='ocrx_word' id='word_1_502' title='bbox 994 2034 1071 2064; x_wconf 90' lang='lat' dir='ltr'>urbs</span> <span class='ocrx_word' id='word_1_503' title='bbox 1091 2038 1126 2063; x_wconf 85' lang='lat' dir='ltr'>et</span> <span class='ocrx_word' id='word_1_504' title='bbox 1145 2034 1410 2073; x_wconf 84' lang='lat' dir='ltr'>promontorium</span> <span class='ocrx_word' id='word_1_505' title='bbox 1433 2035 1469 2063; x_wconf 89' lang='lat' dir='ltr'>in</span> <span class='ocrx_word' id='word_1_506' title='bbox 1486 2044 1544 2064; x_wconf 88' lang='lat' dir='ltr'>ora</span> <span class='ocrx_word' id='word_1_507' title='bbox 1564 2034 1734 2064; x_wconf 78' lang='lat' dir='ltr'>maritima</span> 
     </span>
     <span class='ocr_line' id='line_1_104' title="bbox 994 2077 1730 2117; baseline 0.003 -10"><span class='ocrx_word' id='word_1_508' title='bbox 994 2077 1217 2114; x_wconf 76' lang='lat' dir='ltr'>Bruttiorum,</span> <span class='ocrx_word' id='word_1_509' title='bbox 1228 2077 1318 2107; x_wconf 84' lang='lat' dir='ltr'>unde</span> <span class='ocrx_word' id='word_1_510' title='bbox 1329 2080 1488 2117; x_wconf 70' lang='lat' dir='ltr'>traJectus</span> <span class='ocrx_word' id='word_1_511' title='bbox 1500 2078 1536 2108; x_wconf 90' lang='lat' dir='ltr'>in</span> <span class='ocrx_word' id='word_1_512' title='bbox 1545 2077 1708 2109; x_wconf 85' lang='lat' dir='ltr'>Graeciam</span> <span class='ocrx_word' id='word_1_513' title='bbox 1720 2090 1730 2117; x_wconf 91' lang='lat'>;</span> 
     </span>
     <span class='ocr_line' id='line_1_105' title="bbox 995 2120 1624 2159; baseline -0.002 -8"><span class='ocrx_word' id='word_1_514' title='bbox 995 2121 1084 2151; x_wconf 84' lang='lat' dir='ltr'>unde</span> <span class='ocrx_word' id='word_1_515' title='bbox 1102 2120 1257 2159; x_wconf 68' lang='lat' dir='ltr'>Rhegini.</span> <span class='ocrx_word' id='word_1_516' title='bbox 1619 2122 1624 2126; x_wconf 88' lang='lat'>&#39;</span> 
     </span>
    </p>

    <p class='ocr_par' dir='ltr' id='par_1_43' title="bbox 993 2163 1751 2413">
     <span class='ocr_line' id='line_1_106' title="bbox 1040 2163 1731 2204; baseline 0.003 -10"><span class='ocrx_word' id='word_1_517' title='bbox 1040 2164 1206 2203; x_wconf 71' lang='lat' dir='ltr'>Rhegimn</span> <span class='ocrx_word' id='word_1_518' title='bbox 1223 2164 1353 2204; x_wconf 78' lang='lat' dir='ltr'>Lepidi,</span> <span class='ocrx_word' id='word_1_519' title='bbox 1370 2164 1412 2195; x_wconf 69' lang='lat' dir='ltr'>ad</span> <span class='ocrx_word' id='word_1_520' title='bbox 1428 2164 1558 2196; x_wconf 87' lang='lat' dir='ltr'>Divers.</span> <span class='ocrx_word' id='word_1_521' title='bbox 1570 2164 1626 2195; x_wconf 89' lang='lat' dir='ltr'>xii.</span> <span class='ocrx_word' id='word_1_522' title='bbox 1640 2166 1670 2196; x_wconf 90' lang='lat'>5.</span> <span class='ocrx_word' id='word_1_523' title='bbox 1685 2163 1731 2196; x_wconf 83' lang='lat' dir='ltr'>xi.</span> 
     </span>
     <span class='ocr_line' id='line_1_107' title="bbox 994 2207 1733 2248; baseline -0.001 -9"><span class='ocrx_word' id='word_1_524' title='bbox 994 2212 1025 2242; x_wconf 90' lang='lat'>9.</span> <span class='ocrx_word' id='word_1_525' title='bbox 1057 2209 1135 2239; x_wconf 86' lang='lat' dir='ltr'>urbs</span> <span class='ocrx_word' id='word_1_526' title='bbox 1158 2207 1274 2238; x_wconf 81' lang='lat' dir='ltr'>Galliae</span> <span class='ocrx_word' id='word_1_527' title='bbox 1289 2207 1485 2248; x_wconf 83' lang='lat' dir='ltr'>Cispadanae</span> <span class='ocrx_word' id='word_1_528' title='bbox 1507 2207 1543 2237; x_wconf 89' lang='lat' dir='ltr'>in</span> <span class='ocrx_word' id='word_1_529' title='bbox 1558 2209 1612 2237; x_wconf 88' lang='lat' dir='ltr'>via</span> <span class='ocrx_word' id='word_1_530' title='bbox 1625 2208 1733 2238; x_wconf 87' lang='lat' dir='ltr'>AEmi-</span> 
     </span>
     <span class='ocr_line' id='line_1_108' title="bbox 993 2250 1733 2291; baseline -0.001 -9"><span class='ocrx_word' id='word_1_531' title='bbox 993 2251 1059 2290; x_wconf 87' lang='lat' dir='ltr'>lia;</span> <span class='ocrx_word' id='word_1_532' title='bbox 1077 2261 1200 2282; x_wconf 88' lang='lat' dir='ltr'>nomen</span> <span class='ocrx_word' id='word_1_533' title='bbox 1215 2251 1296 2282; x_wconf 86' lang='lat' dir='ltr'>tulit</span> <span class='ocrx_word' id='word_1_534' title='bbox 1312 2252 1353 2282; x_wconf 84' lang='lat' dir='ltr'>ab</span> <span class='ocrx_word' id='word_1_535' title='bbox 1366 2250 1503 2282; x_wconf 89' lang='lat' dir='ltr'>AEmilio</span> <span class='ocrx_word' id='word_1_536' title='bbox 1517 2250 1658 2291; x_wconf 81' lang='lat' dir='ltr'>Lepido,</span> <span class='ocrx_word' id='word_1_537' title='bbox 1675 2251 1733 2291; x_wconf 89' lang='lat' dir='ltr'>qui</span> 
     </span>
     <span class='ocr_line' id='line_1_109' title="bbox 995 2294 1732 2326; baseline -0.001 0"><span class='ocrx_word' id='word_1_538' title='bbox 995 2305 1073 2326; x_wconf 86' lang='lat' dir='ltr'>cum</span> <span class='ocrx_word' id='word_1_539' title='bbox 1101 2296 1138 2326; x_wconf 92' lang='lat' dir='ltr'>C.</span> <span class='ocrx_word' id='word_1_540' title='bbox 1166 2295 1330 2326; x_wconf 86' lang='lat' dir='ltr'>Flaminio</span> <span class='ocrx_word' id='word_1_541' title='bbox 1355 2294 1482 2325; x_wconf 85' lang='lat' dir='ltr'>Consul</span> <span class='ocrx_word' id='word_1_542' title='bbox 1507 2294 1592 2325; x_wconf 83' lang='lat' dir='ltr'>fuit:</span> <span class='ocrx_word' id='word_1_543' title='bbox 1625 2295 1666 2325; x_wconf 90' lang='lat' dir='ltr'>ab</span> <span class='ocrx_word' id='word_1_544' title='bbox 1691 2305 1732 2325; x_wconf 84' lang='lat' dir='ltr'>ea</span> 
     </span>
     <span class='ocr_line' id='line_1_110' title="bbox 995 2338 1751 2378; baseline 0.001 -9"><span class='ocrx_word' id='word_1_545' title='bbox 995 2339 1155 2369; x_wconf 85' lang='lat' dir='ltr'>dicuntur</span> <span class='ocrx_word' id='word_1_546' title='bbox 1170 2339 1357 2378; x_wconf 78' lang='lat' dir='ltr'>Regienses,</span> <span class='ocrx_word' id='word_1_547' title='bbox 1376 2338 1418 2368; x_wconf 86' lang='lat' dir='ltr'>ad</span> <span class='ocrx_word' id='word_1_548' title='bbox 1435 2338 1514 2369; x_wconf 87' lang='lat' dir='ltr'><strong>Div.</strong></span> <span class='ocrx_word' id='word_1_549' title='bbox 1532 2338 1602 2369; x_wconf 84' lang='lat' dir='ltr'><strong>xiii.</strong></span> <span class='ocrx_word' id='word_1_550' title='bbox 1624 2341 1656 2373; x_wconf 78' lang='grc'><strong>7.</strong></span> <span class='ocrx_word' id='word_1_551' title='bbox 1687 2338 1731 2370; x_wconf 80' lang='lat' dir='ltr'>cf.</span> <span class='ocrx_word' id='word_1_552' title='bbox 1747 2375 1751 2378; x_wconf 43' lang='grc'>,</span> 
     </span>
     <span class='ocr_line' id='line_1_111' title="bbox 996 2382 1212 2413; baseline 0.005 -1"><span class='ocrx_word' id='word_1_553' title='bbox 996 2382 1080 2413; x_wconf 89' lang='lat' dir='ltr'><strong>Plin.</strong></span> <span class='ocrx_word' id='word_1_554' title='bbox 1098 2383 1145 2413; x_wconf 90' lang='lat' dir='ltr'>iii.</span> <span class='ocrx_word' id='word_1_555' title='bbox 1161 2386 1212 2413; x_wconf 85' lang='lat'>15.</span> 
     </span>
    </p>

    <p class='ocr_par' dir='ltr' id='par_1_44' title="bbox 1038 2425 1536 2464">
     <span class='ocr_line' id='line_1_112' title="bbox 1038 2425 1536 2464; baseline -0.004 -7"><span class='ocrx_word' id='word_1_556' title='bbox 1038 2427 1187 2464; x_wconf 81' lang='lat' dir='ltr'><em>Rhenus,</em></span> <span class='ocrx_word' id='word_1_557' title='bbox 1202 2427 1320 2457; x_wconf 89' lang='lat' dir='ltr'>fluvius</span> <span class='ocrx_word' id='word_1_558' title='bbox 1336 2425 1536 2456; x_wconf 69' lang='lat' dir='ltr'><strong>Germaniae.</strong></span> 
     </span>
    </p>

    <p class='ocr_par' dir='ltr' id='par_1_45' title="bbox 1038 2467 1730 2509">
     <span class='ocr_line' id='line_1_113' title="bbox 1038 2467 1730 2509; baseline -0.001 -8"><span class='ocrx_word' id='word_1_559' title='bbox 1038 2471 1229 2507; x_wconf 79' lang='lat' dir='ltr'><em>Rhodanus,</em></span> <span class='ocrx_word' id='word_1_560' title='bbox 1239 2469 1357 2500; x_wconf 85' lang='lat' dir='ltr'>fluvius</span> <span class='ocrx_word' id='word_1_561' title='bbox 1366 2468 1481 2499; x_wconf 77' lang='lat' dir='ltr'>Galliae</span> <span class='ocrx_word' id='word_1_562' title='bbox 1489 2468 1520 2498; x_wconf 85' lang='lat' dir='ltr'>T</span> <span class='ocrx_word' id='word_1_563' title='bbox 1521 2467 1730 2509; x_wconf 79' lang='lat' dir='ltr'>ransalpinae.</span> 
     </span>
    </p>

    <p class='ocr_par' dir='ltr' id='par_1_46' title="bbox 993 2511 1733 2685">
     <span class='ocr_line' id='line_1_114' title="bbox 1037 2511 1733 2551; baseline -0.003 -7"><span class='ocrx_word' id='word_1_564' title='bbox 1037 2514 1184 2551; x_wconf 67' lang='lat' dir='ltr'><em>Rhodus,</em></span> <span class='ocrx_word' id='word_1_565' title='bbox 1208 2513 1317 2543; x_wconf 86' lang='lat' dir='ltr'>insula</span> <span class='ocrx_word' id='word_1_566' title='bbox 1342 2513 1489 2543; x_wconf 80' lang='lat' dir='ltr'>Asiatica</span> <span class='ocrx_word' id='word_1_567' title='bbox 1513 2512 1550 2542; x_wconf 90' lang='lat' dir='ltr'>in</span> <span class='ocrx_word' id='word_1_568' title='bbox 1575 2511 1733 2542; x_wconf 76' lang='lat' dir='ltr'>mediter-</span> 
     </span>
     <span class='ocr_line' id='line_1_115' title="bbox 993 2555 1731 2594; baseline -0.004 -6"><span class='ocrx_word' id='word_1_569' title='bbox 993 2567 1095 2588; x_wconf 79' lang='lat' dir='ltr'>raneo</span> <span class='ocrx_word' id='word_1_570' title='bbox 1126 2557 1223 2594; x_wconf 83' lang='lat' dir='ltr'>mari,</span> <span class='ocrx_word' id='word_1_571' title='bbox 1254 2556 1471 2587; x_wconf 83' lang='lat' dir='ltr'>celeberrima</span> <span class='ocrx_word' id='word_1_572' title='bbox 1506 2555 1626 2586; x_wconf 85' lang='lat' dir='ltr'>studiis</span> <span class='ocrx_word' id='word_1_573' title='bbox 1663 2555 1731 2586; x_wconf 89' lang='lat' dir='ltr'>elo-</span> 
     </span>
     <span class='ocr_line' id='line_1_116' title="bbox 994 2598 1731 2641; baseline -0.003 -10"><span class='ocrx_word' id='word_1_574' title='bbox 994 2601 1153 2641; x_wconf 78' lang='lat' dir='ltr'>quentiae,</span> <span class='ocrx_word' id='word_1_575' title='bbox 1167 2599 1385 2641; x_wconf 79' lang='lat' dir='ltr'>philosophiae</span> <span class='ocrx_word' id='word_1_576' title='bbox 1403 2604 1439 2630; x_wconf 86' lang='lat' dir='ltr'>et</span> <span class='ocrx_word' id='word_1_577' title='bbox 1456 2599 1505 2630; x_wconf 83' lang='lat' dir='ltr'>rei</span> <span class='ocrx_word' id='word_1_578' title='bbox 1523 2598 1671 2639; x_wconf 82' lang='lat' dir='ltr'>navalis;</span> <span class='ocrx_word' id='word_1_579' title='bbox 1695 2599 1731 2630; x_wconf 89' lang='lat' dir='ltr'>in</span> 
     </span>
     <span class='ocr_line' id='line_1_117' title="bbox 994 2643 1438 2685; baseline -0.005 -10"><span class='ocrx_word' id='word_1_580' title='bbox 994 2655 1060 2685; x_wconf 74' lang='lat' dir='ltr'>qua</span> <span class='ocrx_word' id='word_1_581' title='bbox 1075 2650 1111 2675; x_wconf 83' lang='lat' dir='ltr'>et</span> <span class='ocrx_word' id='word_1_582' title='bbox 1125 2645 1202 2675; x_wconf 86' lang='lat' dir='ltr'>urbs</span> <span class='ocrx_word' id='word_1_583' title='bbox 1219 2643 1438 2683; x_wconf 75' lang='lat' dir='ltr'>cog-nominis.</span> 
     </span>
    </p>

    <p class='ocr_par' dir='ltr' id='par_1_47' title="bbox 992 2685 1734 2855">
     <span class='ocr_line' id='line_1_118' title="bbox 1038 2685 1730 2726; baseline -0.006 -7"><span class='ocrx_word' id='word_1_584' title='bbox 1038 2689 1228 2726; x_wconf 74' lang='lat' dir='ltr'>Rlcosiaeus,</span> <span class='ocrx_word' id='word_1_585' title='bbox 1245 2687 1287 2717; x_wconf 85' lang='lat' dir='ltr'>ad</span> <span class='ocrx_word' id='word_1_586' title='bbox 1302 2687 1372 2717; x_wconf 85' lang='lat' dir='ltr'><strong>Att.</strong></span> <span class='ocrx_word' id='word_1_587' title='bbox 1384 2688 1428 2717; x_wconf 87' lang='lat' dir='ltr'>vi.</span> <span class='ocrx_word' id='word_1_588' title='bbox 1447 2689 1475 2717; x_wconf 96' lang='lat' dir='ltr'>l.</span> <span class='ocrx_word' id='word_1_589' title='bbox 1499 2696 1520 2716; x_wconf 87' lang='lat' dir='ltr'>a</span> <span class='ocrx_word' id='word_1_590' title='bbox 1531 2685 1636 2717; x_wconf 78' lang='lat' dir='ltr'>leso</span> <span class='ocrx_word' id='word_1_591' title='bbox 1647 2686 1730 2716; x_wconf 84' lang='lat' dir='ltr'>urbe</span> 
     </span>
     <span class='ocr_line' id='line_1_119' title="bbox 994 2729 1729 2769; baseline -0.004 -7"><span class='ocrx_word' id='word_1_592' title='bbox 994 2732 1132 2769; x_wconf 81' lang='lat' dir='ltr'>Ciliciae,</span> <span class='ocrx_word' id='word_1_593' title='bbox 1164 2732 1199 2761; x_wconf 87' lang='lat' dir='ltr'>in</span> <span class='ocrx_word' id='word_1_594' title='bbox 1235 2732 1311 2761; x_wconf 76' lang='lat' dir='ltr'>sinu</span> <span class='ocrx_word' id='word_1_595' title='bbox 1342 2730 1457 2767; x_wconf 79' lang='lat' dir='ltr'>Issico,</span> <span class='ocrx_word' id='word_1_596' title='bbox 1494 2729 1614 2760; x_wconf 83' lang='lat' dir='ltr'>celebri</span> <span class='ocrx_word' id='word_1_597' title='bbox 1643 2729 1729 2759; x_wconf 82' lang='lat' dir='ltr'>vasis</span> 
     </span>
     <span class='ocr_line' id='line_1_120' title="bbox 993 2772 1734 2813; baseline -0.004 -7"><span class='ocrx_word' id='word_1_598' title='bbox 993 2776 1150 2806; x_wconf 76' lang='lat' dir='ltr'>fictilibus</span> <span class='ocrx_word' id='word_1_599' title='bbox 1165 2787 1174 2813; x_wconf 69' lang='grc' dir='ltr'><strong>ς</strong></span> <span class='ocrx_word' id='word_1_600' title='bbox 1198 2774 1288 2804; x_wconf 88' lang='lat' dir='ltr'>unde</span> <span class='ocrx_word' id='word_1_601' title='bbox 1309 2774 1454 2811; x_wconf 82' lang='lat' dir='ltr'>Atticus,</span> <span class='ocrx_word' id='word_1_602' title='bbox 1468 2782 1551 2804; x_wconf 78' lang='lat' dir='ltr'><em>vasa</em></span> <span class='ocrx_word' id='word_1_603' title='bbox 1567 2772 1734 2807; x_wconf 54' lang='lat' dir='ltr'>Rho-siaul</span> 
     </span>
     <span class='ocr_line' id='line_1_121' title="bbox 992 2817 1663 2855; baseline -0.004 -5"><span class='ocrx_word' id='word_1_604' title='bbox 992 2825 1031 2850; x_wconf 81' lang='lat' dir='ltr'>ut</span> <span class='ocrx_word' id='word_1_605' title='bbox 1046 2819 1109 2850; x_wconf 80' lang='lat' dir='ltr'>sibi</span> <span class='ocrx_word' id='word_1_606' title='bbox 1125 2819 1288 2855; x_wconf 82' lang='lat' dir='ltr'>mitteret,</span> <span class='ocrx_word' id='word_1_607' title='bbox 1307 2817 1502 2848; x_wconf 85' lang='lat' dir='ltr'>Ciceronem</span> <span class='ocrx_word' id='word_1_608' title='bbox 1519 2820 1663 2855; x_wconf 84' lang='lat' dir='ltr'>rogarat.</span> 
     </span>
    </p>

    <p class='ocr_par' dir='ltr' id='par_1_48' title="bbox 1037 2859 1581 2901">
     <span class='ocr_line' id='line_1_122' title="bbox 1037 2859 1581 2901; baseline -0.009 -7"><span class='ocrx_word' id='word_1_609' title='bbox 1037 2863 1194 2899; x_wconf 80' lang='lat' dir='ltr'>Romilia,</span> <span class='ocrx_word' id='word_1_610' title='bbox 1210 2862 1317 2892; x_wconf 85' lang='lat' dir='ltr'>tribus</span> <span class='ocrx_word' id='word_1_611' title='bbox 1333 2871 1409 2901; x_wconf 85' lang='lat' dir='ltr'><strong>pop.</strong></span> <span class='ocrx_word' id='word_1_612' title='bbox 1426 2859 1581 2891; x_wconf 86' lang='lat' dir='ltr'><strong>Romani.</strong></span> 
     </span>
    </p>

    <p class='ocr_par' dir='ltr' id='par_1_49' title="bbox 994 2903 1731 2991">
     <span class='ocr_line' id='line_1_123' title="bbox 1037 2903 1731 2942; baseline -0.006 -5"><span class='ocrx_word' id='word_1_613' title='bbox 1037 2907 1136 2938; x_wconf 80' lang='lat' dir='ltr'>Rosia</span> <span class='ocrx_word' id='word_1_614' title='bbox 1151 2905 1204 2935; x_wconf 90' lang='lat' dir='ltr'>vel</span> <span class='ocrx_word' id='word_1_615' title='bbox 1220 2905 1337 2942; x_wconf 80' lang='lat' dir='ltr'><em>Rosea,</em></span> <span class='ocrx_word' id='word_1_616' title='bbox 1354 2904 1396 2934; x_wconf 86' lang='lat' dir='ltr'>ad</span> <span class='ocrx_word' id='word_1_617' title='bbox 1411 2903 1482 2934; x_wconf 81' lang='lat' dir='ltr'><strong>Att.</strong></span> <span class='ocrx_word' id='word_1_618' title='bbox 1504 2903 1548 2934; x_wconf 93' lang='lat' dir='ltr'>iv.</span> <span class='ocrx_word' id='word_1_619' title='bbox 1571 2906 1621 2935; x_wconf 88' lang='lat'>15.</span> <span class='ocrx_word' id='word_1_620' title='bbox 1650 2907 1731 2934; x_wconf 87' lang='lat' dir='ltr'>sunt</span> 
     </span>
     <span class='ocr_line' id='line_1_124' title="bbox 994 2945 1731 2991; baseline -0.007 -8"><span class='ocrx_word' id='word_1_621' title='bbox 994 2950 1104 2991; x_wconf 77' lang='lat' dir='ltr'>campi</span> <span class='ocrx_word' id='word_1_622' title='bbox 1117 2948 1314 2981; x_wconf 83' lang='lat' dir='ltr'>fertilissimi</span> <span class='ocrx_word' id='word_1_623' title='bbox 1331 2948 1401 2988; x_wconf 80' lang='lat' dir='ltr'>agri</span> <span class='ocrx_word' id='word_1_624' title='bbox 1416 2947 1564 2986; x_wconf 82' lang='lat' dir='ltr'>Reatini,</span> <span class='ocrx_word' id='word_1_625' title='bbox 1580 2946 1665 2978; x_wconf 79' lang='lat' dir='ltr'>forte</span> <span class='ocrx_word' id='word_1_626' title='bbox 1682 2945 1731 2978; x_wconf 81' lang='lat' dir='ltr'>illi</span> 
     </span>
    </p>
   </div>
  </div>
 </body>
</html>
