1804 3178
635 117 781 146 11⁸1an
803 116 1081 148 Hxs'romcus.

111 205 340 247 fugitivorum,
357 205 500 237 liberalis
523 205 558 236 in
582 205 733 236 civitates
755 206 836 236 Sici-

110 249 173 281 lia.
203 250 238 280 in
262 250 356 280 Verr.
379 250 424 280 iii.
449 252 500 281 54.
537 248 691 280 Procons.
717 250 836 280 Sicilioe

108 293 164 324 Br.
187 293 240 324 62.
269 293 310 323 de
333 293 427 324 Offic.
443 293 475 323 ii.
495 295 543 323 14.
573 297 751 324 accusatur
764 293 838 323 dili-

108 341 227 375 genter
241 347 260 367 a
276 337 313 368 L.
327 337 429 367 Fufio.
445 346 476 377 p.
492 335 598 366 Flacc.
615 339 666 371 39.
697 336 837 367 absolvi-

107 384 166 410 tur
179 386 317 421 propter
330 380 525 411 memoriam
547 378 626 410 belli
649 389 725 410 cum
749 380 837 420 sugi-

107 423 194 454 tivis.
209 424 243 454 in
260 423 371 455 Coecil.
385 425 438 454 21.
466 428 644 454 accusatur
665 433 684 453 a
700 423 734 454 P.
752 424 837 454 Len-

108 466 194 505 tulo,
209 468 359 508 principe
373 471 519 497 senatus.
532 466 624 498 Orat.
636 467 669 497 ii.
682 470 734 498 45.
757 478 835 498 eum

109 509 258 541 defendit
284 510 450 541 Antonius
478 515 598 541 orator.
626 510 726 541 Tusc.
752 521 780 541 v.
805 515 835 542 5.

109 552 235 584 crudeli
250 558 358 584 morte
377 554 485 594 periit.
532 554 597 585 Est
617 555 704 584 enim
726 565 747 585 a
770 555 836 585 Mi-

108 597 266 634 thridate,
277 607 361 628 auro
375 597 546 638 liquefacto
559 599 593 628 in
604 608 636 627 os
650 597 769 638 intuso,
781 609 836 629 ne-

106 645 212 672 catus.
240 641 390 672 Ceterum
406 643 494 672 hunc
504 642 686 681 Aquinium
698 643 837 672 alterius

107 684 159 716 ᾹῙ.
173 684 324 725 Aquittii,
335 686 391 726 qui
405 695 426 715 a
444 684 487 716 P.
506 685 648 716 Lentulo
663 690 836 716 accusatus

107 732 167 766 m,
179 728 299 769 filium
317 733 419 769 putat
442 729 618 760 Blanutius
639 729 685 759 ad
705 729 785 760 Div.
800 730 836 759 in

112 771 216 803 aet-61.
230 782 258 803 c.
273 774 326 804 21.
358 772 443 803 Mihi
463 782 528 802 non
545 772 662 812 liquet.

151 815 327 856 Aquinius,
343 815 444 847 Tusc.
468 826 496 846 v.
514 817 567 847 22.
598 815 706 846 malus
723 819 834 856 poeta,

107 860 165 899 qm·
178 861 278 890 etiam
293 870 315 890 a
335 861 462 890 (atauo
477 863 624 896 notatur,
639 869 687 899 ep.
708 863 755 891 14.

152 903 291 941 Aratus,
306 903 387 935 Nat.
407 903 451 934 D.
468 903 501 933 ii.
517 906 570 934 41.
597 903 668 941 e,lus
686 904 836 933 carmina

107 955 128 976 a
165 946 326 977 Cicerone
362 946 543 977 admodum
586 946 835 978 adolescentulo

107 994 363 1021 convertuntur.
391 989 432 1020 de
454 989 511 1020 Or.
535 989 556 1020 i.
582 992 631 1021 16.
666 991 767 1022 Aead.
792 992 833 1022 iv.

148 1077 276 1108 Aratus
298 1077 482 1118 Sicyonius,
498 1077 592 1108 Offic.
617 1078 650 1108 ii.
673 1080 726 1109 23.
763 1078 835 1108 lau-

106 1119 216 1151 datur.
260 1120 408 1151 Patriam
432 1131 452 1151 a
473 1126 617 1162 tyranno
643 1132 834 1163 oppressam

105 1163 237 1195 liberat.
280 1164 348 1196 Est
381 1169 498 1195 auctor
520 1164 660 1206 foedm's
686 1166 833 1203 Achaici,

104 1204 203 1248 cujus
214 1209 319 1238 vitam
333 1210 519 1239 luculenter
539 1210 668 1250 scripsit
690 1209 834 1241 Plutar-

105 1252 206 1282 chus.-
228 1252 306 1283 add.
321 1251 436 1291 Polyb.
454 1253 475 1282 l.
491 1253 525 1282 ii.

147 1295 348 1333 Arbuscula,
364 1295 406 1326 ad
428 1296 501 1326 Att.
522 1296 564 1326 iv.
584 1299 632 1328 18.
660 1295 780 1335 Mima,
795 1296 835 1327 dc

104 1348 170 1380 qua
184 1343 233 1370 est
245 1339 337 1379 apud
353 1339 472 1370 Horat.

147 1383 325 1421 Arcesilas,
340 1382 381 1413 de
403 1382 460 1413 Or.
484 1382 531 1413 iii.
558 1383 607 1412 18.
645 1381 834 1413 Polemonis

105 1425 298 1467 discipulus.
318 1426 390 1457 Fin.
404 1436 434 1457 v.
449 1429 503 1457 31.
529 1424 687 1466 Podagrae
705 1425 833 1457 dolores

103 1469 238 1500 sortiter
259 1469 338 1501 fert.
359 1469 461 1500 Acad.
485 1469 507 1500 i.
534 1470 583 1501 12.
614 1474 717 1509 negat
741 1471 834 1509 quic-

104 1522 205 1553 quam
220 1513 298 1544 sciri
312 1523 420 1554 posse,
435 1513 519 1544 illud
533 1513 644 1553 ipsum
664 1513 752 1553 quod
775 1513 835 1544 So-

104 1561 212 1588 crates
235 1557 427 1597 reliquerat.
455 1566 532 1588 cum
557 1556 694 1588 Zenone
713 1562 834 1588 certat.

104 1600 206 1630 Acad.
222 1600 263 1631 iv.
279 1602 332 1632 24.
362 1601 508 1631 Zenonis
531 1607 566 1632 et
587 1600 744 1632 Arcesilae
768 1601 833 1632 dis-

103 1644 238 1684 putatio
253 1645 288 1675 in
303 1653 369 1683 quo
382 1647 546 1674 vertatur.

146 1688 395 1728 Archagathus,
424 1687 647 1727 Haluntinus,
676 1687 712 1718 in
740 1687 832 1719 Verr.

103 1731 146 1761 iv.
163 1733 216 1764 23.

145 1775 267 1813 Arche,
282 1775 364 1807 Nat.
385 1775 429 1806 D.
452 1775 498 1806 iii.
515 1777 568 1806 21.
598 1774 697 1805 Musa
712 1785 751 1805 ex
767 1776 834 1816 pri-

103 1819 167 1850 mis
181 1825 339 1858 quatuor,
354 1819 442 1849 natis
457 1819 540 1849 Jove
555 1818 673 1849 altero.

147 1863 344 1901 Archelaus,
368 1862 444 1894 Div.
467 1863 502 1893 ii.
524 1864 578 1893 42.
614 1871 766 1893 summus
789 1863 834 1893 Α-

103 1906 270 1946 strologus
285 1911 438 1947 tempore
454 1906 605 1937 Panaetii.

147 1950 343 1987 Archelaus,
365 1949 468 1980 Τυεο.
494 1960 524 1980 ν.
554 1953 586 1981 4.
625 1949 831 1989 Anaxagorae

105 1993 302 2034 discipulus,
315 1993 464 2033 idemque
477 1993 623 2026 Socratis
630 1998 820 2034 praeceptor.

146 2037 343 2075 Archelaus,
369 2035 470 2067 Tuse.
504 2047 535 2067 ν.
572 2039 622 2068 12.
664 2037 831 2068 Perdiccae

104 2079 205 2118 filius,
220 2081 507 2112 fortunatissimus
527 2085 678 2120 putatus.
708 2081 762 2112 De
777 2082 833 2111 hoc

102 2123 300 2156 Macedonio?
315 2134 393 2163 rege
404 2134 436 2154 v.
452 2124 622 2156 Buherius
636 2125 682 2156 ad
701 2126 733 2155 h.
757 2127 779 2155 l.
801 2129 833 2156 ct

104 2166 282 2209 Spanhem.
295 2168 335 2199 de
351 2167 390 2198 V.
404 2171 436 2198 et
448 2167 491 2199 P.
505 2168 554 2199 N.
568 2167 606 2199 T.
620 2168 690 2208 Lp.
703 2168 777 2202 376.

145 2212 341 2249 Archelaus,
368 2211 451 2242 Rab.
482 2211 517 2242 P.
543 2214 573 2242 8.
603 2211 831 2242 Comanorum

102 2250 376 2295 sacerdos.'gener
384 2254 566 2293 Ptolemaez',
575 2256 664 2294 regis
668 2254 829 2295 AEgypti‚

102 2299 160 2338 qui
173 2299 427 2337 Alexandriam,
439 2298 614 2330 Ptolemoeo
627 2299 744 2330 Aulete
752 2300 830 2339 pul-

102 2352 148 2381 so,
162 2347 358 2382 occuparat:
380 2342 419 2373 de
440 2340 538 2384 cujus
557 2352 677 2381 genere
699 2346 731 2373 et
740 2341 832 2382 fatis

101 2395 134 2416 v.
150 2384 269 2418 Strabo
282 2387 338 2417 xii.
352 2396 385 2426 p.
400 2388 474 2417 334.
501 2386 578 2417 add.
595 2387 707 2417 Noris.
735 2385 831 2416 Ceno-

103 2431 195 2469 taph.
209 2429 282 2460 Pis.
298 2440 329 2470 p.
344 2431 419 2460 225.
453 2429 520 2461 Est
533 2434 644 2460 autem
652 2429 752 2470 filius
765 2430 831 2460 Ar-

101 2474 207 2504 cloetai
225 2473 316 2504 ducis
334 2473 554 2504 Mthridatz'ci
567 2478 681 2504 contra
699 2472 832 2504 Sullam

102 2517 139 2548 in
160 2517 300 2555 Groecia,
314 2521 353 2547 ut
367 2518 422 2547 itte
434 2517 532 2547 docet.

146 2561 300 2597 Archias,
309 2561 417 2591 Aulus
428 2560 589 2597 Licinius,
602 2559 720 2597 Porta,
733 2559 832 2590 Arch.

104 2603 124 2634 i.
148 2614 218 2644 sqq.
233 2603 477 2642 Antiochenus‚
492 2604 628 2635 civitate
651 2603 794 2633 donatus
813 2613 833 2634 a

105 2647 237 2685 Crasso,
250 2648 446 2678 Ciceronem
462 2647 503 2678 ad
514 2647 627 2678 studia
637 2646 835 2677 cohortatur

105 2694 140 2721 et
160 2691 196 2721 in
215 2691 254 2721 iis
271 2692 380 2730 juvat.
398 2690 476 2721 ibid.
493 2694 524 2722 3.
547 2691 618 2731 ejus
632 2690 734 2728 fama,
750 2691 833 2721 ami-

105 2734 208 2772 citiae,
222 2734 360 2774 insignis
375 2734 517 2765 facultas
530 2734 674 2774 poetica,
690 2733 776 2764 libri.
791 2733 834 2764 ad

105 2777 177 2807 Att.
199 2777 221 2808 i.
249 2778 298 2808 16.
323 2777 419 2809 Lucii
446 2777 578 2808 Luculli
603 2777 834 2808 Mithridatico

106 2820 194 2851 bello
208 2825 318 2860 gestas
332 2831 383 2852 res
405 2822 530 2852 scribit.
560 2821 758 2861 Suspicatur
779 2820 834 2850 Ci-

106 2874 182 2894 cero
206 2873 256 2894 res
272 2863 402 2897 Metelli
422 2863 593 2895 Numidici
616 2865 831 2904 scripturum.

103 2907 181 2940 Div.
197 2907 218 2938 i.
230 2908 282 2939 36.
306 2907 376 2952 ejus
391 2908 544 2939 versiculi
559 2907 695 2948 quidam
711 2907 830 2939 Latine

1546 110 1599 155 67

880 207 1038 236 conversi.
1066 204 1325 247 Epigrammata
1340 208 1483 247 quadam
1501 210 1599 239 homi-

878 250 930 279 πίε
942 253 1066 280 restant
1080 251 1113 279 in
1128 250 1257 281 Authol.
1275 252 1334 281 Gr.

921 293 1149 330 Archidemus,
1159 293 1258 324 Acad.
1272 295 1312 324 iv.
1322 293 1600 330 47.1)iale‹-‹i‹·ua‚

880 336 1020 366 Stoicus.
1045 336 1300 377 Tarsmasisfin't.
1316 338 1354 367 de
1367 348 1400 366 eo
1413 338 1473 366 vid.
1488 337 1600 367 Laco-t.

880 379 934 409 vii.
956 382 1008 410 40.
1028 380 1080 410 68.
1101 383 1153 410 84.
1169 384 1220 411 88.
1243 382 1415 416 ‚Auctor-cx,
1431 382 1485 419 qui
1507 381 1545 410 ‹Ie
1567 392 1601 409 eo

878 427 1028 461 egerunt,
1052 425 1168 453 multos
1193 424 1308 454 laudat
1335 424 1462 454 Fabi-ic.
1486 424 1529 454 B.
1559 425 1600 453 G.

880 467 901 497 1.
917 466 962 496 iii.
980 476 1008 496 c.
1028 470 1075 497 10.

920 510 1148 548 Archidemus,
1166 509 1271 540 Flacc.
1286 512 1338 541 22.
1357 508 1556 540 Trallianus.

922 554 1144 590 Archilochus,
1155 553 1255 583 Tnsc.
1271 554 1291 583 i.
1312 557 1338 583 1.
1358 559 1519 591 regnante
1537 554 1602 584 Ro-

879 597 971 626 mulo
1000 598 1092 627 vixit.
1130 597 1171 627 ad
1201 597 1272 627 Att.
1301 597 1363 627 xvi.
1396 599 1444 626 11.
1481 597 1530 626 Ab
1560 607 1599 626 co

878 640 1127 671 Archilochium
1145 641 1292 671 edictum
1311 639 1430 670 Bibuli.
1447 639 1550 670 Attio.
1564 641 1598 670 ii.

879 685 931 714 90.
950 685 971 714 i.
989 694 1018 714 e.
1036 685 1199 715 acerbum.

920 728 1140 766 Archimedes,
1164 728 1257 758 Orat.
1291 727 1337 757 iii.
1364 729 1416 758 33.
1447 725 1546 756 Tusc.
1576 728 1598 756 i.

878 772 930 801 25.
963 770 1042 801 Nat.
1072 772 1114 802 l).
1145 772 1178 801 ii.
1211 775 1263 802 35.
1294 771 1364 809 ejus
1392 770 1531 810 sphaera.
1559 771 1599 800 de

877 824 943 853 qua
955 815 1020 845 vid.
1037 816 1135 845 etiam
1153 815 1244 845 Sem.
1259 814 1389 853 Empir.
1401 814 1475 845 adv.
1489 814 1598 844 stlath.

878 859 900 887 l.
915 859 1004 898 ix.p.
1021 862 1096 893 577.
1124 863 1156 889 et
1169 859 1211 889 ibi
1229 859 1413 890 Fabricium
1437 857 1483 886 τὸν
1503 857 1597 887 πάνυ.

878 901 948 932 Fin.
966 912 996 932 v.
1018 905 1066 936 l9.
1094 903 1237 942 patriam
1255 908 1385 941 captam
1404 911 1470 941 prae
1487 900 1598 931 studio

879 954 944 975 non
960 947 1075 976 sensit.
1092 945 1184 976 Verr.
1203 946 1244 976 iv.
1263 948 1314 977 53.
1335 943 1512 975 Marcellus
1528 944 1598 981 ejus

878 993 1018 1019 mortem
1037 989 1175 1019 moleste
1190 989 1267 1019 fert.
1283 988 1382 1018 Tusc-
1397 989 1438 1018 iv.
1456 990 1508 1019 23.
1526 988 1597 1027 ejus

875 1032 1065 1073 sepulcrum
1083 1043 1102 1063 a
1118 1034 1276 1064 Cicerone
1291 1033 1464 1073 Quaestore
1488 1041 1598 1072 repor-

874 1080 961 1106 tuin.

918 1120 1128 1159 Archonidcs,
1140 1119 1233 1150 Verr.
1247 1120 1292 1150 iii.
1311 1120 1362 1151 56.
1388 1120 1429 1149 iv.
1442 1120 1494 1150 26.
1521 1118 1598 1148 Elo-

876 1173 978 1193 rinus.

918 1207 1083 1246 Archytas
1092 1206 1308 1243 Tarentinus,
1321 1206 1359 1235 de
1376 1206 1469 1236 Orat.
1483 1206 1528 1235 iii.
1542 1206 1596 1236 34.

877 1249 1115 1290 Pythagoreus,
1139 1250 1277 1280 Philolai
1301 1253 1494 1289 pra’ceptor.
1528 1248 1598 1279 Fin.

876 1303 906 1324 v.
927 1296 980 1328 29.
1014 1294 1160 1324 Platonis
1182 1298 1333 1334 tempore
1356 1294 1448 1323 vixit.
1467 1293 1537 1324 Fin.
1562 1293 1597 1322 ii.

880 1340 929 1369 14.
954 1337 1099 1368 Platonis
1112 1337 1152 1367 ad
1164 1347 1241 1367 eum
1254 1336 1405 1377 epistola,
1416 1346 1501 1366 noua
1512 1338 1599 1366 inter

875 1383 1025 1421 epistolas
1041 1380 1202 1412 Platones.
1219 1380 1249 1411 T
1251 1391 1319 1411 use.
1338 1381 1380 1412 iv.
1400 1382 1451 1411 36.
1469 1381 1526 1410 irae
1542 1389 1601 1420 po-

875 1429 962 1455 tens.

919 1469 1036 1505 Areus,
1053 1468 1124 1499 Att.
1141 1479 1171 1498 v.
1189 1473 1220 1504 9.
1239 1467 1388 1499 libertus.

918 1512 1180 1551 Arganthonius,
1202 1512 1285 1542 Cato
1312 1516 1360 1547 19.
1386 1522 1442 1542 rex
1464 1511 1601 1542 Tartes-

875 1556 1014 1593 siorum,
1035 1557 1091 1595 qui
1113 1557 1286 1595 octoginta
1308 1565 1410 1586 annos
1435 1556 1599 1594 regnavit,

877 1605 1013 1630 centnm
1038 1605 1072 1630 et
1094 1601 1214 1639 viginti
1237 1600 1329 1630 vixit.
1347 1600 1423 1629 add.
1441 1599 1532 1630 Ptin.
1550 1598 1599 1630 H.

877 1644 926 1676 N.
942 1644 997 1673 vii.
1014 1646 1066 1674 48.

918 1686 1126 1723 Ariarathes,
1144 1687 1184 1717 ad
1209 1686 1283 1717 Div.
1308 1697 1359 1717 xv.
1385 1688 1415 1717 2.
1441 1685 1511 1715 Att.
1530 1686 1598 1716 xiii.

876 1732 908 1762 2.
939 1730 1170 1760 Ariobarzanis
1194 1730 1304 1769 filius;
1329 1735 1362 1760 et
1386 1730 1481 1767 alius,
1507 1730 1599 1759 Ario-

876 1774 1027 1805 barzanis
1043 1773 1157 1803 frater.

919 1818 1021 1848 Arion
1053 1817 1312 1858 Methymnaeus,
1341 1815 1442 1846 Tusc.
1478 1817 1510 1845 ii.

881 1861 1094 1900 Citharoedus,
1106 1861 1146 1891 de
1159 1870 1219 1902 quo
1233 1865 1309 1891 nota
1324 1864 1369 1890 cst
1383 1869 1423 1890 cu:
1438 1859 1599 1890 Herodoto

862 1904 1001 1945 jabula.

917 1949 1169 1986 Ariobarzanes,
1193 1947 1310 1978 Manil.
1333 1949 1364 1978 2.
1389 1956 1445 1976 rex
1467 1945 1597 1985 Cappa-

875 1992 978 2022 dociae
1010 2002 1030 2022 a
1059 1991 1257 2022 Mithridate
1295 2000 1394 2030 regno
1429 1989 1596 2029 expulsus.

875 2036 984 2066 socius
1023 2035 1136 2076 populi
1172 2035 1326 2065 Romani.
1374 2034 1518 2064 Eusebes
1561 2038 1598 2062 et

875 2079 1112 2110 Philoroinaeus
1141 2079 1273 2109 dicitur.
1301 2079 1355 2117 qut
1382 2077 1469 2107 tituli
1495 2077 1596 2106 etiam

873 2125 909 2153 in
923 2125 1033 2154 mamis
1045 2126 1231 2153 occurrunt.
1262 2121 1387 2151 Cilicioe
1405 2119 1595 2150 Proconsuli

874 2166 1026 2197 Ciceroni
1046 2165 1300 2196 commendatur
1315 2175 1335 2194 a
1350 2164 1488 2200 Senatu,
1503 2168 1538 2193 et
1555 2163 1596 2193 ab

1543 1818 1596 1848 27.

874 2221 914 2241 eo
937 2220 1058 2248 magno
1079 2209 1226 2250 periculo
1242 2208 1414 2245 liberatur,
1430 2206 1596 2237 laudatur.

873 2253 956 2294 conf.
967 2254 1008 2284 ad
1021 2253 1096 2284 Div.
1109 2263 1161 2283 xv.
1174 2255 1205 2283 2.
1217 2255 1247 2283 4.
1265 2252 1367 2281 Attio.
1384 2261 1414 2281 v.
1430 2253 1483 2281 20.
1503 2250 1596 2280 l'rov.

874 2302 904 2330 5.
917 2298 1057 2328 Gabinio
1069 2297 1102 2326 in
1115 2296 1310 2326 ulciscendis
1322 2295 1464 2325 inimicis
1477 2294 1597 2324 utitur.

915 2342 1086 2376 Aristaeus,
1104 2340 1183 2370 Nat.
1207 2339 1250 2369 D.
1275 2339 1321 2368 iii.
1350 2342 1398 2369 18.
1430 2337 1525 2367 olivae
1545 2338 1595 2367 in-

873 2390 1003 2421 ventor,
1019 2383 1180 2423 Apollinis
1197 2382 1295 2412 filius.
1313 2382 1405 2412 Verr.
1423 2382 1464 2412 iv.
1483 2384 1534 2415 57.

915 2429 1086 2464 Aristaeus,
1102 2428 1194 2457 Verr.
1208 2436 1238 2456 ν.
1250 2428 1303 2457 42.
1322 2425 1480 2455 Dexionis
1496 2424 1594 2455 filius.

915 2471 1086 2508 Aristides,
1113 2470 1152 2500 (le
1189 2470 1285 2499 Offic.
1324 2470 1370 2499 iii.
1407 2471 1439 2500 4.
1477 2467 1597 2499 Justus

874 2515 983 2546 dictus
1010 2519 1071 2544 est.
1100 2513 1178 2544 ibid.
1205 2514 1251 2543 iii.
1282 2516 1329 2543 11.
1361 2512 1595 2542 Themistoclis

874 2559 1050 2590 consilium
1080 2557 1176 2594 utile,
1208 2557 1286 2596 quia
1321 2557 1496 2596 injustum,
1528 2564 1595 2585 uon

874 2603 1003 2644 probat.

916 2646 1116 2685 Aristippus,
1140 2644 1340 2680 Socraticus,
1363 2643 1403 2673 de
1429 2643 1523 2673 Orat.
1549 2642 1594 2671 iii.

879 2693 928 2724 17.
960 2688 1148 2728 Cyrenaicae
1171 2686 1387 2727 philosophiae
1404 2691 1531 2716 auctor.
1555 2685 1596 2715 ad

875 2733 952 2764 Div.
985 2733 1027 2762 ix.
1060 2732 1113 2762 26.
1150 2731 1221 2769 ejus
1251 2730 1379 2760 dictum
1411 2729 1450 2759 de
1483 2729 1617 2764 Laide..

876 2775 976 2806 Acad.
993 2776 1035 2805 ἰν.
1052 2776 1105 2805 42.
1128 2773 1336 2814 voluptatem
1353 2783 1522 2803 summum
1541 2772 1595 2801 bo-

877 2829 957 2850 num
986 2818 1076 2848 facit.
1103 2817 1198 2848 offic.
1226 2818 1247 2847 i.
1275 2820 1328 2848 41.
1365 2817 1501 2847 licentia
1526 2817 1596 2855 ejus

877 2866 994 2893 contra
1024 2871 1150 2892 rnorem
1182 2860 1522 2904 consuetudinemque
1549 2859 1595 2889 lo-

877 2906 1002 2946 quendi
1019 2914 1085 2936 non
1100 2910 1151 2937 est
1167 2904 1340 2936 imitanda.

918 2959 936 2980 r
953 2951 972 2981 53
