1790 3219
559 77 706 108 INDL'X
735 76 1035 106 4ΒΔἸΊΝΙΊἌΊῚΞ.

45 164 237 206 begua-u,
253 167 597 205 bonumarboretum.
609 165 686 204 [eg.
703 165 737 194 ii.

0 211 34 242 ⁸.
56 211 249 243 mulotes
266 212 381 242 vineta
391 212 585 249 vineaeque
597 214 631 239 et
647 207 735 238 saiu-

0 258 68 285 DD
84 255 198 295 populi
208 259 408 294 augur-anto.
417 264 446 285 ν.
455 253 602 285 Tumeb.
616 251 657 282 ad
670 251 703 281 h.
715 250 735 280 Ι.

44 295 210 336 virgi-es,
235 298 434 338 simpliciter
458 296 608 328 vestales
635 295 736 334 virgi-

0 348 59 371 nes
75 341 247 373 ‹licuntur-
271 341 372 373 Catil.
388 342 435 372 iii.
455 342 487 371 4.
512 346 587 380 post
603 339 735 369 absolu-

0 384 124 416 tionem
140 386 321 425 uirginum

43 427 196 468 Vargnlc.
220 429 316 461 ome.
333 429 354 459 i.
369 430 425 458 44.
447 427 476 458 si
502 426 618 457 omnia
640 426 737 457 nubis

0 473 138 511 —qum
158 473 296 511 ''n-gd·
316 471 442 507 divina,
468 475 507 501 ut
523 470 632 505 aium,
655 479 734 509 sup-

0 515 252 555 peditat-enuit:
276 515 298 546 i.
326 525 356 545 e.
385 515 470 545 eitra
492 524 589 553 opem
616 514 735 544 huma-

0 567 89 591 nm.
105 558 247 592 ductum
264 558 474 598 proverbium
492 558 624 588 videtur
638 557 736 587 Eras-

0 611 56 634 ιο
69 611 92 632 ι
111 602 213 641 nima
233 601 390 639 Palladis,
405 602 501 640 cuius
514 602 624 632 saties
641 609 734 631 men-

0 646 45 677 tio
164 643 364 677 Homerum.
409 646 501 677 Nota
510 650 562 675 est
573 645 678 676 etiam
693 653 734 674 ex

0 688 33 721 γ’
78 688 85 695 ”
104 688 111 695 ’
148 689 249 729 virga
263 688 391 726 Circes,
407 694 442 720 et
457 689 528 728 ejus
545 689 603 719 vis.

72 733 214 764 viditur.
235 731 337 765 Tuae.
353 733 401 764 iii.
415 735 469 764 31.
486 731 612 763 malum
628 741 734 771 quan-

0 774 76 808 din
88 775 190 807 babet
201 776 415 808 viriditatem.
439 775 560 807 Laba.
579 779 734 806 senectus

0 818 110 851 nutui-t
131 829 207 851 eam
231 821 448 858 viriditatem,
477 820 512 850 in
538 829 605 858 qua
628 820 731 849 etiam

0 868 84 894 tunc
107 869 182 895 erat
211 863 334 904 Scipio.
357 864 422 896 Est.
440 872 458 893 e
473 862 601 893 Graeco.
625 862 732 893 Graeei

0 907 88 938 enim
112 907 231 950 χλωρὴ
251 907 370 940 dicunt
384 916 498 944 omne,
514 906 606 946 quod
618 911 669 937 est
686 915 737 936 re-

0 960 92 989 eens,
106 951 144 982 in
168 951 351 992 prim’nque
375 950 525 991 vigorem
547 949 734 990 juvenilem

0 998 35 1025 et
50 993 192 1026 virilem.

42 1036 169 1069 Virilis.
193 1036 286 1068 Verr.
312 1037 355 1068 iv.
380 1040 433 1072 37.
457 1042 509 1069 est
524 1037 636 1077 aliqua
659 1046 737 1067 mea

0 1089 76 1122 pus
91 1082 207 1113 ovim.
232 1081 318 1112 Phil.
334 1081 403 1112 xiii.
418 1084 450 1113 4.
474 1091 528 1112 me
543 1082 615 1121 ejus
634 1081 736 1111 bene·

0 1124 76 1156 flcio
85 1124 175 1168 plus,
190 1134 291 1165 quam
308 1135 369 1166 pro
383 1127 474 1156 virili
486 1130 595 1167 parte,
609 1123 736 1164 obliga-

0 1172 75 1200 tum
98 1174 193 1209 puto.
217 1168 332 1200 Vct-nis
355 1179 444 1210 pars,
460 1178 502 1199 ne
526 1175 640 1200 errent
658 1169 741 1199 tiro-

0 1221 73 1250 nes,
93 1218 135 1244 ut
162 1211 262 1253 vulgo
284 1213 336 1251 fit,
361 1219 413 1244 est
434 1213 665 1252 cujuscunque
689 1212 736 1243 rei

0 1257 188 1287 communis
201 1256 367 1297 pluribus,
388 1257 458 1288 sive
474 1257 569 1287 bonae
585 1262 620 1287 et
634 1256 735 1293 laetae,

0 1300 66 1331 nive
76 1300 186 1332 tristia
199 1306 236 1331 et
251 1299 413 1338 molestae,
423 1309 498 1341 pars
510 1310 562 1338 ea,
573 1310 646 1340 quoe
663 1300 738 1330 uni-

0 1344 122 1383 cuique
136 1353 177 1375 ex
190 1353 307 1376 eomm
319 1354 461 1375 numero
470 1343 611 1375 debetur
625 1353 737 1383 aequa-

0 1387 88 1420 liter.
121 1386 178 1418 Sic
203 1388 240 1418 in
265 1387 328 1418 hae
342 1387 501 1425 formula,
529 1387 604 1428 plus
635 1396 735 1428 quam

0 1432 90 1463 virilu·
105 1434 200 1472 parte
215 1430 400 1472 obligatum
416 1441 500 1470 esse,
516 1437 580 1469 est,
590 1442 630 1462 ex
647 1441 739 1462 eom-

0 1475 148 1507 muniet
161 1474 206 1507 ad
225 1484 343 1506 omnes
365 1476 556 1515 pertinente
577 1475 739 1506 beneficio

0 1519 97 1558 quusi
110 1519 270 1559 majorem
287 1519 408 1550 ceter-is
417 1524 546 1560 partem
561 1519 739 1559 accepisse.

1 1559 112 1602 Vulgo
126 1566 242 1594 autem
259 1571 319 1603 pro
333 1564 423 1594 virili
438 1567 534 1603 parte
549 1563 596 1593 sic
612 1563 645 1592 in
660 1562 741 1592 scri—

0 1605 349 1647 bendoloquendoque
360 1607 491 1644 dicunt,
504 1607 596 1646 quasi
606 1607 665 1643 sit,
679 1616 738 1646 pro

0 1650 137 1681 viribus.
167 1650 187 1669 ³
201 1650 310 1681 virum
326 1650 458 1681 decens.
481 1652 551 1681 Att.
568 1651 611 1681 xi.
629 1653 682 1681 23.
705 1654 741 1680 et

0 1693 191 1725 videremur
210 1693 338 1734 aliquid
363 1694 485 1726 doloris
505 1695 611 1726 virilis
635 1694 741 1724 habu-

0 1737 75 1768 isse.
98 1737 155 1768 Sic
168 1737 270 1769 'l'use-
283 1737 317 1768 ii.
331 1739 385 1772 27.
406 1739 545 1769 viriliter
555 1741 717 1778 aegrotare
733 1749 740 1767 :

0 1779 36 1812 h.
49 1789 80 1811 e.
95 1788 139 1811 ne
155 1784 190 1811 te
205 1780 308 1812 nimis
323 1781 472 1820 mollem,
488 1786 549 1813 aut
564 1782 743 1822 impatien-

0 1828 72 1856 tem
88 1823 210 1856 dolon-is
224 1824 428 1856 molestiaeve
443 1826 602 1866 praebeas.

7 1892 23 1902 t
46 1866 176 1900 Ver-oue.
187 1867 290 1900 Tusc.
302 1869 336 1899 ii.
356 1871 405 1900 18.
423 1871 529 1900 virtus
543 1879 584 1900 ex
598 1869 669 1899 viro
685 1878 742 1910 ap-

0 1911 128 1952 pellata
139 1915 214 1950 est3
237 1912 298 1943 viri
315 1916 430 1944 autem
446 1914 592 1944 maxime
607 1914 743 1954 propria

3 1959 56 1986 est
79 1954 270 1995 fortitud03
292 1956 407 1996 itaque
423 1957 464 1988 ab
475 1956 537 1988 hae
551 1961 678 1987 ceteras
693 1956 741 1986 sic

3 1998 188 2040 appellatas
207 2002 317 2040 putat.
343 1999 414 2031 mn.
431 2010 461 2031 v.
477 2004 526 2032 13.
550 2001 598 2031 ita
614 2001 685 2038 fiet,
702 2004 742 2030 ut

1 2044 110 2074 animi
130 2044 238 2075 vir-tm
252 2045 391 2084 corporis
413 2044 530 2075 virtuti
556 2051 742 2084 antepona-

2 2091 86 2126 tur;
110 2087 284 2127 animique.
307 2089 446 2119 virtutes
459 2097 523 2118 non
538 2089 744 2119 voluntarias

4 2131 145 2162 vineant
169 2132 311 2163 virtutes
334 2133 543 2165 velantur-im
568 2141 642 2172 quae.
669 2131 743 2171 qui-

4 2173 82 2205 dem
99 2175 232 2215 proprie
245 2176 383 2206 virtutes
398 2174 621 2216 appellantur.
643 2175 663 2194 '¹²
678 2175 743 2206 for-

3 2217 117 2249 titn'do
132 2218 299 2261 militaris.
322 2220 414 2250 Sext.
441 2220 507 2250 65.-
525 2220 634 2250 aditus
651 2219 686 2249 in
702 2218 742 2250 il-

3 2260 74 2292 lum
104 2271 278 2294 summum
306 2263 462 2294 ordinem
491 2263 614 2294 civium
646 2262 744 2293 indu-

1 2306 96 2337 ttrite
126 2315 166 2336 ae
189 2306 308 2337 virtuti
323 2311 464 2348 pateret.
495 2316 617 2347 nempe
646 2306 743 2337 indu-

3 2350 88 2380 stria
101 2350 253 2380 cernitur
275 2351 312 2382 in
328 2350 437 2382 causis
453 2351 489 2381 in
504 2349 576 2381 foro
591 2350 743 2390 agendis,

4 2394 112 2424 virtus
126 2393 163 2423 in
179 2402 215 2423 re
232 2393 387 2425 militari:
404 2393 456 2424 his
472 2394 599 2426 duabus
614 2394 742 2425 artibus

4 2436 96 2467 enim
112 2436 226 2469 aditus
235 2437 270 2468 in
287 2438 416 2469 curiam
440 2438 668 2469 muniebatur,
690 2438 744 2469 Sic

6 2479 141 2511 Muren.
173 2483 225 2512 10.
263 2481 384 2513 bellica
413 2481 530 2522 virtus,
560 2481 743 2522 opponitur

3 2523 130 2554 forensi
159 2522 251 2556 laudi
275 2531 311 2556 et
338 2525 522 2556 industriae.
550 2525 616 2556 vid.
644 2525 742 2556 indu-

2 2568 97 2598 σιτία.
111 2567 132 2587 ⁸
160 2577 228 2608 ars,
254 2569 445 2610 disciplina,
469 2568 612 2600 facultas
640 2569 744 2600 alieu-

0 2611 56 2650 jus
71 2611 165 2642 artis.
186 2612 284 2644 Offic.
299 2613 322 2644 i.
337 2610 392 2645 32.
425 2613 540 2654 itaque
561 2623 598 2644 se
623 2612 677 2643 alii
701 2612 744 2642 ad

3 2653 264 2696 phiiosophiam,
279 2656 336 2688 alii
352 2657 394 2688 ad
416 2657 473 2697 jus
492 2657 603 2695 civile,
618 2656 675 2688 alii
701 2655 744 2686 ad

3 2696 231 2737 eloquentiam
241 2699 432 2776 agfficant3
450 2701 665 2741 ipsarumque
678 2701 745 2730 vir-

3 2745 118 2773 tutum
132 2742 169 2772 in
187 2741 255 2774 alia
301 2744 352 2775 ‘us
367 2744 498 2776 mavult
511 2743 688 2775 excellere.

53 2784 123 2822 Vas,
137 2790 190 2816 est
213 2786 266 2818 vel
279 2796 371 2826 vera,
386 2797 461 2828 quae
485 2788 527 2819 fit
551 2788 653 2818 armis
679 2788 746 2818 sive

0 2828 117 2867 justis,
140 2829 208 2860 sive
224 2829 386 2869 fortuitis,
399 2831 490 2863 unde
507 2832 560 2863 lex
582 2831 622 2862 de
640 2832 670 2862 vi
694 2841 746 2862 ar-

5 2873 109 2904 mati·
124 2872 328 2907 hominibus.
352 2875 478 2908 Cat-in.
495 2880 527 2912 9.
552 2876 623 2908 bac
642 2875 746 2907 etiam

1435 67 1513 106 481

782 164 831 193 vis
845 163 951 194 solida
966 164 1098 195 dicitur.
1111 165 1200 198 conf.
1216 166 1338 198 Coecin.
1358 169 1405 198 15.
1421 175 1448 197 s.
1465 165 1519 198 vel

781 216 833 242 ea,
851 217 924 246 quae
938 207 1015 237 ibid.
1033 211 1084 239 3-2.
1110 211 1305 248 quotidiana
1319 212 1366 240 vis
1382 211 1517 242 dicitur.

781 250 866 280 Cum
886 251 919 280 iu
936 254 1160 283 controversia
1178 254 1217 283 de
1234 254 1438 294 possessione
1457 253 1519 285 ali-

781 294 877 332 cnjus
894 293 989 324 fundi
1006 294 1162 326 deductio
1178 307 1216 327 ac
1233 300 1279 327 vis
1301 298 1447 328 moribus
1465 298 1516 329 fit.

778 337 858 368 ibid.
881 340 928 367 11.
952 347 1052 376 quam
1078 339 1204 370 Gellius
1227 351 1279 371 xx.
1309 344 1355 372 lo.
1383 340 1516 371 civilem

781 390 820 411 ae
836 380 1048 411 fostun-ariam
1070 390 1175 412 vocat.
1193 384 1256 413 vid.
1271 394 1370 424 supra
1388 385 1420 415 in
1437 393 1518 415 con-

781 434 902 465 serere.
919 432 953 455 et
972 425 1096 454 (larcin.
1116 429 1146 459 “.·.
1183 426 1269 456 liinc
1300 429 1400 458 vniam
1432 428 1517 458 iliud

781 468 859 499 ibid.
888 471 940 499 31.
963 468 1053 498 unde
1069 468 1125 498 ilie
1144 479 1195 499 me
1213 472 1243 499 vi
1267 471 1386 509 d-jccit
1403 484 1408 501 :
1434 473 1517 502 item

780 523 810 542 c.
826 513 877 543 92.
899 514 965 542 vim
989 513 1186 543 restituere:
1222 513 1254 543 h.
1275 524 1304 544 e.
1321 514 1466 553 aliquem
1482 516 1515 545 in

780 565 858 586 eum
869 555 979 586 locum
997 557 1186 594 restituere,
1198 567 1236 587 ex
1254 567 1318 597 quo
1333 568 1408 587 vum
1420 559 1448 587 w·
1463 568 1519 588 ve-

783 609 818 629 ra
844 599 1012 640 dejeceris.
1047 600 1183 639 *genus
1209 601 1255 631 vis
1277 611 1365 641 saept·
1384 602 1520 641 ponitur

783 653 842 683 pro
865 644 993 681 formis,
1013 644 1044 674 h.
1068 654 1098 674 e.
1125 640 1185 684 pro
1209 645 1247 676 iis
1276 645 1372 676 rebus
1397 645 1517 683 quibus

780 688 829 717 vie
845 687 896 724 fit,
914 692 975 717 aut
989 697 1064 727 quae
1078 697 1138 728 per
1153 690 1220 719 vim
1242 688 1340 719 fiunt.
1365 696 1425 729 pro
1449 694 1519 719 stu-

780 740 840 771 pro
856 730 974 761 Milon.
990 733 1022 761 4.
1052 733 1117 762 vim
1134 731 1262 763 afferre.
1279 732 1367 763 conf.
1383 731 1476 763 Verr.
1494 732 1518 762 i.

781 774 834 805 26.
865 784 924 815 pro
951 774 1104 814 precibus
1126 775 1220 807 Verr.
1246 775 1267 807 i.
1295 778 1348 808 25.
1373 776 1519 807 retinere

780 827 914 848 summa
927 819 970 849 vi.
997 828 1057 858 pro
1081 819 1182 850 minis
1207 820 1300 851 Vcrr.
1315 820 1362 850 iii.
1379 821 1431 851 22.
1454 819 1519 850 hac

781 861 837 892 ine
861 863 894 891 vi
920 868 955 892 et
984 861 1047 892 hoc
1072 868 1167 894 metu
1193 863 1371 902 adductus,
1396 872 1519 904 nempe

781 906 963 945 virgarum,
980 915 1062 945 quas
1081 906 1274 938 minabatur
1298 907 1429 938 Verres.
1459 916 1522 948 pro

780 950 898 989 opibus
932 950 1132 988 amicorum,
1167 950 1419 990 advocatorum,
1458 960 1522 982 un-

782 992 823 1023 de
851 993 972 1034 inopiae
1004 993 1196 1034 opponitur.
1225 994 1344 1035 Quint.
1376 998 1402 1026 1.
1431 993 1520 1035 quod

782 1037 809 1067 si
825 1043 864 1067 tu
885 1037 991 1076 judex
1008 1036 1103 1068 nulio
1129 1039 1283 1079 praesidio
1310 1039 1414 1070 fuisse
1429 1037 1522 1069 vide-

783 1081 859 1111 bere
885 1085 1002 1111 contra
1033 1082 1102 1112 vim
1124 1086 1160 1112 et
1191 1083 1334 1123 gratiam
1368 1081 1523 1113 solitudi-

783 1124 818 1155 ni
834 1128 935 1164 atque
959 1125 1092 1165 inopiae.
1118 1134 1178 1166 pro
1192 1127 1404 1168 corruptione
1430 1125 1522 1165 judi·

784 1177 874 1199 eum.
899 1167 991 1199 Verr.
1008 1169 1042 1199 ii.
1059 1171 1111 1200 31,
1134 1170 1161 1200 si
1178 1169 1292 1210 aliqua
1301 1180 1335 1201 se
1344 1171 1376 1201 vi
1390 1171 1523 1211 eripue—

783 1212 828 1243 rit
853 1222 893 1242 ex
909 1212 972 1242 hoc
983 1212 1128 1252 judicio:
1165 1213 1254 1244 unde
1269 1215 1373 1244 etiam
1387 1215 1438 1244 vis
1451 1222 1526 1244 ver-

784 1259 859 1286 sata
872 1265 943 1286 esse
960 1256 1084 1287 dicitur
1099 1257 1133 1287 in
1150 1257 1293 1297 judicio,
1309 1257 1398 1298 quod
1420 1267 1524 1299 pecu-

785 1301 843 1330 nia
857 1308 1054 1340 corruptum
1079 1305 1142 1331 est.
1167 1301 1440 1342 Corrumpuntur
1465 1311 1525 1332 au·

784 1349 854 1375 tem
866 1343 998 1383 judices
1008 1343 1060 1374 vel
1071 1345 1192 1384 gratia,
1208 1345 1260 1375 vel
1270 1350 1376 1383 metu,
1393 1345 1444 1376 vel
1460 1345 1528 1375 lar-

785 1388 923 1427 gitione.
945 1386 1062 1427 ltaque
1077 1389 1217 1428 sing-ulis
1233 1388 1314 1420 locis
1328 1389 1526 1426 videndum,

786 1431 827 1461 de
842 1441 909 1471 qno
933 1441 1055 1471 genere
1079 1433 1241 1472 capienda
1269 1433 1315 1464 sit
1342 1435 1401 1464 vis.
1423 1433 1444 1452 ⁵*
1460 1432 1523 1463 Sed

786 1477 834 1506 vis
843 1475 1011 1513 judicum,
1029 1475 1081 1505 vel
1091 1476 1310 1516 judiciorum,
1327 1481 1380 1508 est
1391 1476 1529 1517 justitia

788 1527 824 1550 et
839 1519 994 1549 severitas
1010 1519 1045 1549 in
1069 1520 1226 1551 scelestos
1253 1521 1418 1559 homines,
1437 1521 1529 1552 utin

789 1562 900 1594 Caecil.
928 1565 959 1593 3.
991 1563 1068 1594 Act.
1095 1564 1116 1594 i.
1139 1564 1233 1595 Verr.
1264 1568 1313 1599 17.
1339 1564 1464 1595 Caecin.
1494 1565 1529 1595 2.

786 1607 806 1625 ’ἓ
821 1606 968 1637 formula
981 1608 1048 1638 vim
1065 1607 1181 1638 afferre
1203 1612 1255 1638 est
1269 1609 1373 1639 etiam
1390 1609 1425 1639 in
1439 1609 1528 1638 bono

787 1660 900 1689 sensu,
922 1660 982 1691 pro
997 1651 1166 1691 prodesse,
1182 1652 1304 1690 valere,
1322 1652 1417 1683 Orat.
1432 1652 1455 1682 i.
1473 1653 1528 1684 25.

789 1698 808 1716 *ἓ
826 1696 872 1725 vis
888 1694 1012 1725 dicitur
1026 1696 1130 1726 etiam
1156 1695 1197 1726 de
1217 1701 1341 1727 natura
1363 1705 1475 1727 rerum
1492 1700 1528 1725 et

787 1739 928 1769 ratione.
953 1738 1023 1768 lnv.
1039 1740 1126 1775 i.49.
1150 1738 1214 1770 hoc
1236 1749 1302 1770 non
1320 1741 1426 1781 magis
1441 1738 1530 1770 sedi·

788 1783 878 1820 tiosi‚
905 1792 1005 1822 quam
1037 1784 1352 1823 ambitiosi-quam
1383 1784 1527 1823 alicujus

790 1826 933 1867 improbi
949 1826 1094 1858 hominis
1115 1829 1181 1858 vim
1209 1827 1374 1858 describit.
1399 1827 1472 1858 Inv.
1489 1827 1525 1857 ii.

789 1873 842 1901 33.
865 1880 935 1900 rem
952 1880 990 1900 ex
1007 1879 1069 1901 sua
1081 1873 1113 1902 vi
1131 1870 1280 1913 (natura)
1307 1872 1528 1902 considerare.

789 1914 883 1945 Orat.
899 1914 920 1944 i.
933 1915 986 1945 21.
1003 1913 1043 1945 de
1053 1917 1085 1946 vi
1097 1917 1274 1946 etvratione
1289 1915 1432 1946 dicendi.
1449 1915 1468 1934 ²*
1480 1914 1530 1944 lo-

791 1967 860 1989 cus.
885 1957 1018 1988 Invent.
1041 1959 1064 1989 i.
1087 1961 1119 1990 2.
1144 1965 1274 1990 naturae
1301 1961 1367 1990 vim
1383 1959 1525 1990 obtinet.

789 2002 809 2020 ¹*
825 2003 861 2032 in
878 2001 1019 2032 dicendo
1046 2004 1092 2034 vis
1111 2008 1164 2034 est
1190 2003 1379 2034 sublimitas
1396 2007 1431 2033 et
1452 2011 1525 2033 ma·

789 2045 995 2086 gnificentia.
1006 2046 1098 2077 Orat.
1113 2047 1147 2077 ii.
1163 2049 1215 2081 29.
1232 2056 1317 2078 meae
1331 2047 1437 2078 totius
1452 2055 1527 2077 ora-

784 2090 1002 2120 tionis—tres
1019 2097 1099 2121 sunt
1119 2092 1287 2122 rationes:
1312 2091 1529 2122 una—tertia

788 2132 1064 2165 concie-indorum
1075 2135 1276 2171 animorum.
1288 2135 1407 2165 harum
1423 2134 1513 2175 parti

790 2186 849 2207 um
865 2178 968 2207 tertia
983 2179 1050 2209 vim
1063 2177 1241 2209 desiderat.
1256 2179 1298 2210 ad
1311 2179 1386 2210 Div.
1403 2188 1455 2208 xv.
1471 2180 1527 2210 21.

787 2220 828 2251 de
845 2220 946 2252 Calvo
960 2233 967 2251 ι
992 2221 1110 2253 multae
1125 2229 1222 2253 erant
1240 2227 1275 2253 et
1290 2221 1472 2254 reconditae
1489 2221 1530 2252 li-

789 2269 892 2295 terae:
915 2265 966 2295 vis
987 2274 1054 2296 non
1070 2271 1154 2296 erat.
1177 2266 1197 2285 ⁴⁵
1211 2267 1260 2297 vis
1273 2267 1376 2297 etiam
1391 2265 1528 2306 elegan-

788 2312 842 2339 ter
855 2308 1018 2339 tribuitur
1028 2310 1080 2348 iis,
1092 2311 1149 2349 qui
1161 2309 1374 2341 ulciscuntur
1386 2310 1527 2350 injurias

787 2352 851 2383 sibi
875 2351 994 2390 factas,
1011 2357 1071 2384 aut
1095 2353 1152 2394 qui
1181 2354 1243 2384 sibi
1269 2355 1426 2392 iujuriam
1453 2353 1528 2384 fieri

791 2405 859 2426 non
880 2397 1010 2427 sinunt.
1039 2396 1141 2428 Dom.
1169 2400 1222 2430 55.
1251 2407 1377 2439 magna
1400 2399 1450 2428 vis
1477 2399 1530 2428 est

789 2449 866 2470 cum
891 2440 927 2470 in
946 2439 1096 2471 Deorum
1120 2442 1274 2480 numine,
1290 2447 1366 2473 tum
1392 2441 1429 2472 in
1455 2441 1529 2482 ipsa

785 2483 960 2524 republica
981 2484 1042 2516 διο.
1066 2484 1164 2516 Rosc.
1187 2485 1262 2516 Am.
1288 2487 1342 2517 94.
1366 2484 1528 2526 Magnam

789 2529 858 2558 vim
873 2527 1021 2568 possidet
1029 2534 1191 2570 paternus
1202 2534 1442 2569 maternusque
1451 2538 1528 2560 san·

791 2571 883 2610 guis:
902 2571 967 2602 nisi
979 2581 1040 2613 pro
1054 2573 1236 2604 sanctitate
1252 2573 1349 2604 malis
1365 2573 1529 2614 accipere.

789 2614 810 2633 ⁴
822 2615 1027 2655 significatio
1042 2616 1145 2647 verbi.
1166 2615 1305 2649 Tuscul.
1320 2617 1366 2648 iii.
1384 2620 1414 2649 5.
1437 2616 1529 2647 verbi

789 2659 846 2689 vis.
864 2658 899 2689 ‘et
912 2659 960 2690 sic
973 2668 1073 2700 saepe.
1095 2659 1224 2691 ‘servit
1237 2662 1341 2692 etiam
1358 2659 1530 2702 periphra-

787 2702 828 2740 si,
843 2708 885 2732 ut
896 2703 944 2733 vis
955 2702 1106 2734 Deorum
1121 2713 1182 2744 pro
1196 2704 1283 2736 Diis.

836 2744 984 2784 Viscera,
1000 2756 1089 2778 caro.
1112 2757 1191 2778 nam
1217 2748 1376 2789 quicquid
1391 2748 1452 2779 suh
1477 2757 1533 2778 eo·

794 2789 844 2819 rio
860 2794 924 2829 est,
939 2796 981 2821 ut
1003 2790 1138 2822 Servius
1162 2792 1224 2830 ait,
1249 2795 1375 2825 visen-a
1400 2793 1531 2825 dicunt.

791 2832 874 2864 Nat.
890 2833 934 2864 D.
956 2834 991 2865 ii.
1007 2834 1059 2866 63.
1072 2836 1198 2867 viscera
1210 2836 1325 2868 boum.
1342 2836 1430 2868 conf.
1445 2836 1532 2868 Tus-

794 2875 909 2926 cunii.
926 2880 956 2910 8.
982 2880 1016 2908 et
1042 2880 1090 2910 14.
1114 2878 1135 2899 ⁸
1149 2882 1306 2920 pecunia,
1325 2891 1376 2913 res
1390 2880 1534 2912 familia-

838 2928 848 2950 ι
867 2931 877 2950 ι
1453 2932 1456 2936 ·
