1800 3131
167 90 247 127 100

173 187 275 219 chum
292 198 333 218 an
349 190 418 228 ejus
435 190 500 221 sit?
520 190 644 221 Consul
657 201 732 221 cum
750 192 901 222 Domitio

174 231 239 262 suit
255 242 286 262 a.
305 241 439 264 ocxxxi.
457 234 498 263 cf.
515 235 571 264 Or.
590 235 636 264 iii.
653 237 704 268 47.

222 274 254 305 C.
270 275 431 315 Fannius,
449 277 495 307 M.
514 277 545 307 F.
566 277 656 308 Brut.
674 279 725 309 26.
740 277 832 308 Laelii
846 288 901 317 ge-

174 327 246 356 ner,
275 319 448 351 historiam
473 331 538 351 non
567 321 791 359 inelegantem
821 322 900 351 scri-

175 363 251 402 psit.
268 362 322 392 Br.
340 366 390 395 21.
408 365 465 394 Or.
483 365 516 394 ii.
534 365 585 398 67.
605 365 734 404 scripsit
753 364 900 394 annales.

175 407 262 436 conf.
278 406 376 436 Tusc.
395 408 435 437 iv.
459 410 506 438 18.
535 409 615 447 Leg.
631 410 652 437 i.
670 410 699 437 ⁶2.
733 408 824 437 ssrut.
849 412 901 441 87.

175 448 246 480 Att.
264 450 304 479 iv.
326 451 374 481 16.
399 451 438 481 (le
451 452 646 490 compendio
659 451 804 480 liistoriae
819 451 900 480 Fan—

175 492 297 530 nianae‚
316 494 403 532 quod
418 494 465 524 M.
483 495 620 531 Brutus,
643 504 814 533 percussor
829 494 900 522 Cae-

174 536 268 573 saris,
285 537 378 574 fecit,
403 537 475 567 vide
501 538 534 566 in
558 537 676 568 Bruto.
701 536 754 567 De
778 537 903 566 Fannio

174 580 236 609 vid.
257 580 401 611 Voss-ium
417 581 455 610 de
470 581 626 610 historicis
644 581 773 610 Latinis
789 582 809 609 l.
827 584 857 613 7.

223 623 257 653 C.
282 624 442 660 Fannius,
460 624 496 652 C.
522 624 554 653 F.
579 626 670 653 Sext.
691 626 741 654 53.
762 623 840 652 trib.
857 622 901 662 pl.

176 666 305 696 Caesare
329 672 363 696 ct
378 666 496 697 Bibulo
519 668 609 696 Coss
625 677 689 705 quo
706 676 784 696 usus
800 666 902 696 Bibu-

175 708 225 739 lus
243 710 276 740 in
291 710 502 750 impedienda
512 710 650 748 Agraria
662 709 810 740 Caesaris.
821 709 902 739 Har.

174 752 272 792 Resp.
297 754 326 784 6.
349 753 509 792 pontifex.
526 753 597 783 Att.
622 753 655 783 ii.
680 755 732 784 ⁶24.
761 753 902 782 subscri-

172 797 239 835 psit
257 797 290 825 in
316 797 349 826 P.
368 796 519 826 Clodium
545 797 599 826 vii.
624 799 672 827 15.
704 797 738 825 in
754 796 900 826 Siciliain

175 845 249 880 post
271 839 445 869 Fufsanuin
467 840 630 876 mittitur,
648 840 744 869 initio
761 839 837 869 belli
856 840 901 869 ci-

174 883 258 912 vilis.
274 883 340 913 viii.
362 886 409 913 15.
439 888 562 923 praetor
578 883 709 913 Siciliae.
728 883 810 913 Phil.
832 884 900 912 xiii.

173 927 202 957 6.
236 926 429 966 Pompeium
449 926 510 956 Cn.
530 927 561 956 F.
579 927 746 963 hortatur,
764 931 801 956 ut
823 936 901 956 cum

171 969 238 1000 tuis
254 970 357 1009 copiis
375 970 416 999 ad
428 969 597 1000 Mutinam
611 974 675 999 eat.
693 972 756 1009 Ap.
769 970 900 1009 Joseph.

170 1013 211 1043 A.
236 1013 298 1043 xiV.
327 1017 375 1043 10.
403 1016 451 1044 15.
496 1012 609 1046 ὕπατος
633 1014 775 1043 dicitur.-
806 1011 901 1053 cajus

166 1057 218 1087 rei
235 1057 386 1095 nuspiam
402 1057 480 1087 alibi
495 1058 668 1095 vestigium
681 1069 690 1085 :
714 1066 771 1087 nec
783 1067 901 1087 verum

165 1105 258 1140 puto.

219 1144 252 1174 C.
270 1143 429 1181 Fannius,
445 1143 538 1174 Verr.
555 1144 576 1174 i.
593 1146 646 1179 49.
678 1153 778 1184 eques
803 1144 899 1175 Rom.

156 1185 253 1228 Jbrte
265 1188 360 1217 idem.

220 1231 252 1261 C.
270 1230 421 1261 manias
441 1231 585 1267 Clzaerca,
601 1231 642 1272 Q
659 1232 755 1263 Rosc.
772 1233 794 1262 i.
812 1233 900 1262 homo

175 1274 319 1311 (ἴητε-πε,
337 1279 374 1304 ul
402 1275 538 1305 Clzoereoe
559 1285 674 1306 nomen
689 1277 823 1306 indicat.
845 1275 902 1305 sed

169 1319 301 1348 civitate
322 1318 472 1355 donatus,
490 1322 550 1348 aul
575 1329 591 1348 e
616 1329 705 1350 servo
728 1320 900 1349 libertinus

157 1360 289 1401 factas,
307 1371 328 1390 a
345 1361 469 1391 Fannio
488 1362 639 1401 quodam.

212 1404 263 1435 M.
295 1404 453 1442 Famdzcs,
480 1405 576 1436 Brut.
607 1407 659 1438 26.
691 1406 813 1437 Orator
842 1406 900 1436 bo-

169 1457 244 1480 nus.

212 1492 262 1523 M.
279 1492 438 1529 Fannius,
455 1493 486 1522 S.
503 1492 599 1523 Rosc.
611 1496 640 1524 5.
658 1493 789 1523 Proelor
801 1494 839 1523 A.
859 1493 899 1524 U.

170 1532 332 1567 bchxm.
349 1539 379 1565 et
394 1536 556 1576 ‚Quaesitor
570 1537 604 1566 z'n
620 1547 719 1567 caasa
738 1537 854 1567 Roscii.

211 1579 261 1610 M.
291 1579 443 1616 Faucius,
463 1579 508 1609 M.
533 1579 566 1609 F.
592 1580 633 1609 ad
657 1581 732 1610 Div.
756 1581 826 1610 xiii.
849 1584 898 1611 ll.

170 1631 270 1662 eques
287 1622 385 1653 Rom.
400 1623 535 1652 decurio
550 1624 775 1664 Arpinatium.

212 1667 261 1697 M.
280 1666 453 1702 Favonius,
471 1666 541 1695 Att.
558 1668 592 1696 ii.
613 1670 640 1697 1.
673 1673 807 1697 accusat
829 1667 898 1698 Na-

167 1711 287 1746 sicam,
313 1707 374 1739 Cn.
402 1709 553 1749 Pompeii
579 1720 745 1741 socerum.
770 1711 898 1741 Moloni

169 1761 306 1792 operam
330 1752 433 1782 dedit.
451 1753 492 1782 ad
507 1754 583 1784 Div.
601 1755 668 1784 viii.
691 1760 723 1789 9.
754 1755 789 1784 in
813 1756 898 1795 peti-

168 1798 260 1827 tione
287 1800 442 1835 praeturae
468 1799 671 1836 prementur.
699 1798 770 1828 Att.
796 1801 817 1828 i.
847 1801 897 1829 14.

168 1850 246 1870 cum
274 1838 402 1869 Catone
430 1841 566 1870 comitia
592 1841 698 1871 Clodii
727 1842 766 1871 de
797 1843 897 1872 sacris

169 1885 216 1913 rei
241 1882 401 1913 dissolvit.
420 1883 461 1913 ad
484 1884 560 1914 Div.
577 1885 644 1914 viii.
666 1888 713 1914 11.
747 1885 898 1915 Ciceroni

167 1926 447 1966 supplicationem
480 1936 547 1956 non
579 1928 738 1958 decernit.
768 1929 839 1959 Mil.
867 1934 897 1963 9.

171 1971 219 2000 16.
253 1970 380 2009 Nempe
406 1971 484 2010 quia.
513 1971 589 2002 Calo
612 1982 675 2002 non
698 1973 897 2009 decernebat,

166 2023 261 2055 cnjus
276 2014 390 2043 sz‘mzlis
405 2018 488 2044 erat.
505 2015 543 2044 de
559 2013 629 2057 ejus
652 2020 751 2046 morte
768 2027 796 2046 o.
816 2016 898 2047 Sece-

165 2061 227 2086 ἰοη.
243 2057 332 2095 Aug.
353 2060 401 2088 13.
420 2057 562 2088 Faenius
579 2069 623 2088 an
641 2059 802 2089 Favonius
819 2061 898 2089 scri.-

166 2099 284 2130 bendus
306 2101 348 2129 sit
371 2111 400 2130 υ.
426 2101 559 2133 lisama.
584 2102 629 2132 ad
656 2101 718 2133 ίῖε.
737 2114 773 2144 p.
798 2106 850 2138 94.
868 2107 898 2133 et

170 2144 306 2174 Casmil).
323 2144 369 2174 ad
385 2144 476 2174 Suel.
493 2146 514 2174 l.
530 2156 556 2175 c.

210 2187 349 2223 Fausta,
366 2187 436 2217 Att.
453 2199 483 2217 v.
502 2191 531 2219 8.
562 2188 601 2219 Τ.
616 2189 751 2220 Milonis
769 2200 861 2220 uxor.

213 2230 366 2267 Faustus,
391 2230 472 2261 Sull.
500 2235 549 2266 19.
582 2238 633 2263 est
658 2234 696 2264 L.
725 2233 898 2263 Cornelius

168 2273 270 2304 Sulla.
303 2274 347 2304 Et
373 2275 442 2313 ejus
468 2274 555 2306 filius
583 2276 717 2307 Cluent.
744 2279 796 2308 34.
822 2277 899 2307 Vat.

174 2320 223 2347 13.
240 2316 309 2346 Att.
327 2318 368 2346 iv.
389 2320 438 2347 14.
470 2318 586 2355 Agrar.
604 2321 625 2350 i.
642 2323 672 2351 4.
703 2320 775 2350 Att.
800 2320 842 2350 ix.
871 2324 897 2351 l.

169 2360 208 2390 de
223 2360 335 2398 quibus
350 2361 420 2391 vide
437 2363 470 2391 in
488 2362 596 2393 Sulla..

214 2403 359 2441 Feralia,
372 2403 443 2434 Att.
456 2406 523 2435 viii.
539 2409 589 2437 14.
615 2407 720 2438 Sacra
727 2407 900 2448 placandis

170 2446 336 2483 Manibus,
353 2457 458 2478 mense
476 2449 568 2479 Febr.

214 2490 261 2520 M.
288 2491 449 2530 Feridias,
474 2493 516 2522 ad
542 2493 618 2523 Div.
645 2493 713 2523 viii.
738 2498 769 2528 9.
800 2504 900 2533 eques

173 2533 269 2564 Rom.

221 2577 253 2606 (l.
279 2577 508 2609 Fidiculanius
531 2579 681 2617 Falcula,
700 2580 823 2611 Caecin.
852 2584 900 2611 10.

174 2620 314 2650 Senator
331 2621 464 2651 Cluent.
481 2626 533 2656 37.
570 2624 677 2653 M'iror
697 2624 742 2655 Cc.
765 2625 900 2655 Corium

161 2662 335 2704 familiam
362 2663 615 2702 Fidiculanium,
637 2678 706 2707 quoe
728 2669 763 2698 in
787 2669 902 2707 lapidi-

174 2708 231 2736 bus
247 2707 408 2738 szianis
422 2711 576 2748 occurrit,
591 2713 677 2740 inter
691 2721 745 2742 eas
763 2711 900 2751 referre,

174 2750 213 2779 de
228 2751 342 2789 quibus
359 2752 562 2792 Autiqecariis
577 2754 720 2784 noudum
736 2760 812 2785 ante
831 2766 901 2786 con-

173 2794 303 2823 stiterit.

224 2836 255 2866 C.
280 2837 430 2874 Firmius,
447 2838 523 2868 Vat.
551 2843 599 2871 13.
624 2841 754 2872 videtur
775 2846 903 2873 senator

162 2878 285 2920 fuisse,
301 2884 362 2911 aut
376 2891 468 2922 eques
482 2888 577 2914 certe.

691 96 739 129 11⁶(
746 101 838 129 mix
869 101 899 128 1²1
907 102 1050 131 lsToRl
1059 104 1080 130 C
1087 102 1152 132 US.

996 192 1027 223 C.
1057 191 1208 223 Marcius
1237 192 1387 232 Figulus,
1405 187 1486 223 Nat.
1511 192 1553 224 D.
1581 192 1614 224 ii.
1641 193 1680 231 4.

949 236 983 265 P.
1002 236 1164 275 Scipionis
1181 235 1307 276 collega
1323 237 1356 266 in
1376 235 1560 266 Consulatu
1583 246 1603 267 a
1619 235 1674 267 Ti.

948 280 1097 308 Graccho
1115 281 1230 309 vitiose
1247 285 1391 315 creatus,
1405 279 1534 309 abdicat
1545 289 1579 310 se
1595 289 1673 310 con-

947 322 1068 352 sulatu.
1087 323 1161 352 Div.
1180 323 1213 352 ii.
1231 326 1282 354 35.
1300 324 1354 353 ΒΓ.
1372 325 1423 353 90.
1437 332 1513 352 cum
1531 322 1676 354 Lentulo

950 366 1072 394 Consul
1091 366 1165 395 fuit.
1183 366 1222 396 A.
1246 366 1284 397 U.
1310 374 1439 396 Dxcvn.

997 409 1028 438 C.
1060 409 1208 439 [Marcius
1237 410 1388 449 Figulus,
1419 409 1461 439 ad
1491 408 1561 438 Art.
1592 408 1613 437 i.
1644 409 1680 439 2.

951 452 1075 481 Consul
1092 463 1169 482 culn
1188 452 1224 482 L.
1242 457 1369 484 Qaesarc
1387 464 1418 483 a.
1435 459 1614 483 DCLxxxlx.
1634 451 1676 482 de

949 494 1029 533 Lug.
1046 496 1080 524 ii.
1097 497 1150 527 ⁶25.
1180 496 1370 537 sepulcrum
1392 496 1463 535 ejus
1480 495 1678 526 sumtuosis-

947 547 1083 567 sunnin.

992 580 1036 610 P.
1056 581 1214 620 Nigidius
1230 582 1379 621 ngzus.
1396 594 1426 613 v.
1443 585 1477 613 in
1494 581 1662 622 Nigidius.

997 625 1030 655 C.
1056 624 1189 654 Flavius
1212 626 1369 663 Fimbria,
1387 626 1483 656 Brut.
1502 628 1555 657 45.
1579 634 1678 655 accu-

948 673 1039 698 satus
1055 678 1073 697 a
1086 668 1132 697 M.
1147 668 1296 698 Gratidio
1307 669 1346 699 de
1359 669 1563 709 repetundis.
1580 668 1678 699 Font.

949 715 978 745 7.
992 712 1104 741 Scauri
1117 712 1349 742 testimonium
1363 713 1396 742 in
1410 722 1486 742 eum
1500 712 1548 742 nil
1559 712 1677 742 valuit.

949 756 1005 785 Or.
1024 756 1057 784 ii.
1075 757 1126 785 520.
1158 754 1264 794 qualis
1280 757 1402 786 Orator
1416 756 1528 786 fuerit.
1548 756 1603 786 ΒΓ.
1621 757 1675 786 34.

947 799 1053 828 bonus
1070 803 1187 828 auctor
1209 800 1244 828 in
1265 800 1403 836 Senatu,
1419 798 1602 829 tolerabilis
1618 807 1676 838 pa-

948 847 1078 879 tronus,
1098 852 1158 871 nec
1176 842 1266 872 rudis
1283 843 1316 872 in
1332 843 1409 880 jure
1429 841 1528 871 civili.
1561 841 1675 872 Plane.

949 887 1001 916 ⁶21.
1025 886 1058 914 in
1083 886 1245 924 petitione
1268 886 1474 916 Tribunatus
1497 885 1543 925 pl.
1566 884 1680 924 repul-

948 938 1019 958 sam
1035 928 1126 958 tulit.
1150 929 1260 959 Rabir.
1277 934 1307 964 7.
1326 939 1402 959 cum
1421 930 1458 959 C.
1476 928 1583 959 Mario
1600 928 1676 958 Cos.

948 971 1014 1001 suit
1037 982 1068 1001 a.
1096 980 1230 1002 Dchlx.
1257 974 1340 1003 adde
1365 973 1429 1003 Off.
1453 973 1500 1003 iii.
1531 975 1580 1007 19.
1610 971 1677 1002 vid.

947 1017 1076 1045 collecta
1097 1015 1236 1046 cmv-ado
1252 1017 1297 1047 ad
1311 1016 1411 1047 Brut.
1428 1019 1480 1047 34.

997 1058 1029 1088 C.
1062 1059 1195 1088 Flavias
1225 1059 1384 1097 Fimbria,
1414 1059 1510 1090 Brut.
1539 1059 1592 1090 66.
1627 1057 1678 1089 Μ.

949 1102 1057 1132 Crassi
1075 1102 1240 1132 inimicus.
1258 1103 1363 1142 qualis
1379 1108 1502 1133 orator.
1526 1103 1558 1133 S.
1576 1102 1673 1133 Rosc.

951 1147 1000 1176 12.
1019 1146 1118 1175 homo
1142 1147 1290 1184 insanus,
1306 1147 1346 1186 Ω.
1370 1146 1549 1177 Scaevolam
1574 1146 1609 1176 in
1623 1145 1677 1175 fu-

948 1199 1025 1219 nere
1053 1189 1152 1219 Marii
1178 1189 1343 1220 vulnerari
1366 1194 1472 1220 curat.
1496 1189 1572 1220 add.
1601 1189 1677 1221 Cor-

947 1233 1059 1263 radfll.
1077 1243 1104 1262 c.

992 1277 1034 1306 L.
1058 1276 1217 1314 Fimbria,
1233 1277 1326 1308 Verr.
1349 1287 1380 1307 v.
1403 1281 1456 1312 70.
1486 1276 1602 1307 multis
1624 1276 1678 1306 in-

947 1320 1096 1349 imicitiis
1113 1328 1147 1350 et
1164 1319 1330 1351 laboribus
1348 1321 1389 1351 ad
1403 1320 1545 1351 honores
1560 1329 1677 1360 perve-

946 1363 1008 1393 nit.
1035 1362 1101 1393 Sed
1113 1368 1158 1393 est
1172 1365 1290 1395 vitiam
1305 1366 1340 1394 in
1350 1365 1562 1403 proenomine,
1577 1364 1677 1393 corri-

943 1407 1151 1447 gendumque
1172 1406 1203 1438 C.
1220 1412 1257 1437 ul
1263 1405 1340 1448 jam
1355 1409 1479 1438 monuit
1490 1407 1676 1438 [Manutius.

946 1450 1010 1480 Est
1040 1452 1217 1481 consularis
1245 1453 1300 1482 ille
1333 1452 1491 1482 Fimbria.
1513 1449 1679 1492 jungitur

946 1495 1031 1524 enim
1046 1494 1155 1524 stIario
1167 1506 1175 1522 :
1192 1504 1249 1525 nec
1265 1497 1353 1525 ullus
1368 1495 1405 1525 L.
1423 1495 1568 1525 Fimbria
1581 1495 1677 1524 hono-

945 1542 1040 1568 ratus
1055 1539 1089 1567 in
1106 1539 1194 1568 libris
1209 1540 1353 1579 antiquis
1367 1539 1515 1569 occurrit.

989 1581 1151 1619 Firmani,
1167 1582 1299 1620 fratres,
1315 1583 1387 1613 Att.
1411 1583 1452 1613 iv.
1478 1586 1507 1613 8.
1538 1579 1613 1610 vide
1630 1579 1674 1610 L.

952 1625 1083 1655 Gavius.

990 1669 1181 1707 Firmidius,
1213 1670 1304 1699 Sext.
1343 1670 1395 1700 52.
1436 1667 1676 1699 Clodianarum

946 1722 1122 1753 operarum
1139 1713 1216 1743 dux.

994 1755 1026 1786 C.
1046 1756 1196 1793 Flaccus,
1214 1767 1229 1787 c
1247 1755 1397 1786 Valeriis.
1412 1756 1530 1796 Quint.
1553 1756 1584 1787 7.
1608 1753 1677 1785 Im-

946 1804 1079 1840 perator
1104 1806 1139 1830 et
1164 1801 1290 1830 Praetor
1315 1799 1430 1830 Galliae
1460 1799 1614 1838 Scipione
1640 1803 1677 1829 et

946 1844 1103 1874 Norbano
1121 1844 1211 1873 Coss.
1228 1845 1259 1873 Ιι.
1276 1853 1303 1873 e.
1319 1853 1351 1873 α.
1375 1843 1414 1874 U.
1433 1849 1560 1872 ncrxx.

995 1887 1026 1917 C.
1044 1887 1193 1924 Flaccus,
1210 1887 1249 1917 L.
1268 1886 1314 1916 fil.
1329 1887 1371 1916 ad
1387 1887 1462 1917 Div.
1480 1886 1527 1916 iii.
1544 1888 1575 1916 4.
1597 1884 1676 1925 suit

944 1931 983 1960 de
1005 1932 1129 1960 cohorte
1152 1931 1249 1970 Appii
1271 1931 1306 1959 in
1334 1930 1462 1967 Cilicia,
1478 1933 1564 1960 certe
1586 1927 1675 1959 stim·

946 1984 1019 2004 mas
1034 1971 1106 2013 ejus
1121 1976 1247 2004 amicus
1269 1973 1511 2014 etfamiliaris.
1557 1973 1677 2012 Itaque

944 2027 992 2057 ep.
1014 2021 1066 2047 ll.
1086 2018 1208 2048 dicitur
1227 2027 1369 2054 curasse,
1387 2021 1424 2047 ut
1440 2021 1534 2047 testes
1556 2025 1676 2047 merce-

944 2062 1033 2091 nari-i
1047 2062 1082 2091 in
1098 2062 1240 2102 Appium
1257 2071 1278 2090 a
1300 2062 1367 2091 suis
1383 2061 1569 2091 civitatibus
1583 2063 1676 2090 nota-

945 2108 1077 2135 rentur.

995 2148 1027 2178 C.
1051 2153 1083 2177 ct
1104 2147 1154 2177 M.
1179 2147 1318 2178 Flaccus·
1338 2147 1470 2185 Aviani,
1483 2146 1617 2184 fratres,
1634 2145 1677 2176 ad

946 2192 1021 2222 Div.
1041 2192 1109 2221 xiii.
1126 2193 1178 2221 32.
1196 2195 1248 2225 79.

991 2235 1032 2265 L.
1067 2234 1212 2271 Flaccus,
1230 2245 1247 2264 e
1279 2234 1430 2265 Valeriis.
1457 2232 1542 2263 Phil.
1570 2233 1614 2263 xi.
1643 2236 1674 2265 8.

947 2278 1073 2308 Consul
1093 2277 1252 2318 (Dcxxn.)
1273 2288 1348 2308 cum
1368 2277 1402 2307 P.
1419 2277 1549 2308 Licinio
1564 2276 1674 2307 Muci-

945 2332 1018 2358 ano,
1038 2321 1173 2351 Flamen
1200 2321 1374 2351 Martialis.
1405 2321 1518 2361 Itaque
1542 2321 1577 2351 in
1603 2317 1675 2361 qjus

945 2366 1054 2395 unmis
1070 2365 1167 2395 lllars
1182 2369 1213 2394 ct
1226 2374 1311 2403 apex
1326 2369 1520 2394 cernuntur.
1557 2364 1597 2394 Ei
1617 2364 1677 2394 Li-

946 2409 1054 2438 cinius
1079 2408 1221 2438 multam
1244 2407 1341 2445 dixit,
1358 2408 1384 2438 si
1407 2418 1427 2437 a
1448 2407 1548 2437 sacris
1572 2408 1677 2438 disce-

947 2452 1039 2482 deret
1056 2452 1098 2481 ad
1113 2451 1237 2481 bellum
1254 2461 1330 2481 cum
1348 2451 1536 2481 Aristonico
1551 2451 1585 2481 in
1598 2451 1676 2481 Asia

946 2496 1140 2534 gerendum.
1178 2494 1323 2534 Populus
1352 2494 1495 2525 multam
1525 2494 1675 2531 remisit3

946 2539 1003 2568 sed
1017 2539 1171 2569 Pontifici
1179 2538 1308 2568 Licinio
1317 2548 1431 2578 parere
1434 2538 1547 2577 jussit.
1560 2538 1676 2568 Etiam

947 2583 1022 2612 Div.
1039 2583 1059 2612 i.
1078 2583 1129 2612 46.
1161 2586 1432 2612 commemoratur
1447 2582 1569 2611 flamen
1585 2581 1677 2611 Mar-

946 2625 1036 2656 tialis
1056 2625 1090 2655 L.
1109 2625 1255 2654 Flaccus.
1271 2626 1328 2654 sed
1349 2626 1375 2654 is
1391 2635 1411 2654 a
1428 2626 1552 2663 collega
1565 2623 1676 2654 Muci·

947 2671 1003 2699 mei
1020 2670 1167 2699 diversus
1179 2670 1221 2698 sit
1236 2677 1358 2698 necesse
1372 2672 1431 2705 est,
1443 2668 1528 2707 quod
1541 2677 1582 2698 ex
1596 2678 1629 2697 eo
1643 2677 1677 2698 se

947 2713 1077 2743 audisse
1099 2713 1177 2742 dicit
1199 2711 1346 2752 Quintus
1355 2710 1486 2750 frater,
1501 2720 1574 2751 quoe
1592 2721 1675 2741 com-

949 2759 1115 2786 memorat.
1139 2755 1193 2786 De
1215 2756 1271 2784 Ιιοι·
1293 2755 1407 2785 Flacco
1428 2756 1548 2794 accipio
1571 2756 1677 2785 locum

948 2800 983 2829 in
1016 2798 1127 2829 Caecil.
1161 2802 1208 2832 19.
1247 2799 1302 2828 αἰγὶ
1337 2799 1493 2837 quaestori
1524 2798 1595 2836 ejus
1627 2797 1675 2828 M.

949 2844 1073 2872 Scauro
1088 2842 1256 2872 accusatio
1279 2842 1349 2880 eJus
1368 2851 1432 2871 non
1446 2851 1590 2872 concessa
1605 2850 1677 2873 esse

948 2886 1081 2918 dicitur.
1107 2885 1162 2917 Ad
1182 2895 1256 2916 eam
1279 2886 1383 2916 locum
1406 2885 1456 2916 nil
1473 2886 1678 2927 inter-preme,
