1804 3178
593 85 738 115 mmm
769 84 1022 118 Lxrllssx‘m'ri
1029 91 1065 118 S.

74 178 202 208 numm
237 173 302 214 his,
339 184 415 216 qun
450 174 599 206 numeris
644 173 803 204 adstricta

73 223 167 257 nunt,
191 229 258 250 non
283 228 471 256 numerosa,
488 218 568 248 alias
590 216 711 248 solutu.
748 217 801 247 Sic

73 262 131 294 01·-
149 266 202 296 70.
223 261 376 304 diffluens
390 265 425 292 et
438 261 599 292 solutum.

119 304 297 347 Diffimdo.
320 306 395 337 Div.
419 305 440 335 i.
463 306 516 336 36.
549 304 594 335 dii
618 304 684 334 vim
707 313 801 334 suain

75 346 176 390 longe
214 349 346 390 lateque
381 345 587 388 diffundunt.
625 347 706 378 Lael.
754 351 801 378 13.

76 393 180 424 virtus
203 403 243 424 ex
266 393 359 423 bonis
393 392 492 422 amici
526 392 618 431 qumi
643 389 804 431 diffundi·

75 441 146 475 tur,
169 442 204 468 et
225 435 442 467 incommodis
466 434 691 466 contrahitur:
718 435 751 465 h.
774 446 804 465 e.

74 479 230 511 letitiam
245 479 397 520 percipit.

119 521 286 564 Diffusus.
308 520 470 563 diff'usum
484 521 618 559 dicitur,
636 520 721 562 quod
740 531 805 552 non

79 571 132 598 est
154 566 195 597 ad
216 566 358 597 formam
383 567 462 597 artis
497 566 679 600 redactum.
703 566 759 595 Or.
785 566 806 596 i.

74 611 129 641 42.
153 609 225 640 haec
248 609 364 650 ignota
386 609 553 649 quondam
585 610 738 639 omnibus
774 614 807 639 ct

74 652 143 684 late
164 650 288 694 diffusa
305 653 512 683 videbantur.
535 653 686 684 adhibita
704 653 807 692 igitur

76 700 130 727 est
151 706 203 728 ars
226 697 378 737 quaedam
412 696 471 727 &tu
508 697 587 726 ibid.
611 697 645 726 ii.
669 699 721 726 32³.
750 697 806 733 jus

76 739 187 779 civile,
211 740 299 780 quod
323 750 412 770 nunc
434 738 591 780 diffusum
616 744 649 769 et
672 739 808 779 dissipa-

80 788 157 814 tum
180 790 244 822 est,
269 785 302 814 in
326 790 419 814 certa
448 793 570 823 genera
595 790 806 819 coscturum,

78 830 114 857 et
135 826 178 858 ad
201 833 307 858 artem
331 827 426 857 facile
451 827 675 857 redacturum.
699 825 717 844 ¹³
733 826 809 856 Par-

77 870 133 901 tit.
151 873 203 902 30.
227 871 335 911 prima
357 870 617 901 adversariorum
636 870 808 900 contentio

77 911 239 955 ciffus-am
276 914 496 954 quaestionem
545 913 658 950 habet,
697 919 735 943 ut
774 914 807 942 in

78 958 292 997 conjectura:
317 957 484 998 ceperitne
509 958 686 997 pecuniam
709 957 809 986 Deci-

80 1000 236 1032 us-haec
260 1000 329 1031 lata
349 1004 390 1031 ut
412 1000 478 1031 dixi
495 1007 531 1031 et
556 1000 695 1030 confusa
717 1005 808 1029 sunt.

79 1044 249 1075 rationum
273 1048 308 1074 et
330 1044 619 1074 firmamentorum
638 1044 810 1073 eontentio

81 1087 219 1119 adducit
262 1087 297 1118 in
330 1093 512 1128 angustum
549 1087 809 1128 disputationem

83 1131 144 1162 ἃς.

125 1174 324 1215 Digamma.
347 1174 416 1205 Att.
442 1175 485 1206 ix.
508 1178 539 1209 9.
561 1179 658 1205 tuum
682 1174 813 1213 ‹ligam-

83 1228 139 1250 ma
160 1219 319 1250 videram.
342 1219 513 1257 dig-amma
546 1222 596 1248 est
619 1218 748 1258 proprie
773 1217 813 1247 li-

83 1266 158 1293 tera
181 1262 216 1293 F.
240 1272 280 1293 ea
310 1270 423 1293 autem
457 1262 536 1302 quia
566 1267 617 1292 est
641 1262 749 1302 prima
777 1261 811 1291 in

84 1305 229 1337 Foenoris
252 1306 363 1343 verbo,
380 1312 556 1346 propterea
578 1305 695 1335 ludens
720 1304 814 1335 Cice-

83 1359 120 1380 ro
141 1350 313 1390 digamma
335 1349 375 1380 de
408 1348 533 1380 foenore
562 1348 684 1379 dixisse
715 1352 814 1389 puta-

83 1397 152 1425 tur.
186 1393 275 1433 quod
307 1392 390 1424 mihi
427 1393 526 1423 verbo
558 1392 706 1423 videram
744 1401 812 1422 non

85 1437 262 1468 convenire
285 1435 426 1467 videtur.
448 1436 583 1475 quidam
606 1442 720 1466 autem
744 1445 815 1466 ma-

85 1479 161 1511 lunt
184 1480 349 1520 corrigere
371 1479 590 1519 diagramma,
621 1485 656 1510 et
689 1478 815 1510 intelli-

85 1527 173 1564 gunt
193 1523 324 1555 tabulas
347 1528 561 1564 acceptorum
584 1527 619 1554 et
651 1532 812 1564 expenso-

85 1576 174 1598 rum.

129 1609 304 1650 Digeren,
334 1611 371 1642 in
403 1615 515 1651 partes
546 1613 656 1641 totum
690 1615 750 1640 aut
780 1609 815 1639 in

85 1653 338 1697 formasgenus
370 1654 578 1685 distribuere.
613 1653 671 1684 Or.
695 1653 730 1684 ii.
766 1655 815 1687 19.

86 1702 128 1730 ut
157 1707 212 1729 eas
243 1699 327 1729 item
356 1703 512 1737 quatuor,
536 1698 695 1737 quinque,
718 1706 815 1727 sexve

87 1741 142 1773 vel
163 1743 268 1773 etiam
290 1746 418 1781 septem
445 1742 616 1783 (quoniam
647 1739 746 1770 aliter
775 1740 816 1770 ab

86 1785 162 1817 aliis
183 1783 397 1826 digeruntur)
417 1786 450 1815 in
468 1795 549 1825 quas
571 1789 622 1814 est
644 1784 752 1814 omnis
776 1783 816 1814 ab

88 1828 141 1860 his
162 1830 270 1860 oratio
291 1829 479 1860 distributa.
509 1828 529 1847 ¹*
544 1828 709 1869 ordinare,
738 1837 818 1857 con-

89 1873 243 1904 nituere.
293 1872 403 1904 Rabir.
437 1872 526 1902 Post.
561 1875 593 1905 9.
640 1871 818 1911 digesserat

89 1917 218 1957 optime
234 1926 340 1958 remp.
368 1915 474 1947 Graev.
490 1920 606 1947 tamen
621 1914 722 1956 legit:
746 1924 818 1955 ges-

92 1964 193 1991 uerat.

134 2003 294 2043 Digeseio.
317 2002 374 2034 Or.
398 2003 445 2033 iii.
469 2005 521 2034 53.
544 2003 579 2033 in
603 2002 718 2042 figuris
741 2001 816 2032 rhe-

91 2047 204 2078 toricis
221 2050 516 2083 commemoratur,
539 2050 574 2076 et
596 2050 646 2076 est
671 2044 817 2088 μερισμός.

94 2090 179 2122 Phil.
202 2100 234 2121 v.
257 2094 287 2126 7.
311 2091 380 2131 ipse
403 2090 532 2120 interea
554 2094 683 2129 septem
707 2095 742 2120 et
764 2089 820 2119 de-

92 2144 167 2166 cem
204 2133 286 2171 dies,
326 2134 380 2176 (ut
407 2134 539 2173 digestio
574 2133 683 2172 potius
719 2141 820 2171 quam

93 2177 292 2209 declamatio
306 2175 486 2215 videretur)
507 2176 546 2206 de
568 2185 621 2206 me
642 2177 676 2206 in
699 2176 820 2207 Tibur-

91 2221 168 2253 tino
193 2221 357 2262 Scipionis
375 2220 586 2258 declamavit,
615 2220 706 2250 sitim
731 2229 821 2258 quae-

94 2274 181 2297 rens.
226 2265 261 2296 Si
276 2264 348 2295 haec
364 2263 570 2305 parenthesis
591 2266 679 2293 esset
692 2272 712 2293 a
729 2263 821 2293 Cice-

94 2318 188 2347 rone,
203 2309 337 2348 digestio
349 2312 435 2339 esset
451 2307 634 2344 concoctio,
650 2315 749 2346 quam
765 2305 821 2336 de-

95 2352 254 2385 clamatio
269 2352 399 2390 afferre,
415 2357 450 2381 et
465 2350 664 2381 cruditatem
692 2349 821 2379 minue-

95 2406 130 2428 re
145 2396 340 2437 putabatur.
391 2395 455 2425 Sed
472 2400 560 2425 recte
586 2398 637 2424 est
652 2403 672 2423 a
693 2392 822 2423 Graevio

94 2439 294 2472 auctoritate
310 2439 576 2470 doctissimorum
593 2436 768 2468 hominum
788 2446 823 2466 e-

94 2483 192 2514 ‘ecta.

87 2493 105 2524 ι
139 2525 405 2566 Digitioe.Ve1-r.
436 2525 482 2556 iii.
510 2527 560 2556 ll.
592 2523 693 2563 digito
721 2522 824 2555 liceri.

95 2569 190 2602 Verr.
205 2571 227 2601 i.
245 2572 298 2601 54.
319 2570 409 2601 tollit
423 2569 565 2608 digitum
579 2578 589 2595 .·
612 2567 632 2598 i.
647 2577 675 2597 e.
692 2566 823 2597 licetur.

96 2613 166 2647 Att.
183 2614 239 2644 vii.
265 2616 297 2645 3.
319 2614 462 2655 digitum
487 2621 666 2650 nusquam,
690 2620 736 2640 sc.
759 2610 824 2639 dis-

96 2656 227 2688 cedere.
243 2655 366 2690 Caeein.
389 2660 442 2690 25.
465 2665 532 2696 qua
551 2655 691 2693 digitum
718 2653 825 2694 prosc-

97 2703 161 2738 rat,
178 2709 246 2731 non
267 2700 384 2732 habet:
421 2701 454 2732 h.
470 2710 499 2730 e.
516 2697 600 2729 nihil
615 2706 726 2736 agere,
743 2695 827 2727 nihil

97 2742 208 2775 moliri
222 2747 343 2783 potest.

139 2786 314 2826 Dignitas,
337 2786 518 2818 definiente
551 2786 622 2825 ipso
653 2783 827 2819 Cicerone,

99 2829 231 2861 Invent.
246 2830 280 2861 ii.
299 2833 351 2862 55.
373 2834 425 2860 est
446 2829 586 2868 alicujus
612 2828 751 2858 honesta
770 2835 828 2856 au-

98 2873 248 2914 ctoritas,
264 2883 338 2914 quae
354 2873 463 2913 cultu,
479 2873 603 2904 honore
619 2876 654 2902 et
669 2879 829 2902 verecun-

1481 85 1560 133 ”l

844 175 900 204 dia
924 175 1026 216 digna
1047 183 1110 209 est.
1132 179 1195 210 Sed
1224 178 1296 211 hec
1321 181 1468 213 delinitio
1497 193 1562 216 non

843 219 997 249 omnibu-1
1027 220 1106 250 locis
1136 225 1299 254 convenit.
1330 225 1369 254 Et
1408 228 1562 264 quonium

843 271 930 301 δεῖρε
954 263 986 292 in
1012 262 1073 293 hoc
1097 264 1198 295 vcrbo'
1212 268 1460 306 interpretando
1485 271 1564 299 tiro-

845 305 941 335 nibus
958 316 1042 345 nqun
1059 306 1174 343 lucret,
1191 309 1269 339 alias
1285 311 1472 347 alfei-vinus,
1487 322 1567 350 qua·

845 358 918 379 rum
936 359 997 389 ope
1015 349 1110 379 facile
1135 352 1254 390 ubique
1282 353 1377 390 liujus
1406 355 1491 383 verbi
1522 356 1567 385 vis

846 391 988 431 intelligi
1014 400 1047 422 et
1074 395 1144 423 crui
1168 396 1279 434 possit.
1309 399 1332 425 1.
1357 398 1497 432 dagano.-
1518 404 1568 429 cst

846 435 1003 472 conditio,
1020 446 1084 476 qna
1099 437 1171 475 quis
1189 438 1306 473 dignus
1330 449 1378 468 Νι
1397 440 1503 478 aliqua
1520 451 1567 479 re,

845 485 1017 518 tamquam
1036 481 1246 518 magistratu,
1263 481 1397 517 honore,
1412 492 1568 514 ver-›cun-

847 522 902 552 dia
931 526 991 553 etc.
1019 524 1198 554 beneficio:
1225 535 1296 563 quae
1321 526 1470 556 delinitio
1496 527 1563 556 {erc

848 567 1002 596 convenit
1029 577 1104 596 cum
1131 568 1357 598 Ciceroniana.
1382 568 1511 598 Mun-en.
1539 574 1569 600 8.

849 619 915 639 non
932 610 1074 640 eundi-ni
1092 610 1242 640 ordinem
1258 622 1327 640 esse
1343 612 1512 647 diguitatis
1536 619 1570 644 et

849 654 1121 683 renunciationis.
1153 655 1230 684 ibid.
1256 660 1285 687 μ.
1309 655 1470 692 dignitate
1495 665 1572 685 von-

849 696 986 726 tendere
1001 709 1010 734 ;
1038 697 1069 726 h.
1086 708 1114 727 e.
1129 698 1201 736 quis
1217 697 1321 727 altero
1338 699 1381 727 sit
1398 698 1573 728 consulatu

851 739 989 778 dignior.
1018 739 1094 770 ibid.
1112 744 1159 770 11.
1183 751 1312 770 summa
1328 742 1472 779 dignitas
1487 746 1575 773 esset

851 783 884 812 in
912 783 950 812 iis
978 786 1037 813 ἀρ.
1061 784 1244 821 dig-nissimi
1273 790 1351 814 sunt
1383 785 1571 817 consulatu.

851 826 927 856 ibid.
943 830 991 857 13.
1006 828 1148 865 dignitus
1159 828 1338 857 consularis
1348 829 1380 857 in
1395 829 1458 858 ista
1469 829 1576 859 scien-

850 870 899 899 tia
915 879 979 899 non
997 871 1059 900 fuit
1075 883 1081 899 :
1106 870 1139 900 h.
1155 882 1184 901 e.
1201 881 1299 901 nemo
1323 877 1457 911 propter
1480 871 1572 902 illam

850 913 953 942 scient
960 914 1024 943 ium
1035 915 1111 952 dign
1117 925 1153 944 us
1161 914 1506 953 consulatujudicatus
1515 919 1577 946 est.

851 956 891 985 ad
908 957 984 986 Div.
1000 958 1042 986 xi.
1064 962 1111 991 17.
1134 958 1251 988 Lamia
1271 959 1353 997 petit
1370 966 1549 997 praeturam
1564 971 1572 989 τ

851 1009 965 1029 omnes
990 1001 1197 1040 intelligunt,
1227 1011 1288 1031 nec
1315 1002 1509 1039 dignitatem
1543 1002 1577 1032 ei

852 1042 977 1080 deesse,
1001 1053 1062 1074 nec
1087 1045 1240 1083 gratiani.
1276 1044 1369 1074 Verr.
1393 1045 1427 1075 ii.
1455 1046 1507 1079 69.
1531 1054 1575 1076 an

852 1096 992 1124 qnorum
1027 1088 1227 1117 auctoritate
1261 1091 1386 1117 statuas
1417 1092 1492 1118 tuas
1521 1098 1577 1118 co-

852 1129 1027 1160 honestare
1059 1134 1196 1160 conatus
1219 1140 1266 1168 es,
1289 1141 1404 1162 eorum
1434 1141 1495 1170 ego
1527 1132 1578 1162 dv·-

850 1175 975 1212 gm'taii
992 1175 1238 1203 accusationem
1262 1184 1369 1204 meam
1386 1175 1578 1215 comproba-

854 1227 887 1247 re
904 1226 969 1246 non
986 1221 1097 1256 potero
1111 1218 1123 1247 ?
1149 1217 1181 1247 h.
1196 1227 1225 1247 e.
1249 1218 1282 1247 Si
1304 1223 1430 1248 statuas
1444 1225 1518 1248 tuas
1534 1218 1579 1248 ti-

856 1260 887 1290 bi
912 1260 1109 1290 honorificas
1143 1261 1280 1301 potuisti
1311 1262 1452 1299 efficere,
1491 1260 1580 1300 qnod

855 1303 982 1334 Siculos
1017 1310 1168 1334 auctores
1203 1314 1316 1334 earum
1349 1304 1577 1344 ponendarum

855 1347 966 1378 dixisti
980 1348 1096 1385 fuisse,
1111 1358 1172 1387 ego
1188 1349 1289 1377 etiam
1302 1348 1384 1378 mihi
1400 1348 1579 1378 honestum

854 1401 924 1421 esse
947 1391 1103 1430 probabo,
1125 1398 1160 1422 te
1194 1400 1362 1429 accusare,
1393 1391 1421 1422 si
1454 1391 1580 1428 dixero,

855 1434 981 1464 Siculos
1005 1444 1076 1464 esse
1099 1434 1229 1474 dig-nos,
1252 1435 1371 1474 quibus
1395 1434 1458 1465 hoc
1480 1434 1578 1465 officii

853 1478 1021 1508 tribuatur
1043 1488 1063 1508 a
1085 1488 1149 1508 me.
1185 1477 1262 1508 Jam
1285 1478 1441 1517 quoniam
1465 1478 1500 1515 ii,
1524 1479 1581 1517 qui

857 1521 947 1561 digni
970 1525 1062 1558 sunt,
1087 1522 1206 1561 quibus
1236 1521 1426 1560 hujusmodi
1450 1530 1500 1551 res
1523 1521 1583 1551 tri-

841 1565 1015 1602 -buantur,
1031 1566 1064 1595 in
1080 1565 1222 1604 quadam
1232 1563 1583 1605 amplitu‹line,splen-

857 1608 934 1639 dore
950 1613 983 1639 et
999 1609 1199 1639 auctoritate
1219 1612 1311 1645 sunt,
1336 1613 1510 1648 propterea
1532 1607 1583 1637 di-

854 1654 967 1691 gnitas
998 1652 1100 1682 etiam
1136 1651 1259 1681 dicitur
1294 1661 1353 1691 pro
1395 1650 1582 1691 splendore,

858 1695 1090 1736 amplitudine,
1121 1695 1331 1732 auctoritate,
1354 1703 1427 1734 quae
1449 1705 1489 1724 ex
1513 1703 1584 1724 ma-

857 1739 1051 1778 gistratibus
1079 1739 1240 1778 rebusque
1266 1737 1405 1777 publicis
1429 1737 1511 1767 bene
1527 1747 1585 1777 ge—

857 1783 930 1820 stis,
953 1780 1124 1822 sapientiae
1146 1781 1302 1822 opinione
1319 1781 1380 1811 διο.
1406 1780 1585 1821 proficisci-

857 1831 923 1857 tur.
946 1826 1010 1857 Off.
1027 1827 1048 1856 i.
1065 1828 1118 1860 39.
1141 1824 1290 1855 ornanda
1311 1824 1453 1864 dignitas
1475 1824 1586 1854 domo.

858 1870 951 1900 Verr.
975 1870 1009 1899 ii.
1032 1871 1084 1903 99.
1108 1869 1278 1899 nitebatur
1298 1867 1484 1907 frequentia
1506 1876 1586 1897 con-

859 1913 923 1944 silii
947 1918 982 1943 et
1013 1913 1185 1951 dignitate,
1208 1921 1268 1952 pro
1300 1921 1365 1951 quo
1399 1910 1469 1941 aliis
1502 1909 1592 1946 locis,

859 1956 1017 1997 splendor
1050 1956 1184 1985 dicitur.
1220 1963 1334 1985 sensus
1371 1959 1485 1984 autem
1529 1952 1584 1983 hic

860 2004 930 2031 est:
955 2000 1017 2030 hoc
1034 1999 1244 2039 potissimum
1267 1997 1451 2028 confidebat
1476 2004 1585 2026 causae

861 2053 941 2081 suae,
966 2042 1054 2083 quod
1069 2042 1201 2081 judices
1234 2046 1346 2071 essent
1377 2049 1443 2070 non
1476 2038 1587 2070 solum

862 2087 974 2125 multi,
996 2086 1052 2125 qui
1084 2094 1151 2115 non
1181 2084 1278 2115 facile
1307 2093 1423 2114 omncs
1452 2087 1587 2123 possent

864 2130 1043 2169 corrumpi,
1066 2128 1124 2159 sed
1145 2129 1245 2158 etiam
1280 2127 1472 2167 prudentes,
1498 2126 1587 2164 justi

862 2179 897 2206 et
929 2174 991 2204 hac
1025 2172 1122 2202 laude
1161 2172 1319 2211 insignes,
1358 2174 1458 2209 atque
1493 2169 1589 2208 digni

863 2218 957 2254 adeo,
981 2217 1036 2256 qui
1053 2215 1246 2255 judicarent
1275 2223 1400 2244 causas.
1429 2212 1483 2242 hic
1512 2221 1588 2243 sen-

863 2271 919 2292 sus
941 2265 993 2291 est
1022 2259 1166 2289 maxime
1196 2257 1322 2288 obvius.
1341 2260 1392 2286 est
1421 2255 1502 2286 adeo
1522 2254 1589 2296 :ubi

863 2315 923 2345 pro
946 2303 1143 2342 magistratu
1166 2301 1289 2331 dicitur
1318 2300 1360 2330 ad
1392 2300 1468 2330 Div.
1496 2299 1531 2329 ii.
1553 2303 1587 2334 9.

865 2349 960 2379 laetor
981 2352 1056 2376 tum
1079 2345 1233 2384 praesenti
1255 2348 1330 2374 tum
1353 2343 1455 2373 etiam
1477 2351 1590 2382 spera-

864 2399 901 2423 ta
922 2395 984 2422 tua
1004 2389 1172 2428 dc'gnitate.
1189 2387 1246 2417 nbi
1262 2397 1292 2417 v.
1306 2386 1438 2416 Manut.
1468 2387 1500 2417 2.
1515 2386 1590 2424 dig·

864 2437 951 2466 nicus
971 2433 1094 2464 dicitur
1115 2431 1155 2461 dc
1177 2430 1218 2460 iis
1240 2431 1350 2467 rebus,
1372 2438 1446 2469 quie
1479 2427 1595 2468 aliqud

865 2479 972 2518 dignoe
993 2480 1085 2511 sunt,
1100 2474 1135 2505 h.
1157 2484 1187 2504 e.
1217 2483 1295 2504 eum
1327 2472 1462 2510 decent,
1493 2472 1596 2511 eique

867 2520 1084 2556 conveniunt,
1106 2518 1135 2548 ei
1159 2517 1301 2555 denique
1324 2516 1500 2547 debentur.
1522 2515 1590 2546 Off.

867 2566 887 2596 i.
912 2568 964 2598 39.
995 2562 1094 2602 plena
1123 2561 1292 2600 dignitatis
1321 2559 1459 2590 domus:
1499 2558 1532 2589 h.
1562 2568 1593 2589 e.

866 2609 969 2647 digna
985 2604 1112 2636 domini
1134 2613 1285 2644 persona.
1309 2602 1496 2641 ibidemque
1518 2611 1592 2642 spe-

868 2653 934 2682 cies
950 2653 984 2680 et
997 2649 1141 2688 dignitas
1151 2648 1356 2685 junguntur.
1369 2646 1410 2686 Ω.
1424 2645 1504 2676 Fini.
1516 2647 1547 2676 2.
1561 2654 1591 2676 c.

873 2698 899 2725 1.
921 2693 1046 2734 species
1069 2691 1141 2732 ipsa
1160 2694 1230 2721 tam
1246 2689 1381 2729 gratiosi
1403 2688 1513 2719 liberti
1536 2692 1597 2718 aut

869 2737 952 2768 servi
974 2736 1169 2774 dignitatem
1184 2733 1304 2764 habere
1327 2731 1455 2763 nullam
1474 2734 1594 2771 potest.

868 2782 968 2814 Tusc.
981 2789 1011 2810 v.
1024 2781 1073 2809 10.
1090 2777 1249 2817 dignitate
1258 2776 1434 2807 sententioe
1446 2775 1576 2814 capitur
1585 2786 1600 2803 :-

871 2825 904 2857 h.
920 2834 950 2855 e.
977 2822 1055 2862 quia
1084 2820 1226 2851 honesta
1246 2822 1309 2857 est,
1332 2819 1436 2858 digna
1460 2818 1593 2848 homine

871 2869 1021 2901 honesto.
1044 2865 1101 2898 Οε.
1117 2864 1151 2898 ii.
1169 2866 1222 2897 85.
1244 2863 1388 2897 retinere
1402 2861 1594 2903 di'gnieaeem
