1804 3178
701 105 848 135 mnnx
880 107 1157 139 Euromens-

225 192 398 231 choretim,
426 193 594 231 (haedus,
617 193 694 225 Div.
718 195 739 225 i.
764 197 795 226 9.
833 196 905 234 eius

175 236 361 268 octaviano
377 238 464 268 beno
479 237 692 269 furibundam
718 238 906 277 praedictio-

175 289 254 311 nem
270 281 468 312 audiendam
486 283 617 322 putavit
631 288 777 312 senatus.

224 324 396 362 (orne-cius,
412 325 480 355 Att.
499 326 520 355 i.
542 327 589 356 19.

219 368 260 398 A.
282 369 453 405 Cornelius,
467 369 543 399 Div.
559 369 580 398 i.
598 370 650 399 24.
683 368 809 399 Consul
825 379 902 400 cum

173 409 223 442 Μ.
235 411 368 442 Valerio
379 412 413 442 in
426 411 512 442 bello
524 412 720 449 Samnitico,
733 423 764 442 ιι.
779 421 902 443 ccccx.

223 455 256 486 C.
291 455 464 492 Cornelius,
498 456 682 494 (Cethegus)
723 457 817 487 Brut.
854 460 901 488 18.

173 497 298 528 Consu!
314 509 391 529 cnm
405 499 446 539 Ω.
465 499 615 530 Minucio
630 511 660 530 α.
686 500 725 531 U.
745 509 835 530 uui.

221 540 254 572 C.
275 542 446 578 Gnvoelim,
466 544 533 583 (qui
553 554 573 573 α
595 543 738 574 Cicerone
756 543 902 582 defensus

170 589 218 615 est
240 585 280 615 de
304 585 362 624 vi.)
391 585 488 617 Brut.
514 591 566 621 78.
607 597 625 617 a
652 588 684 618 P.
712 588 901 618 Connninio

171 627 344 668 Spoletino
359 629 399 659 dc
416 632 590 669 majestate
599 639 785 661 accusatur.
800 632 899 662 Corn.

170 672 192 702 i.
210 681 285 702 reus
302 673 498 712 majestatis.
524 674 635 705 Vatin.
653 678 684 706 9.
709 674 901 706 defenditur

170 715 362 747 tribunatus
377 719 460 755 eins.

218 759 252 790 C.
275 760 447 798 (bv-nelias,
463 761 545 792 Suu.
570 763 601 794 2.
623 762 654 791 6,
685 771 785 800 eques
801 761 897 793 Rom.

170 801 325 834 Catilinae
357 806 477 842 socius,
500 806 556 844 qui
586 814 663 835 cum
693 804 899 843 vargunteio

170 846 366 877 Ciceronem
386 849 418 878 in
436 848 560 878 lectulo
575 848 763 878 interficere
780 848 896 880 voluit.

218 890 252 920 C.
275 890 449 928 Cornelius,
467 891 550 922 Suu.
576 894 624 922 18.
659 891 744 921 filius
764 891 800 922 C.
819 893 898 923 Cor-

170 933 251 965 nelii
267 933 348 976 ejus,
365 937 419 975 qui
435 937 519 966 inter
539 935 828 975 Catilinariossuit.

216 977 272 1008 Oa.
290 979 461 1015 chmelius,
475 979 552 1015 Aer.
568 980 601 1009 ii.
618 983 667 1010 14.
689 984 733 1009 est
755 979 810 1011 Ca.
828 980 896 1011 Do-

166 1021 295 1058 labella,
311 1023 366 1062 qui
389 1022 514 1052 Consul
538 1033 613 1053 cum
635 1023 682 1053 M.
698 1023 810 1054 Tullio
828 1023 897 1056 De-

164 1064 336 1105 culasum
353 1076 385 1096 α.
408 1065 448 1097 U.
466 1075 619 1097 netum.
635 1077 694 1107 pro
711 1066 810 1098 Corn.
830 1069 850 1098 i.

168 1131 170 1133 -
214 1108 270 1139 Cn.
295 1108 576 1147 (bruelius‚13a1b.
603 1114 633 1142 8.
667 1110 774 1150 legem
793 1111 833 1141 de
850 1113 895 1142 ci-

165 1151 272 1182 vitate
295 1162 336 1183 ex
359 1154 447 1184 SCto
472 1154 562 1184 tulit.
592 1159 636 1185 est
657 1154 714 1185 (ἂι.
737 1155 897 1186 Cornelius

164 1195 339 1234 Lentulus,
366 1199 421 1238 qui
451 1207 482 1228 a.
519 1197 561 1229 U.
589 1206 747 1229 DCLxxxi.
783 1199 896 1230 Consul

159 1238 239 1275 fuit.

212 1283 271 1314 Cn.
294 1283 466 1322 chmelius,
479 1284 521 1315 ad
537 1284 614 1316 Div.
631 1284 686 1315 vii.
703 1289 734 1320 9.
765 1286 892 1316 amicus

159 1326 325 1365 Trebatii,
340 1328 441 1358 homo
455 1329 626 1359 obscurus.

205 1372 250 1402 L.
272 1371 444 1409 (in-nelias,
461 1371 554 1403 Balb.
575 1375 624 1406 17.
655 1378 706 1402 est
722 1371 857 1404 Bulbus.

206 1414 249 1446 L.
294 1416 466 1453 cornelius,
503 1416 733 1456 Chrysogonus,
765 1426 823 1456 pro
859 1417 892 1447 S.

161 1458 259 1490 Rosc.
283 1461 314 1491 9.
346 1459 484 1490 libertus
507 1459 546 1490 L.
570 1459 671 1490 Sullae
693 1460 893 1500 gratiosissi-

161 1511 247 1532 mus.
262 1512 292 1533 v.
310 1502 554 1543 Chrysogonus.

203 1545 253 1576 M.
290 1545 462 1584 Cornelius,
499 1547 666 1586 Cethegus,
700 1546 796 1579 Brut.
839 1551 889 1580 15.

159 1588 269 1621 Marci
285 1590 387 1628 filius,
402 1590 468 1621 vid.
485 1589 535 1621 M
557 1591 722 1631 Cethegus.

203 1633 254 1664 M.
275 1633 449 1672 Cornelius,
465 1633 537 1665 Att.
555 1635 577 1665 i.
599 1638 648 1666 13.

163 1699 166 1702 -
204 1677 249 1708 P.
294 1677 455 1709 Cornelius
490 1677 645 1719 Rufinus,

159 1729 290 1759 avarus,
304 1721 363 1752 sed
377 1721 484 1752 fortis.
515 1722 557 1752 ad
582 1722 803 1753 Consulatum
831 1724 890 1763 (se-

157 1763 316 1804 cundum)
349 1766 501 1806 pervenit
534 1776 635 1806 opera
666 1766 704 1798 C.
736 1766 887 1797 Fabricii.

157 1817 243 1838 anno
263 1808 304 1840 U.
321 1817 502 1840 ccccxxvn

202 1852 247 1883 P.
269 1852 442 1890 cornelius,
459 1853 501 1883 ad
516 1853 594 1885 Div.
610 1853 677 1884 xiii.
694 1853 726 1884 6.
755 1852 890 1884 videtur

157 1895 356 1937 publicanus
373 1905 456 1934 esse,
471 1898 640 1927 societatis
655 1896 832 1927 Africanae.

203 1939 248 1970 P.
277 1939 449 1977 camelius,
467 1940 508 1971 ad
531 1941 606 1972 Div.
632 1941 702 1971 xiii.
727 1944 774 1972 14.
807 1940 887 1970 civis

156 1982 254 2015 Rom.
270 1984 306 2014 in
323 1982 432 2014 Gallia
448 1984 617 2025 Cisalpina
633 1985 830 2035 negotiator.

201 2026 247 2058 P.
269 2027 441 2065 Comelius,
459 2027 500 2058 ad
518 2028 595 2059 Div.
613 2029 682 2059 xiii.
699 2028 752 2060 36.
785 2028 888 2059 dac-tus

154 2074 202 2101 est
231 2070 420 2102 Demetrius
445 2070 562 2110 Megas
589 2071 731 2110 Siculus,
754 2072 836 2112 quod
860 2073 888 2102 ei

156 2113 202 2145 P.
230 2113 391 2145 (bo-nelias
406 2113 577 2146 Dolabella
592 2117 753 2146 civitatem
768 2120 888 2155 rogatu

158 2157 314 2189 Ciceronis
328 2168 350 2189 α
371 2158 493 2189 Coesare
507 2161 747 2200 impetraverat.

201 2201 247 2232 P.
277 2202 451 2240 Cornelius,
472 2203 514 2233 ad
537 2203 614 2234 Div.
638 2203 705 2234 viii.
728 2206 759 2234 8.
794 2203 887 2234 Trib.

154 2244 201 2286 pl.
216 2245 265 2276 M.
281 2245 442 2276 Marcello
458 2251 493 2276 et
507 2248 576 2277 Ser.
594 2246 742 2287 Sulpicio
759 2246 851 2277 Coss.

199 2287 244 2319 P.
282 2289 454 2340 Cornelius,
484 2290 580 2322 Brut.
611 2292 664 2321 22.
703 2294 750 2321 est
780 2288 886 2331 Scipio

144 2330 331 2372 :affricanus
345 2335 459 2364 minor.

195 2375 241 2418 Q.
263 2376 436 2414 Cornelius,
452 2377 494 2408 ad
516 2377 593 2409 Div.
609 2378 666 2408 vii.
684 2380 734 2412 17.
763 2376 883 2408 actus.

151 2419 207 2450 vii.
225 2422 255 2451 8.
286 2421 328 2451 ab
342 2430 381 2451 eo
398 2420 513 2452 ‹11d1c1t
521 2422 578 2460 jus
593 2421 783 2453 Trebatius.

195 2463 241 2505 Q.
271 2464 444 2504 Cornelius,
460 2465 502 2496 ad
524 2465 600 2497 Div.
623 2475 654 2496 v.
672 2466 703 2496 6.
721 2465 828 2496 affinis
844 2464 880 2495 P.

149 2506 268 2538 Sextii.

194 2550 240 2592 ‚Q-
268 2550 441 2591 Cornelius,
457 2552 539 2584 Har.
554 2553 654 2594 Resp.
671 2553 701 2584 6.
729 2551 880 2593 pontifex

148 2594 272 2626 minor.

170 2636 394 2676 ⁸me'cinus‚
415 2639 487 2680 (seu
508 2638 670 2679 Cornicen)
689 2638 732 2670 ad
747 2638 818 2670 Att.
835 2639 882 2670 iv.

149 2682 182 2713 2.
211 2686 257 2713 est
271 2692 441 2722 cognomen
462 2683 518 2714 Cn.
540 2683 644 2724 Omn‘z'.

128 2740 133 2743 -
197 2724 395 2766 ὣνηξῄοέιιε,
408 2727 541 2758 Verrin.
559 2728 581 2758 i.
599 2730 651 2762 57.
675 2726 784 2757 scriba
796 2726 879 2757 Ver-

148 2767 194 2799 ris
210 2767 406 2801 Praet.U1-b.

192 2811 565 2854 Q.Gnmij1'cius,Act.
592 2814 613 2845 i.
640 2814 675 2844 in
701 2812 795 2844 verr.
825 2816 875 2845 10

140 2853 474 2894 JudeX1u8tlssunus
488 2858 560 2888 Att.
578 2858 599 2888 i.
620 2861 669 2888 13.
699 2857 824 2898 primns
841 2857 875 2887 in

145 2899 274 2932 Senatu
289 2902 497 2937 mentionem
516 2901 557 2934 de
579 2901 709 2934 violatis
724 2911 744 2935 a
761 2900 878 2933 Clodio

676 1679 734 1709 Or.
768 1678 802 1709 ii.
835 1678 888 1709 66.

1628 107 1680 152 87

949 197 1049 227 sacris
1067 198 1156 229 fet-it.
1174 200 1216 230 ib.
1239 203 1265 231 1.
1293 203 1492 242 competit-1·
1508 204 1676 238 ciceroni·

952 241 985 270 in
1003 241 1198 272 Consulatu.
1231 243 1270 274 ad
1286 244 1360 274 Div.
1386 246 1441 275 xii.
1468 250 1500 280 ¹7
1547 249 1678 281 Cicero

951 283 1002 313 nis
1019 283 1169 323 conega
1163 296 1196 315 in
1214 293 1390 325 auguratu.
1430 289 1463 318 l·
1460 301 1488 319 r
1506 292 1611 321 doctu
1627 296 1678 324 hic

937 326 1026 365 juil,
1051 328 1097 357 ad
1120 339 1211 368 quim
1239 335 1312 360 sunl
1349 332 1500 362 Ciceooni·
1530 337 1675 373 qua-dnm

950 372 1094 410 epistoloe,
1124 371 1307 412 Propraetor
1328 374 1459 413 Africo,
1479 378 1546 406 vivo
1570 380 1676 411 adhue

952 415 1086 444 (Amare.

997 458 1030 488 C.
1053 457 1222 495 (jn-nutus,
1236 459 1330 490 Art.
1322 470 1343 490 1.
1361 463 1409 491 14.
1435 461 1575 493 Pseudo·
1579 465 1673 497 Cato.

947 501 979 530 Ιι.
996 511 1023 531 e.
1041 503 1185 532 imitator
1201 504 1334 532 (monis
1349 505 1425 535 trib.
1440 505 1482 545 pl.
1498 506 1544 536 M.
1562 508 1675 539 l’i-onae

945 548 977 574 e!
1002 545 1143 576 Messala
1175 545 1253 577 Coss.
1281 547 1314 577 in
1339 548 1414 576 Seu.
1439 555 1512 588 post
1537 550 1582 580 Re
1574 550 1616 581 d.
1641 557 1673 586 9.

948 594 1071 628 praetor
1088 589 1122 619 P.
1140 589 1286 620 Lentulo
1303 591 1479 631 Spinthere
1497 593 1570 624 Cos

987 631 1037 662 M.
1059 633 1227 671 (Muclus,
1247 634 1342 664 Font.
1370 637 1418 665 15.
1447 635 1593 675 Legatus
1608 637 1674 668 btl-

946 673 977 704 lo
993 675 1119 707 sociali.

987 718 1036 749 M.
1055 720 1223 757 Cornutus,
1237 720 1321 751 Phil.
1335 721 1398 752 xiv.
1418 725 1467 753 14.
1494 722 1535 753 ad
1551 723 1615 753 Dix-
1620 749 1626 754 .
1641 735 1672 756 x.

946 764 994 792 19.
1036 768 1159 803 praetor
1187 764 1333 795 urbanus
1364 765 1475 796 Hirtio
1506 772 1540 797 et
1568 767 1675 799 Pansa

943 805 1034 835 Coss.

986 848 1035 879 M.
1052 854 1082 880 el
1102 849 1143 880 Ρ.
1165 850 1299 888 (or-tius,
1313 851 1404 882 Verr.
1419 862 1448 883 v.
1465 854 1517 884 64.
1541 854 1671 893 equite·

943 892 1110 923 Romani
1104 903 1136 923 in
1155 904 1233 934 agro
1248 895 1538 927 Tauroniinitano.

991 936 1175 975 (mumbus,
1194 938 1287 968 Balbi
1303 949 1426 969 εει-ηις
1443 940 1514 970 Att.
1531 941 1594 971 xiv.
1612 944 1643 972 3.

986 979 1038 1010 Ti.
1072 981 1301 1020 Coruncanius,
1319 982 1437 1013 Plane.
1465 987 1495 1014 8.
1528 984 1609 1015 Suu.
1637 989 1669 1020 7.

939 1021 1162 1055 Tusculanus.
1187 1025 1287 1056 Dom.
1313 1029 1364 1058 54.
1396 1027 1474 1057 Nat.
1499 1028 1540 1058 D.
1567 1028 1613 1059 iii.
1637 1031 1670 1060 2.

941 1065 1106 1098 Pontifex.
1130 1069 1220 1098 Max.
1242 1071 1371 1109 primus
1392 1081 1409 1100 e
1429 1071 1519 1110 plebe
1540 1072 1597 1102 Or.
1622 1072 1670 1104 iii.

939 1112 992 1140 33.
1015 1112 1169 1142 omnibus
1183 1112 1308 1143 civibus
1323 1123 1350 1142 c
1343 1114 1451 1144 ›nsilii
1468 1115 1518 1144 sui
1536 1115 1668 1155 copiam

938 1153 1182 1186 fecit.B=-.14.
1215 1165 1253 1185 ex
1275 1156 1476 1187 Pontificum
1495 1167 1667 1189 commen-

937 1197 1031 1227 tariis
1058 1197 1156 1238 longe
1173 1197 1378 1238 plurimum'
1371 1203 1507 1240 ingenio
1525 1201 1668 1233 valuisse

937 1240 1080 1272 videtur.
1096 1242 1172 1273 add.
1195 1241 1279 1272 Cato
1301 1247 1331 1278 9.
1362 1243 1443 1275 Lael.
1473 1247 1520 1275 11.
1549 1246 1606 1275 Or.
1631 1246 1666 1278 ii.

937 1284 990 1315 66.
1036 1285 1139 1316 Hunc
1161 1285 1272 1325 ‚luisse
1308 1292 1449 1328 nepotem
1487 1288 1666 1320 Tusculani

934 1329 1021 1358 illius
1057 1340 1074 1359 e
1104 1329 1210 1369 fastis
1255 1329 1385 1371 Capitol.
1425 1341 1583 1373 apparere
1618 1336 1666 1364 ait

935 1371 1079 1411 Piglzius
1093 1373 1139 1403 ud
1151 1384 1182 1404 a.
1201 1374 1275 1409 396.

985 1415 1137 1456 Coryphe,
1169 1416 1199 1447 N
1202 1422 1247 1447 at.
1281 1418 1324 1449 D.
1361 1418 1407 1449 iii.
1444 1421 1495 1450 93.
1539 1419 1664 1452 Oceani

935 1457 1016 1496 filia,
1033 1460 1192 1490 Minervae
1209 1460 1314 1491 Coriae
1331 1471 1349 1491 e
1365 1462 1447 1492 ‹Jove
1465 1469 1584 1494 mater.

984 1502 1016 1533 C.
1045 1503 1216 1542 Cosconius,
1232 1504 1314 1536 Suu.
1343 1507 1392 1536 14.
1429 1514 1553 1546 praetor
1576 1507 1665 1538 Con-

934 1545 1005 1576 sule
1023 1547 1194 1578 Cicerone.
1226 1547 1302 1579 Vat.
1319 1552 1348 1580 5.
1380 1548 1563 1580 proconsul
1585 1551 1663 1582 His-

934 1590 1042 1630 paniae
1072 1590 1251 1628 ulterioris,
1274 1598 1349 1631 post
1374 1600 1567 1633 praeturam.
1604 1594 1664 1625 ha-

934 1633 1007 1663 buit
1035 1633 1209 1665 Vatinium
1239 1634 1398 1675 legatum.
1441 1636 1512 1667 Att.
1543 1638 1576 1667 ii.
1611 1642 1661 1673 19.

933 1676 1138 1717 Viginti-Vir
1153 1678 1240 1718 agris
1257 1678 1446 1710 dividunilis
1464 1680 1535 1718 lege
1554 1681 1663 1712 Caesa-

931 1721 998 1758 τῖες
1029 1722 1065 1751 in
1089 1722 1182 1762 cujus
1211 1723 1336 1753 mortui
1365 1722 1477 1754 locuni
1500 1724 1663 1756 invitatur

932 1764 1058 1795 cicero.

981 1808 1012 1839 C.
1042 1808 1203 1839 Cosconius
1230 1809 1428 1848 Calidianus,
1448 1809 1583 1842 Cluent.
1603 1815 1658 1844 35.

931 1852 1054 1883 Orator
1068 1852 1245 1883 clamosus.
1271 1854 1367 1884 Brut.
1385 1854 1438 1888 69.
1473 1854 1566 1885 nullo
1581 1865 1660 1886 acu-

930 1897 1020 1926 mine
1037 1895 1094 1926 sed
1111 1902 1206 1935 grata
1221 1897 1345 1937 populo
1359 1898 1534 1928 verborum
1552 1900 1659 1939 copia.

974 1938 1024 1970 M
1062 1939 1222 1977 Lbssetius,
1254 1940 1347 1971 Verr.
1381 1941 1427 1971 iii.
1459 1943 1512 1972 22.
1557 1952 1659 1982 eque·

929 1983 1027 2014 Rom.
1043 1984 1097 2022 qui
1117 1983 1150 2013 in
1167 1983 1287 2014 Sieilia-
1293 1985 1494 2015 versabatur.

975 2026 1016 2057 L.
1047 2026 1199 2058 Cossinius
1219 2026 1353 2064 Tiburs,
1369 2027 1462 2058 Balb.
1480 2031 1531 2059 23.
1563 2029 1658 2060 dam·

929 2074 1009 2100 nato
1023 2069 1062 2101 T.
1082 2070 1184 2100 Coelio
1201 2071 1280 2101 civis
1296 2071 1392 2102 Rom.
1409 2071 1528 2102 factus.
1575 2072 1657 2113 Ejus

929 2113 1016 2144 filius
1033 2124 1133 2153 eques
1149 2114 1244 2145 Rom.
1262 2114 1337 2145 fuit.

972 2158 1014 2188 L.
1037 2157 1199 2195 Cossinius,
1215 2157 1283 2188 Att.
1301 2159 1322 2188 i.
1335 2159 1387 2189 20.
1411 2157 1445 2189 ii.
1468 2161 1494 2189 l.
1523 2159 1564 2190 ad
1576 2159 1654 2192 DiV.

927 2202 997 2232 xiii.
1023 2204 1075 2232 93.
1111 2201 1242 2231 tribulis
1267 2202 1435 2231 Ciceronis
1459 2207 1493 2233 ct
1515 2205 1653 2235 amicus.

926 2246 980 2276 An
996 2247 1047 2276 hic
1061 2249 1106 2276 est
1121 2247 1298 2283 collocutor,
1314 2255 1367 2285 ap.
1390 2245 1527 2276 Varron.
1546 2246 1589 2277 R.
1607 2247 1652 2279 R.

924 2289 959 2320 ii.
982 2293 990 2319 1
1008 2290 1020 2319 ?

970 2333 1012 2363 L.
1041 2332 1194 2363 Cossinius
1215 2332 1405 2370 Anchialus,
1422 2332 1464 2363 ad
1486 2333 1564 2365 Div.
1582 2335 1653 2366 xiii.

925 2378 978 2409 93.
1011 2376 1147 2406 libertus
1164 2376 1202 2406 L.
1220 2375 1372 2406 Cossinii.

973 2421 1064 2457 cossi,
1081 2419 1222 2456 Fratres,
1239 2420 1296 2449 Or.
1315 2419 1349 2449 ii.
1366 2421 1419 2451 23.

975 2464 1162 2494 Coss-utiam
1176 2463 1328 2500 tabernoe,
1345 2463 1386 2493 ad
1402 2463 1478 2494 Div.
1495 2463 1559 2494 xvi.
1574 2467 1626 2499 97.

967 2506 1017 2538 M
1039 2507 1205 2544 Cossutius,
1221 2505 1313 2537 verr.
1337 2507 1383 2537 iii.
1409 2510 1461 2538 80.
1491 2508 1576 2538 idem
1596 2509 1651 2549 qui

923 2551 1102 2582 Cossetius.

971 2594 1004 2625 C.
1033 2594 1134 2632 (hita,
1150 2604 1190 2625 ex·
1211 2593 1362 2624 Aureliis.
1402 2593 1503 2624 Acad.
1529 2595 1570 2625 iv.
1595 2595 1650 2626 96.

922 2637 1047 2669 Consul
1069 2648 1146 2668 cum
1170 2638 1206 2668 P.
1229 2637 1366 2668 Servilio
1388 2637 1540 2668 Gemino.
1565 2639 1651 2668 male

920 2683 1018 2721 vulgo
1032 2681 1080 2712 M.
1099 2680 1200 2712 Cotta
1218 2681 1348 2720 leg-itur.
1399 2681 1432 2712 C.
1457 2682 1530 2712 bene
1551 2682 1650 2713 erudit

920 2724 1042 2757 Dam'es
1056 2736 1073 2756 c
1087 2723 1191 2756 MSS.

970 2769 1001 2799 (J.
1024 2768 1124 2805 Cotta,
1140 2767 1189 2798 M.
1201 2766 1330 2808 fiola,
1349 2767 1448 2798 Corn.
1470 2768 1491 2801 i.
1522 2767 1561 2798 de
1577 2768 1645 2798 suin

919 2810 1047 2851 legibus
1060 2811 1257 2849 abrogandis
1268 2811 1380 2841 refert.
1396 2811 1459 2843 Pis.
1474 2811 1525 2842 96.
1543 2812 1647 2841 nimia

918 2855 1150 2896 triumphandi
1181 2855 1364 2896 cupiditate
1396 2855 1524 2893 flagrat.
1566 2855 1646 2885 Nat.

920 2899 964 2932 D.
989 2900 1011 2930 i.
1035 2900 1067 2932 6.
1104 2898 1335 2931 Academicus,
1359 2897 1458 2932 Brut.
1484 2902 1537 2934 49.
1574 2898 1645 2929 Att.

955 2946 1017 2978 ⁶4
