1815 3209
211 177 267 216 38

210 319 236 351 d
256 276 394 316 Argius,
405 276 505 309 Tusa.
521 277 560 318 Ω.
579 278 600 309 i.
618 281 670 313 47.
701 279 810 318 Argia
828 279 944 310 Sacer-

235 329 277 350 οε.

254 363 413 403 Argivus,
430 364 525 396 Brut.
548 368 598 397 13.

255 408 440 446 Argolicus,
458 409 497 439 de
514 409 584 439 Fin.
602 419 630 439 v.
651 412 700 440 18.

257 451 457 490 Avgz'letum‚
470 452 511 482 ad
526 452 596 482 Att.
610 453 665 483 xii.
679 455 731 484 32.
748 462 842 483 mons
858 453 948 482 urbis

212 493 342 532 Romae,
365 496 421 525 ubi
453 495 626 526 Cicerones
658 497 793 526 domum
818 501 876 526 aut
897 500 948 525 ta-

213 538 331 568 bernas
355 539 506 569 habuisse
526 540 705 578 videntur3
738 539 825 569 unde
848 539 948 578 Argi-

213 583 354 619 lemnus,
369 582 410 612 ad
425 583 496 612 Att.
514 583 534 613 i.
556 586 604 614 14.

257 625 432 664 Arginusoe
448 627 511 656 Off.
529 627 550 656 i.
563 629 615 658 ⁶24.
633 626 747 656 insulae
763 630 831 656 tres
847 635 949 666 prope

211 666 369 706 Lesbum,
383 670 424 698 ad
440 679 520 708 quas
537 669 864 700 Lacedaemoniorum
883 669 949 699 dux

212 711 440 742 Callicratidas
464 714 504 743 ab
526 713 782 743 Atheniensibus
806 713 839 742 in
864 712 949 742 bello

212 754 489 795 Peloponnesiaco
504 757 610 786 victus
628 762 689 786 est.

252 799 379 837 Aricia,
411 799 572 839 oppidum
603 799 692 830 Latii
722 800 783 830 sub
820 799 947 830 Albano

209 846 336 872 monte.

253 887 455 923 Arimfflum,
481 885 628 917 Umbriae
659 886 831 927 oppidum,
855 889 947 916 trans

209 927 424 969 Apenninum
441 930 482 959 ad
499 939 588 960 mare
604 931 718 960 situm.
766 929 861 959 Unde

251 973 485 1011 Ariminenses,
497 975 531 1003 in
548 974 640 1003 Verr.
658 973 713 1003 lib.
732 974 753 1003 i.
775 975 823 1003 122.

251 1017 449 1055 Ariopagus,
468 1018 509 1047 ad
527 1017 598 1047 Att.
623 1027 653 1046 v.
682 1020 731 1047 11.
766 1026 872 1053 mom,
890 1016 946 1046 ubi

208 1057 299 1089 Mars
322 1059 494 1098 judicatus
517 1065 610 1099 erat3
644 1060 761 1090 deinde
779 1060 946 1098 judicium

206 1103 484 1143 Atheniensium,
475 1116 482 1121 -
497 1104 584 1134 unde
597 1104 809 1143 Ariopagitoe,
820 1102 859 1133 de
869 1103 944 1134 Div.

209 1146 231 1177 i.
249 1149 302 1177 30.

248 1191 299 1220 Ao·
303 1191 411 1228 menlz',
429 1201 517 1235 popu
508 1191 543 1221 li
560 1191 656 1221 Asiae.

248 1234 430 1271 Antiensis,
450 1235 488 1264 de
508 1235 594 1275 Lege
612 1235 726 1274 Agrar.
747 1234 781 1264 ii.
799 1236 852 1269 99.
883 1235 946 1264 t1i-

205 1277 266 1308 bus
283 1278 379 1313 Rom.
398 1283 433 1308 et
448 1279 552 1318 Regio
569 1279 723 1309 Etrurine..

248 1321 344 1361 Arpi,
362 1322 404 1351 ad
418 1321 489 1354 Att.
507 1324 551 1353 ix.
569 1326 599 1353 3.
625 1322 784 1362 oppidum
802 1321 941 1361 Apuliae.

247 1365 425 1405 Arpinum,
445 1366 485 1395 ad
508 1366 578 1396 Ait.
601 1366 634 1395 ii.
663 1369 711 1395 11.
744 1365 821 1394 urbs
839 1365 944 1395 ltaliae

205 1413 241 1438 et
257 1409 492 1449 municipium,
510 1410 636 1440 duobus
661 1409 785 1438 civibus
810 1408 845 1438 C.
872 1409 945 1438 Ma-

202 1453 253 1482 rio
277 1457 312 1482 et
334 1452 381 1482 M.
416 1453 574 1483 Cicerone
605 1452 832 1489 nobilitatum,
856 1452 944 1482 unde

203 1496 381 1535 Azpinates
397 1496 572 1526 dicuntur:
598 1500 633 1526 et
643 1496 800 1536 Arpinas,
815 1496 856 1526 ad
872 1496 943 1526 Att.

206 1540 229 1570 i.
246 1540 276 1570 6.
294 1550 323 1568 v.
346 1543 373 1570 1.
406 1540 446 1569 (le
463 1541 596 1580 praediO.

248 1583 431 1620 Arretium,
450 1584 490 1613 ad
507 1584 582 1614 Div.
600 1583 665 1613 xvi.
690 1593 741 1623 ep.
769 1585 818 1614 12.
851 1584 945 1623 oppi-

204 1626 285 1656 dum
309 1627 466 1665 Etruriae,
489 1628 578 1657 unde
602 1628 749 1657 Arretini
775 1627 944 1657 dicuntur.

204 1680 264 1710 pro
296 1670 430 1700 Caecina
460 1681 488 1700 c.
520 1674 573 1702 33.
606 1681 655 1711 pr.
690 1671 779 1700 Mur.
805 1673 857 1701 24.
884 1672 942 1700 &c

207 1713 248 1744 ad
267 1713 335 1743 Att.
353 1714 375 1743 i.
397 1718 445 1748 19.

248 1758 462 1795 Artemitam,
480 1757 521 1787 ad
537 1757 608 1788 Att.
626 1758 649 1787 i.
672 1761 722 1792 19.
755 1757 818 1787 Sed
834 1757 945 1797 legen-

206 1800 286 1831 dum
304 1812 379 1831 cum
402 1801 576 1831 Graeviana
598 1801 757 1831 Arretini.
781 1802 947 1832 Artemita

207 1845 297 1874 enim
315 1844 408 1875 nulla
422 1845 488 1874 fnit
506 1846 540 1874 in
565 1844 674 1882 Italia,
692 1844 780 1883 quod
803 1850 945 1876 constet.

204 1896 237 1918 v.
256 1888 338 1918 lntt.
357 1889 398 1918 ad
413 1888 537 1918 Anton.
556 1888 671 1918 Itiner.

249 1932 295 1962 As
284 1934 420 1971 calum,
439 1932 533 1962 Brut.
551 1933 604 1962 46.
632 1931 816 1972 oppidum
809 1941 842 1962 m
859 1931 947 1971 Agio

207 1975 342 2013 Piceno,
361 1976 448 2014 quod
467 1980 501 2005 et
522 1976 658 2006 Asellam
682 1975 816 2012 (licitur,
835 1980 870 2006 et
893 1986 945 2015 ap.

206 2019 398 2050 Hieroclem
415 2019 537 2052 danaos.
554 2014 642 2049 unde
659 2029 718 2059 pro
735 2019 816 2049 Sull.
835 2023 864 2050 8.
886 2021 947 2050 As-

205 2064 328 2093 calani.

249 2107 453 2146 Aspendum,
478 2107 513 2137 in
535 2105 628 2137 Verr.
653 2105 710 2136 lib.
736 2106 758 2136 i.
784 2108 837 2138 20.
868 2106 946 2136 urbs

209 2150 424 2190 Pamphyliae.

251 2194 426 2224 Assorinus
448 2193 551 2233 Ager,
571 2194 605 2223 in
627 2193 722 2223 Verr.
745 2193 803 2223 lib.
823 2193 869 2223 iii.
897 2196 946 2223 18.

208 2237 299 2267 circa
324 2238 493 2274 Assorum,
520 2238 640 2267 Sicilioe
668 2237 829 2277 oppidum
860 2238 950 2267 inter

208 2280 369 2321 Agyrium
387 2285 420 2311 et
438 2281 581 2311 Ennam.
599 2281 692 2311 Verr.
709 2282 752 2310 iv.
768 2284 821 2311 44.

218 2342 221 2344 >
251 2324 400 2364 Assyria,
419 2335 493 2365 pars
515 2324 602 2354 Asiae
619 2325 765 2362 majoris,
781 2324 871 2355 ultra
891 2323 949 2354 Ti-

210 2368 298 2408 grin,
317 2368 405 2398 unde
421 2368 548 2407 Assyrii
563 2368 732 2398 dicuntur.

227 2443 230 2446 ,
253 2412 392 2448 Astura,
415 2412 456 2441 ad
480 2412 556 2442 Div.
581 2412 626 2441 vi.
649 2422 701 2451 ep.
730 2415 778 2446 19.
811 2411 853 2442 ad
876 2411 948 2442 Att.

210 2456 267 2485 xii.
285 2458 337 2486 40.
355 2456 481 2485 flumen
497 2455 599 2493 Latii,
613 2456 647 2485 in
660 2465 724 2494 quo
741 2455 849 2485 insula
864 2456 950 2495 ejus-·

211 2499 288 2529 dem
305 2499 463 2536 nominiS,
479 2499 537 2528 ubi
554 2499 721 2529 Ciceronis
739 2499 826 2529 villa.

255 2543 491 2581 Astymcdemis,
510 2542 550 2571 de
567 2542 609 2572 N.
629 2543 670 2572 D.
692 2543 739 2572 iii.
759 2546 809 2574 18.
834 2543 874 2572 ab
890 2543 951 2573 As·

210 2587 355 2626 typaZoea
378 2585 487 2615 insula
510 2587 608 2615 maris
633 2586 769 2623 Cretici,
789 2586 877 2616 unde
900 2596 951 2616 re-

213 2629 301 2659 ctius
319 2629 442 2658 dicitur
464 2630 715 2668 Astypaloemtsis
737 2640 838 2668 quani
854 2631 951 2669 Asty-

209 2674 366 2712 pacensis,
385 2677 418 2701 et
429 2673 482 2701 sic
498 2678 549 2702 est
565 2674 598 2702 in
616 2673 806 2703 Davisiana.

257 2716 441 2746 Alandrins
457 2725 481 2745 s.
495 2717 714 2754 [intuma-2202,
728 2717 769 2746 ad
785 2717 849 2756 Qu.
863 2716 952 2748 Frat.

214 2760 236 2789 i.
260 2764 291 2790 55.
317 2761 347 2789 2.
381 2760 421 2789 ab
448 2760 569 2799 oppido
600 2760 715 2800 Mysiae
745 2761 895 2790 Ataudro
925 2771 951 2791 s.

212 2803 400 2839 Antandro,
427 2810 463 2832 ut
496 2803 613 2832 Strabo
641 2803 799 2843 appellat,
824 2809 857 2834 et
882 2804 953 2833 vnl-

215 2856 257 2885 go
273 2846 359 2876 laud
354 2855 395 2876 «ιι.
398 2850 435 2884 t;
467 2847 566 2884 idque
590 2848 712 2876 rettius
736 2848 868 2878 videtur
883 2847 952 2877 Cel.

213 2889 287 2918 We.
280 2890 432 2928 selingio
456 2890 497 2919 ad
520 2889 708 2920 Hieroclem
733 2901 764 2931 p.
790 2892 864 2922 661.
897 2892 953 2930 qui

213 2930 320 2974 ἆτανδξ
323 2945 349 2965 ος
367 2933 396 2962 h
391 2933 477 2962 ὡσεὶ.

256 2977 380 3016 Atella,
401 2976 447 3008 de
464 2976 553 3017 Lege
577 2976 693 3018 Agrar.
717 2978 751 3008 ii.
775 2981 828 3009 31.
860 2979 955 3019 oppi-

720 188 866 218 INDEX
896 189 1012 217 GEOG
1019 189 1141 217 RAPH
1149 190 1263 218 chs.

989 279 1068 310 dum
1081 279 1271 320 Campaniae
1282 280 1371 310 inter
1381 278 1529 319 Capuam
1541 281 1575 309 et
1590 277 1724 320 Neapoe

989 323 1058 353 lim.
1078 323 1212 353 Dicitur
1226 324 1417 354 Atellanam
1435 323 1667 362 municipium,
1680 321 1722 352 ad

989 365 1028 405 Ω.
1055 367 1105 396 Fr.
1129 367 1163 396 ii.
1195 369 1243 397 14.
1276 370 1310 396 et
1332 367 1519 397 Atellanius
1540 375 1662 405 versus,
1681 365 1722 395 de

989 409 1065 440 Div.
1083 410 1118 439 ii.
1138 413 1186 440 10.
1205 420 1222 439 e
1237 409 1349 440 fabula
1365 409 1526 439 Atellana.

1031 454 1259 484 Athamanum
1268 463 1361 492 gem,
1376 454 1408 483 in
1422 453 1529 483 Pison.
1547 455 1600 483 40.
1617 461 1724 493 popu-

989 495 1040 526 lus
1055 496 1277 534 Athamaniae,
1294 497 1435 536 regionis
1454 496 1591 533 Graecae,
1608 495 1648 526 de
1665 505 1724 525 cu-

983 540 1040 578 jus
1072 540 1139 569 situ
1170 540 1355 580 disputant,
1379 540 1451 570 aliis
1475 540 1515 569 ad
1539 539 1722 578 Illyricum,

990 584 1061 613 aliis
1085 583 1125 612 ad
1146 582 1363 621 Thessaliam,
1389 584 1459 613 aliis
1486 583 1527 613 ad
1548 582 1722 621 AEtoliam,

990 627 1031 657 ad
1049 626 1185 665 Epirum
1203 626 1343 666 denique
1361 627 1431 657 aliis
1448 626 1677 657 referentibus.

1032 670 1144 707 Atlms,
1157 679 1251 700 mons
1264 670 1481 708 Macedoniae,
1495 680 1514 700 a
1525 670 1632 700 Xerxe
1648 678 1723 711 per-

989 712 1105 743 fossus.
1123 713 1162 742 (le
1180 713 1248 743 Fin.
1267 713 1300 743 ii.
1318 717 1370 745 34.

1032 757 1162 794 Atinas,
1181 757 1221 786 ad
1237 757 1307 787 Att.
1324 768 1376 787 xv.
1394 760 1424 788 3.
1453 766 1532 797 ager
1547 757 1636 787 circa
1649 755 1724 786 Ati-

988 809 1079 836 nam,
1097 801 1213 830 urbem
1229 799 1330 831 Latii.

1031 845 1139 881 Atlas,
1165 854 1258 874 mons
1283 843 1502 874 Mauretaniae
1531 843 1723 883 Tingitana

989 887 1022 917 in
1039 887 1150 917 Africa
1163 887 1354 917 altissimus.

1031 932 1226 967 Attalemes,
1239 932 1295 961 Or.
1314 931 1353 960 (ie
1371 930 1450 970 Leg.
1468 929 1582 970 Agrar.
1599 930 1621 960 i.
1639 931 1670 961 2.
1687 929 1723 960 ii.

992 977 1040 1008 19.
1057 975 1170 1014 populi
1192 975 1343 1011 Attaleoe,
1359 975 1448 1005 urbis
1471 974 1590 1014 Lyciae,
1608 982 1725 1013 quam·

988 1027 1086 1056 quam
1104 1017 1159 1047 alii
1176 1018 1238 1047 alio
1255 1018 1414 1048 referunt.

1030 1061 1248 1098 Autisffuse.
1266 1062 1329 1101 Qu.
1355 1062 1376 1091 i.
1402 1064 1454 1092 48.
1487 1065 1606 1101 portus
1628 1059 1723 1090 Boeo-

986 1104 1046 1133 tiae
1076 1105 1116 1134 ad
1141 1105 1317 1145 Euripum,
1343 1105 1429 1135 unde
1453 1104 1565 1134 classis
1591 1103 1723 1134 Graeco-

987 1157 1061 1177 rum
1075 1147 1210 1186 Trojam
1229 1148 1419 1188 profectura
1433 1147 1541 1178 solvit.

1029 1192 1168 1221 Aurelia
1183 1192 1249 1229 vin,
1261 1191 1344 1222 Phil.
1359 1192 1414 1222 xii.
1426 1196 1457 1226 9.
1480 1201 1540 1231 per
1555 1191 1726 1222 maritima

987 1235 1131 1265 Etruriae
1164 1235 1287 1265 ducens
1318 1236 1407 1265 Pisas
1444 1245 1568 1272 versus,
1599 1235 1650 1265 vel
1682 1234 1724 1265 ad

986 1278 1071 1316 illas,
1088 1287 1128 1308 ut
1149 1288 1187 1308 ex
1206 1278 1463 1318 peutingeriana
1484 1278 1599 1308 tabula
1613 1283 1648 1308 et
1665 1278 1726 1308 lti-

987 1331 1094 1352 nerar.
1118 1322 1280 1352 Antonini
1311 1322 1523 1361 intelligitur,
1547 1323 1580 1352 in
1605 1322 1725 1362 quibus

986 1366 1088 1395 etiam
1105 1370 1232 1396 tractus
1249 1366 1319 1404 ejus
1336 1369 1628 1395 commemoratur.

1027 1410 1156 1439 Aurelii
1193 1410 1338 1448 Gradus,
1366 1419 1425 1449 pro
1456 1408 1572 1439 Flacco
1602 1411 1656 1440 528.
1687 1418 1720 1439 v.

985 1453 1158 1484 Auo-etium
1173 1453 1330 1483 tribunal.

1028 1497 1201 1526 Aurelium
1221 1496 1394 1534 Τνὶὸτιηαῖ,
1412 1496 1447 1526 in
1470 1495 1578 1526 Pison.
1604 1498 1634 1527 5.
1666 1505 1726 1525 no-

987 1550 1063 1571 men
1075 1540 1187 1577 hahet,
1201 1541 1365 1570 incertum
1380 1550 1399 1570 a
1414 1549 1479 1578 quo
1495 1539 1646 1569 Aurelio:
1669 1549 1725 1569 ex-

984 1588 1136 1614 tructum
1153 1593 1243 1621 saxo,
1261 1594 1338 1614 cum
1355 1584 1453 1623 vulgo
1470 1583 1580 1622 lignea
1602 1586 1636 1613 et
1655 1592 1727 1612 mo-

986 1627 1065 1657 bilia
1093 1628 1275 1657 tribunalia
1312 1627 1570 1666 magistratuum
1602 1631 1726 1663 essent,

987 1671 1297 1710 circumdatumque
1315 1671 1481 1710 gradibus,
1495 1670 1551 1709 qui
1567 1669 1643 1700 inde
1656 1670 1727 1700 Au.-

988 1715 1061 1744 relz'z'
1088 1715 1218 1753 gradus
1241 1715 1408 1744 (licuntur.
1455 1713 1613 1743 Ceterum
1637 1723 1655 1742 e
1679 1712 1728 1742 lo-

987 1759 1032 1788 cis
1060 1757 1242 1795 Ciceronis,
1260 1759 1294 1787 in
1319 1758 1436 1797 quibus
1458 1756 1634 1787 tribunalis
1658 1755 1726 1792 Au-

988 1801 1059 1832 relii
1075 1805 1110 1831 et
1122 1802 1285 1840 graduum
1302 1801 1511 1831 Aureliorum
1530 1800 1656 1830 mentio
1672 1800 1726 1837 fit,

987 1844 1129 1884 intelligi
1147 1849 1269 1884 potest,
1283 1845 1326 1875 ibi
1339 1845 1460 1875 versari
1477 1844 1609 1874 solitam
1624 1844 1728 1874 fuisse

988 1889 1240 1919 multitudinem
1263 1889 1438 1918 hominum
1463 1887 1668 1928 plebeiorum
1686 1891 1728 1917 et

988 1932 1207 1973 perditorum,
1225 1933 1314 1961 inter
1329 1932 1387 1961 hos
1404 1932 1505 1961 etiam
1521 1930 1666 1961 Judaeos.

1032 1976 1244 2013 Aventinum,
1262 1976 1303 2005 ad
1320 1975 1391 2005 Att.
1417 1976 1472 2005 xii.
1491 1977 1542 2005 32.
1561 1977 1656 2004 mons
1672 1984 1728 2003 ur-

989 2020 1037 2049 bis
1071 2019 1196 2057 Romae,
1222 2019 1256 2048 in
1289 2029 1352 2058 quo
1385 2018 1559 2048 Cicerones
1591 2017 1728 2047 domum

990 2067 1049 2092 aut
1065 2063 1219 2092 tabernas
1237 2062 1389 2092 habuisse
1407 2062 1571 2092 videntur.

1033 2107 1194 2144 Avernus,
1207 2105 1307 2136 Tusc.
1320 2105 1447 2145 Quaest.
1465 2106 1487 2135 i.
1508 2105 1557 2135 16.
1574 2103 1681 2135 Lacus
1694 2103 1730 2134 in

991 2150 1176 2189 Campania
1192 2149 1361 2189 pestilens.

1034 2194 1134 2229 Amin,
1165 2192 1285 2223 Caecin.
1319 2197 1349 2227 7.
1384 2191 1558 2222 castellum
1589 2191 1625 2221 in
1650 2199 1731 2230 agro

989 2236 1234 2276 Tarquiniensi.

1337 2331 1375 2363 B.

1036 2413 1145 2450 Βαίου,
1161 2412 1252 2443 locus
1270 2410 1511 2442 amoenissimus
1532 2409 1566 2440 in
1589 2408 1732 2450 Campa-

993 2457 1038 2486 ni
1030 2468 1061 2494 ι,
1078 2467 1179 2497 prope
1192 2466 1296 2493 mare,
1309 2459 1344 2485 et
1353 2455 1508 2493 frequens
1524 2453 1729 2490 hominibus,

993 2502 1048 2539 qui
1072 2510 1111 2529 eo
1134 2505 1270 2540 propter
1285 2508 1386 2538 aquas
1403 2497 1524 2527 calidas
1540 2497 1731 2527 veniebant.

1037 2544 1248 2580 Balearicus,
1266 2543 1304 2572 de
1328 2542 1439 2572 Divin.
1458 2541 1479 2570 i.
1499 2542 1530 2572 2.
1551 2539 1733 2570 ..Baleari-

992 2587 1053 2617 bus
1070 2586 1199 2624 insulis,
1216 2596 1317 2626 prope
1337 2585 1545 2625 Hispaniam.
1602 2583 1734 2623 Cogno-

994 2641 1072 2660 mcn
1089 2630 1230 2661 Metelli.

1037 2672 1385 2713 Bargyletoe‚r1dDix-.
1398 2671 1465 2701 xiii.
1484 2680 1536 2710 ep.
1550 2670 1601 2701 56.
1613 2669 1732 2699 incola·

993 2717 1139 2758 Bargyli,
1157 2717 1268 2758 oppidi
1292 2717 1327 2746 in
1350 2716 1466 2744 Caria:
1492 2714 1549 2743 Gr.
1568 2713 1733 2762 βαξνγυλιη.

994 2774 1055 2792 ται.
1074 2761 1169 2791 Unde
1187 2761 1393 2798 Bcngylietoe
1408 2757 1540 2788 malunt
1555 2757 1654 2786 scribi
1670 2756 1732 2786 viri

995 2805 1095 2835 docti.
1112 2815 1143 2834 ν.
1157 2804 1286 2834 Duker.
1301 2803 1341 2833 ad
1352 2802 1423 2832 Liv.
1437 2801 1558 2831 xxxvii.
1579 2803 1628 2833 17.

1040 2849 1157 2885 Bauli,
1167 2847 1288 2877 Acad.
1282 2857 1324 2876 ιν.
1336 2849 1389 2876 40.
1402 2844 1480 2875 villa
1496 2842 1668 2874 Hortensii
1677 2851 1735 2883 -in—

993 2896 1048 2922 ter
1062 2892 1245 2922 Lucrinum
1261 2890 1371 2920 lacum
1382 2893 1416 2918 et.
1427 2888 1524 2919 Baias
1539 2887 1574 2917 in
1591 2885 1734 2926 Campa-

996 2946 1062 2966 ma.

1039 2978 1220 3016 Bellovaci,
1239 2976 1351 3018 populi
1369 2977 1403 3006 in
1419 2974 1528 3006 Gallia
1544 2973 1690 3013 Belgica.
