1800 3131
131 110 216 150 838

138 208 245 239 mitur
257 203 318 248 jus
331 207 425 237 civile
443 205 549 237 Flacc.
566 208 619 239 32.
643 216 768 246 quaero,
785 207 868 238 sint·

139 261 182 282 ne
209 252 274 281 ista
298 251 436 291 praemia
458 251 572 281 censui
594 251 784 282 censendo?
811 251 869 282 ha-

139 295 242 326 beant
255 293 316 336 jue
330 295 421 324 civile
433 294 449 323 ?
473 303 594 335 nempe
610 295 668 332 ita,
685 300 723 325 ut
741 295 869 334 signifi-

139 343 195 369 cet
221 338 445 368 conditionem
473 348 539 377 qua
561 338 709 378 gaudent
731 338 867 379 praedia,

139 391 214 422 quae
232 383 266 412 in
284 391 420 412 censum
438 381 557 412 deferri
575 387 724 422 possunt.

181 424 215 464 2)
233 425 396 456 Divinum
407 429 458 455 est
473 424 504 463 a)
520 428 683 456 natumle.
709 425 799 455 Sext.
816 427 870 456 42.

136 473 213 499 tum
244 469 413 500 domicilia
442 470 632 508 conjuncta,
658 478 738 508 quas
771 468 867 498 urbes

138 513 294 561 dicimus,
318 513 454 544 invento
477 517 511 543 et
533 514 640 543 divino
662 516 697 542 et
719 511 867 542 humano

128 554 223 598 jure,
242 557 405 587 moenibus
421 561 607 596 sepselQunt
622 560 723 585 antea
738 555 868 585 dixerat

134 602 297 631 naturale
306 605 341 630 et
356 600 460 630 civile.
487 599 567 630 Har.
582 596 868 639 R.16.juslega-

134 647 248 675 torum
274 654 350 674 cum
374 643 548 674 hominum
576 642 728 682 praesidio
755 642 868 671 muni-

134 691 210 718 tum
227 688 282 725 sit,
298 693 371 717 tum
388 688 489 717 etiam
502 683 697 727 divinojure
712 695 782 715 esse
797 684 866 715 val·

134 730 254 762 latum.
278 729 312 769 b)
324 730 542 771 pontfficium.
569 728 650 759 Har.
666 729 705 760 R.
721 732 752 763 7.
779 733 865 759 extr.

134 774 271 806 domum
289 774 421 814 publico
436 775 529 803 omni
549 773 729 813 praecipuo,
745 777 780 803 et
801 772 865 803 hu-

135 827 235 849 mano
251 823 284 848 et
300 818 408 847 divino
415 816 497 859 jure
513 817 693 847 munitam.
727 817 863 847 Libera-

131 866 170 892 ta
187 868 256 892 erat
276 862 445 892 Ciceronis
461 861 578 891 domus
595 870 616 890 a
631 860 862 898 Pontificibus,

132 905 278 944 adeoque
302 905 408 935 divino
421 903 516 946 jure,
541 904 661 934 deinde
685 913 705 934 a
727 900 863 944 populo,

131 949 217 988 lege,
238 949 280 990 (c.
297 947 343 987 6.)
361 948 509 987 adeoque
525 945 767 988 humamjure.
798 947 864 978 Sed

131 996 313 1032 utrumque
329 990 459 1034 hocjus
474 991 645 1032 publicum
661 996 724 1021 est.

175 1035 209 1075 3)
242 1036 396 1067 Gentium
419 1040 471 1066 est
493 1035 656 1066 naturale.
687 1034 776 1066 Off.
768 1034 814 1065 iii.
834 1037 864 1066 5.

131 1087 237 1119 neque
264 1079 327 1110 hoe
352 1079 461 1111 solum
489 1083 622 1116 natura,
646 1078 680 1110 id
710 1083 760 1109 est
780 1076 865 1119 jure

127 1125 291 1163 gentium,
307 1124 365 1154 sed
380 1124 481 1154 etiam
498 1123 627 1162 legibus
649 1121 862 1162 populorum,

130 1167 249 1206 quibus
266 1168 301 1198 in
317 1167 458 1207 singulis
474 1166 665 1197 civitatibus
681 1175 767 1207 resp.
784 1175 863 1196 con-

129 1211 269 1242 tinetur.
294 1210 335 1241 cf.
356 1211 433 1242 ibid.
450 1220 480 1241 c.
499 1214 548 1245 17.
571 1210 590 1229 Ῥ
602 1210 684 1240 Rab.
701 1209 790 1240 Post.
811 1212 859 1241 15.

131 1264 209 1285 cum
226 1255 340 1285 omnia
354 1254 443 1285 bella
455 1252 539 1297 jure
555 1255 707 1294 gentium
723 1253 863 1293 conquiss

127 1305 254 1330 escant.
272 1309 300 1328 v.
319 1302 390 1329 not.

169 1340 204 1381 4)
221 1342 436 1379 Humanum,
451 1350 527 1371 cum
541 1341 724 1381 opponitur
738 1341 858 1379 divino,

125 1389 177 1416 est
200 1385 299 1416 modo
319 1386 513 1426 positivum,
530 1385 618 1424 quod
637 1389 771 1423 vocant,
786 1394 858 1415 om·-

125 1438 181 1467 ne,
193 1439 270 1460 cum
287 1429 474 1470 publicum,
485 1434 561 1459 tum
576 1429 743 1468 privatum
759 1440 769 1467 ;
787 1438 858 1458 mo·

125 1471 167 1503 do
181 1483 222 1503 ea
236 1482 312 1514 pars
327 1477 477 1510 tantum,
493 1481 567 1511 quoe
583 1473 619 1503 in
634 1472 732 1503 rebus
748 1472 858 1513 profa-

124 1517 176 1548 nis
192 1520 353 1547 versatur.
373 1526 403 1547 v.
419 1517 562 1546 divinus.

167 1558 200 1599 5)
221 1560 444 1601 Pontificium.
467 1559 568 1592 Dom.
595 1561 645 1590 14.
669 1562 721 1590 est
742 1558 783 1590 de
806 1568 857 1590 re-

123 1603 185 1634 bus
196 1604 311 1642 sacris,
322 1604 357 1634 in
368 1603 488 1642 quibus
502 1603 679 1633 Pontifices
693 1604 857 1643 cognitio-

123 1656 202 1681 uem
214 1647 350 1678 habent.
363 1647 427 1677 vid.
439 1646 578 1677 Guther.
590 1646 664 1677 Jur.
676 1646 774 1678 Pont.
786 1647 808 1677 i.
822 1649 854 1679 2.

166 1690 200 1730 6)
231 1691 500 1722 Praediatorium.
525 1690 620 1721 Balb.
643 1692 695 1722 20.
719 1700 749 1722 v.
767 1700 855 1731 proe-

119 1733 291 1766 diatorz'us.

165 1777 198 1818 7)
224 1778 427 1810 Praetorium
449 1777 531 1808 dicit
553 1775 586 1817 a)
613 1777 718 1809 edicta
735 1782 855 1818 praeto-

121 1831 211 1852 rum.
234 1822 299 1853 Off.
324 1822 345 1852 i.
374 1825 421 1852 10.
445 1831 519 1861 quae
538 1821 674 1861 quidem
695 1821 854 1862 pleraque

112 1863 196 1908 jure
213 1867 364 1907 proetorio
381 1865 579 1903 liberantur,
595 1865 760 1913 nonnulla
774 1865 856 1906 legi·

120 1909 192 1941 bus.
216 1909 310 1940 Vei-r.
326 1910 348 1939 i.
363 1911 416 1940 44.
440 1913 657 1949 posteaquam
663 1919 726 1950 Jus
734 1915 855 1950 proeto

118 1954 208 1984 rium
223 1953 447 1983 constitutum
465 1959 530 1990 est,
545 1962 678 1992 semper
697 1952 760 1983 hoc
773 1951 856 1995 jure

118 1997 170 2027 usi
186 2006 313 2028 sumus.
329 1994 363 2035 b)
383 2001 483 2027 totam
493 1994 757 2038 jurisdictionem
766 2007 855 2037 proe·

119 2042 252 2073 coriam.
274 2040 368 2071 Verr.
385 2040 418 2070 ii.
439 2041 490 2071 12.
516 2040 664 2080 ejusdem
687 2040 779 2080 modi
800 2048 854 2072 to·

119 2088 194 2114 tum
209 2082 270 2125 jus
287 2085 480 2124 praetorz'um
501 2082 567 2114 fuit
589 2093 648 2124 per
665 2078 852 2115 triennium

119 2128 155 2160 in
182 2127 307 2166 Sicilia,
334 2126 436 2158 Verre
463 2130 614 2168 praetore.
645 2127 730 2159 Phil.
758 2128 792 2159 ii.
820 2130 852 2160 2.

119 2181 220 2211 quam
243 2171 400 2210 injuriam
423 2171 486 2202 iste
511 2171 737 2202 intercessoris
751 2171 853 2203 bene-

118 2215 195 2246 ficio
210 2215 373 2254 obtinuit,
389 2224 457 2245 non
462 2212 545 2256 jure
554 2216 714 2255 proetorio.

162 2257 194 2297 8)
222 2238 414 2296 Prizffsatum,
430 2263 482 2289 est
505 2259 553 2288 civ
547 2260 597 2288 zle
617 2258 648 2298 a)
673 2259 788 2289 stricte
803 2260 851 2290 sic

119 2300 261 2340 dictum,
277 2302 316 2332 de
340 2312 406 2342 quo
429 2312 459 2332 v.
485 2301 600 2332 civilis.
623 2302 658 2332 in
683 2302 794 2333 Caeeil.
819 2306 849 2335 5.
874 2300 947 2344 jus.
982 2303 1064 2334 Har.
1095 2303 1135 2334 R.
1164 2306 1196 2337 7.

117 2346 243 2376 civibus
260 2356 337 2376 cum
352 2350 434 2376 sunt
449 2346 580 2395 ereptae
587 2346 753 2386 pecuniae,
770 2347 851 2377 civi-

118 2387 139 2421 li
158 2388 226 2419 fere
242 2390 375 2419 actione
391 2393 425 2420 et
439 2390 516 2429 pria
518 2393 571 2420 ato
584 2399 670 2430 ⁴flare
692 2394 849 2430 repetun—

116 2436 184 2463 tur.
200 2431 234 2469 b)
253 2433 373 2464 deinde
389 2433 549 2470 conditio,
565 2443 640 2472 quae
655 2443 694 2463 ex
708 2432 790 2474 jure
804 2435 849 2465 ci-

115 2477 173 2506 vili
201 2475 258 2506 illo
283 2477 400 2507 oritur.
426 2477 508 2507 Har.
532 2476 572 2507 R.
599 2481 629 2511 7.
654 2476 772 2507 domus
799 2481 851 2508 est

105 2517 190 2561 jure
205 2521 348 2559 prii-ato,
364 2530 410 2550 sc.
428 2529 526 2559 quam
549 2524 703 2550 tenemus
721 2520 849 2552 heredi-

117 2566 199 2600 tate,
219 2564 412 2601 autoritate,
430 2564 610 2603 mancipio,
627 2573 724 2594 nexu.

157 2605 191 2644 9)
213 2606 389 2637 Public-um
405 2606 435 2646 a)
455 2608 636 2646 opponitur
650 2609 796 2647 privato,
812 2613 848 2639 et

115 2659 192 2681 eum
217 2659 348 2679 sacrum
371 2660 397 2680 s.
416 2651 629 2690 pontificum,
645 2655 720 2681 tum
738 2651 847 2692 profa-

113 2701 196 2726 num
210 2694 266 2731 jus
279 2694 525 2734 complectitur.
540 2704 569 2723 v.
586 2695 728 2725 divinuS.
745 2695 846 2727 Dom.

111 2739 164 2769 53.
188 2737 246 2766 sed
261 2741 300 2766 ut
316 2744 462 2767 revertar
476 2737 517 2767 ad
531 2735 592 2777 jus
603 2739 771 2778 public-um
789 2739 845 2768 de-

109 2780 254 2812 dicandi.
279 2780 366 2810 unde
392 2780 427 2818 b)
458 2780 575 2811 domus
596 2780 680 2822 jure
700 2783 842 2822 publico,

108 2823 231 2855 dicitur
248 2823 329 2853 Har.
346 2824 385 2854 R.
403 2827 435 2858 7.
458 2825 536 2862 quia
551 2828 585 2854 et
600 2835 620 2855 a
635 2826 757 2865 populo
769 2826 841 2865 lege

108 2868 312 2905 centuriata,
329 2872 363 2897 et
386 2867 520 2897 decreto
545 2869 744 2908 pontificum
761 2869 842 2899 libe-

684 118 831 148 mnnx
851 119 1147 152 LATINJTATIS.

904 209 1080 246 communi,
1111 208 1188 239 Div.
1216 208 1238 239 i.
1267 211 1297 240 5.
1331 207 1420 248 quod
1449 206 1491 240 ad
1520 215 1636 239 omne·

907 253 992 283 cives
1010 252 1169 292 pertinet,
1186 251 1333 291 adeoque
1356 252 1455 282 etiam
1473 261 1532 292 pro
1547 252 1641 282 civil&

905 295 976 333 illo,
993 296 1080 336 quod
1096 295 1175 326 alias
1186 297 1359 335 privatum
1374 295 1508 326 dicitur.
1534 296 1636 326 Dom.

912 342 960 371 13.
985 349 1070 379 nego
1093 339 1239 380 potuisse
1255 337 1336 380 jure
1351 340 1492 380 publica,
1508 338 1636 378 legibus

908 383 960 420 iis,
977 384 1095 422 quibus
1120 383 1191 414 haec
1216 383 1330 413 civitas
1348 383 1457 412 utitur
1473 383 1532 412 διο.
1557 381 1636 413 ibid.

906 436 1017 457 versor
1039 427 1074 456 in
1097 427 1207 457 medio
1221 424 1305 467 jure
1322 427 1456 468 publico.
1482 424 1559 455 ibid.
1580 428 1635 459 49.

906 478 966 499 nec
991 470 1031 500 de
1052 468 1136 510 jure
1159 471 1342 509 pontificio,
1365 470 1422 500 sed
1446 469 1486 499 de
1507 469 1637 509 publico

905 512 1049 552 disputo.
1074 512 1115 543 ad
1137 514 1214 544 Div.
1237 515 1278 544 iv.
1305 517 1352 545 14.
1376 514 1403 543 si
1419 513 1460 543 de
1471 510 1554 553 jure
1570 522 1637 552 pu-

906 556 982 586 blico
994 556 1094 588 armis
1105 556 1356 597 disceptabitur.
1370 567 1399 587 v.
1412 557 1518 587 Graev.
1532 555 1573 586 ad
1585 565 1636 595 pr.

903 599 1003 630 Dom.
1024 602 1074 630 13.
1099 600 1222 631 Caecin.
1239 601 1291 632 26.
1313 602 1360 631 sic
1383 605 1434 631 est
1449 600 1538 641 apud
1554 599 1634 630 Sue-

903 646 973 673 ton.
990 643 1076 682 Aug.
1097 646 1146 673 10.
1168 643 1242 674 Tib.
1261 647 1313 675 50.

949 686 1000 725 10)
1027 687 1220 727 Quiritium.
1248 687 1341 719 Vei-r.
1365 688 1399 719 ii.
1426 689 1474 719 12.
1505 690 1555 718 est
1570 684 1635 727 juo

901 730 1005 768 civile,
1041 729 1129 769 quod
1155 731 1325 770 proprium
1350 732 1466 762 est-iis
1493 731 1634 768 civibus,

902 775 957 813 qui
971 772 1031 816 jus
1052 775 1191 804 civitatis
1212 774 1336 805 habent
1349 772 1432 816 jure
1450 776 1575 816 optim.
1591 773 1633 804 de

902 827 967 857 quo
983 827 1070 848 mox.

946 864 998 900 11)
1029 861 1211 892 Urbana-m.
1239 860 1315 891 Act.
1331 861 1352 891 i.
1381 859 1474 892 Verr.
1498 863 1524 891 1.
1549 869 1633 901 prae-

899 903 940 935 do
947 903 1041 946 juris
1056 905 1193 936 urbani:
1218 911 1270 935 est
1284 903 1378 935 civile
1393 905 1573 944 privatum,
1591 913 1635 934 ex.

900 959 964 988 quo
972 946 1034 989 jus
1050 948 1131 979 dicit
1146 954 1268 989 praetor
1282 949 1440 979 urbanus.

935 991 961 1027 ῥ’·
970 992 1035 1023 «Ias
1050 996 1101 1023 est
1116 993 1231 1031 etiam,
1243 991 1332 1032 quod
1345 992 1488 1032 legibus,
1499 989 1631 1028 edictis,

901 1035 1150 1074 consuetudini,
1177 1035 1211 1067 h.
1236 1046 1266 1067 e.
1297 1036 1462 1076 superiori
1487 1033 1535 1065 illi
1559 1033 1630 1075 juri

901 1084 1162 1110 consentaneum
1189 1084 1254 1118 est,
1281 1080 1368 1119 quod
1402 1079 1495 1110 nobis
1523 1088 1563 1109 ex
1589 1087 1629 1108 eo

901 1123 1053 1161 debetur,
1070 1123 1129 1153 διο.
1157 1123 1210 1153 Sic
1226 1127 1277 1154 est
1292 1124 1327 1153 in
1343 1123 1393 1154 his
1408 1133 1414 1152 :
1430 1120 1492 1164 jus
1507 1121 1630 1152 dicere.

899 1167 992 1197 Vei-r.
1017 1168 1037 1197 i.
1060 1170 1114 1198 40.
1147 1167 1265 1208 Quint.
1289 1167 1341 1198 26.
1365 1167 1425 1197 διο.
1444 1164 1506 1207 jus
1527 1175 1628 1196 suum

897 1211 1060 1241 obtinere.
1090 1210 1184 1241 verr.
1208 1211 1230 1240 i.
1253 1210 1304 1242 26.
1326 1208 1387 1252 jus
1407 1219 1505 1240 suum
1529 1210 1630 1239 amit-

896 1257 979 1284 tere.
1004 1255 1037 1285 in
1062 1252 1327 1296 Caeeil.18.jus
1348 1254 1486 1294 eripere.
1508 1253 1628 1293 Quint.

897 1300 950 1330 28.
980 1299 1007 1328 si
1029 1299 1270 1328 intercessisset
1287 1297 1427 1337 collega,
1443 1306 1547 1337 remp.
1569 1296 1628 1326 lae·

896 1342 1006 1380 sisset,
1022 1342 1079 1372 sed
1091 1340 1340 1394 jurelaesisset.
1363 1342 1454 1371 Sext.
1469 1341 1522 1372 36.
1544 1339 1626 1379 *jus

894 1395 1081 1423 summum,
1098 1385 1155 1416 Gr.
1180 1386 1264 1428 ἀκςι..
1250 1382 1402 1423 ἔοόἰκαιον,
1416 1393 1493 1415 cum
1515 1384 1549 1415 in
1574 1393 1627 1421 eo,

895 1429 984 1468 quod
1011 1430 1105 1460 nobis
1129 1429 1284 1466 debetur,
1306 1434 1366 1459 aut
1391 1428 1504 1459 deberi
1528 1432 1629 1468 puta-

895 1482 983 1511 mus,
999 1482 1067 1504 non
1084 1483 1123 1503 ex
1140 1482 1235 1512 aequo
1259 1477 1293 1503 et
1310 1472 1412 1510 bono,
1428 1472 1487 1503 sed
1508 1471 1625 1502 acerbe

893 1517 1038 1556 agimus,
1060 1516 1146 1547 nihil
1168 1516 1378 1547 remittentes
1402 1516 1442 1546 de
1462 1516 1541 1556 jure
1564 1524 1625 1545 no-

890 1563 971 1598 stro,
987 1570 1027 1591 ex
1049 1570 1114 1600 quo
1134 1569 1276 1591 summae
1298 1569 1386 1599 saepe
1410 1560 1540 1599 injuriae
1556 1558 1626 1589 exi-

889 1609 997 1634 stunt.
1030 1604 1149 1645 Quint.
1180 1606 1228 1634 11.
1263 1607 1323 1634 aut
1347 1604 1438 1633 intra
1467 1603 1625 1644 parietes,

890 1652 950 1678 aut
971 1657 1097 1678 summo
1110 1645 1194 1689 jure
1213 1647 1367 1687 experiri.
1386 1647 1443 1677 ubi
1465 1656 1496 1677 v.
1515 1645 1624 1677 Graev.

891 1691 1015 1722 Caecin.
1030 1693 1084 1723 23.
1111 1692 1138 1721 si
1160 1691 1267 1721 verbis
1291 1694 1325 1720 et
1347 1690 1466 1728 literis,
1481 1694 1521 1720 ut
1542 1689 1625 1720 dici-

888 1738 959 1773 tur,
987 1739 1023 1766 et
1051 1744 1175 1766 summo
1204 1733 1287 1776 jure
1315 1734 1534 1765 contenditur
1562 1733 1622 1765 &c.

890 1779 978 1826 conf.
994 1779 1072 1810 ibid.
1090 1781 1122 1809 4.
1151 1779 1256 1809 Attio.
1271 1778 1337 1809 xvi.
1355 1780 1406 1809 15.
1434 1777 1555 1818 Quint.
1573 1779 1627 1808 15.

880 1819 944 1863 jus
958 1826 1161 1854 extremum.
1184 1824 1204 1844 ὓ
1218 1821 1378 1859 conditio,
1394 1831 1470 1861 quae
1488 1831 1528 1852 ex
1543 1821 1622 1861 jure

889 1867 1006 1897 oritur.
1032 1876 1064 1897 v.
1081 1863 1145 1907 jus
1169 1865 1279 1903 civile,
1304 1865 1486 1905 privatum,
1515 1864 1625 1906 publi-

890 1919 979 1941 cum.
1003 1908 1037 1948 b)
1056 1909 1156 1941 Arch.
1170 1912 1204 1940 4.
1221 1918 1295 1949 quae
1312 1909 1429 1939 civitas
1441 1918 1520 1939 cum
1534 1913 1622 1939 esset

891 1954 1080 1993 aequissimo
1087 1952 1170 1995 jure
1184 1963 1223 1983 ac
1238 1952 1372 1983 foedere.
1393 1952 1482 1983 *hoc
1493 1952 1626 1991 signifi-

889 2004 944 2028 cat
959 1997 1061 2028 etiam
1084 1998 1119 2028 in
1141 1996 1200 2027 illa
1220 1996 1349 2027 forma:
1374 1995 1503 2036 optimo
1519 1996 1620 2036 jurei

888 2050 948 2082 pro
977 2051 1043 2080 quo
1073 2042 1177 2071 etiam
1214 2040 1338 2071 dicitur
1372 2039 1502 2080 optima
1533 2039 1622 2079 lege,

886 2084 1014 2124 optima
1038 2085 1255 2115 conditione:
1291 2093 1412 2123 nempe
1439 2092 1514 2114 eam
1540 2093 1620 2114 con-

888 2127 1064 2167 ditionem,
1102 2137 1176 2168 quae
1213 2127 1446 2168 plenissimum
1467 2125 1530 2167 jus
1558 2127 1618 2157 ali-

887 2173 982 2210 cujus
1016 2173 1064 2203 rei
1094 2172 1213 2202 affert:
1249 2181 1337 2210 quae,
1367 2178 1407 2201 ut
1439 2169 1537 2200 hodie
1570 2170 1620 2200 di·

886 2222 982 2253 cunt,
997 2225 1077 2247 cum
1095 2215 1251 2246 omnibus
1274 2213 1453 2255 privilegiis
1476 2217 1511 2243 et
1534 2223 1619 2255 prae-

885 2260 1042 2298 rogativis
1058 2261 1240 2298 conjuncta
1255 2262 1315 2288 est.
1338 2258 1457 2305 Quint.
1479 2258 1533 2289 22.
1556 2266 1619 2298 par-

1229 2302 1347 2332 domus
1366 2311 1451 2348 Ξφατε
1476 2301 1617 2341 optimo.

883 2346 999 2386 Agrar.
1035 2347 1082 2377 iii.
1120 2348 1152 2378 2.
1194 2345 1320 2386 praedia
1347 2343 1433 2385 jure
1474 2344 1614 2384 optimo.

882 2390 975 2420 Verr.
1005 2390 1051 2421 iii.
1077 2393 1131 2425 91.
1169 2399 1245 2429 quae
1280 2394 1332 2420 est
1366 2389 1432 2419 ista
1468 2387 1615 2418 conditio

881 2434 1030 2464 Siciliae?
1067 2443 1139 2470 cur,
1165 2443 1240 2473 quae
1267 2433 1397 2473 optimo
1416 2429 1513 2472 jure,
1540 2441 1615 2472 pro-

882 2480 956 2517 pter
972 2478 1222 2516 antiqiiiiatein,
1240 2476 1453 2512 fidelitatem,
1470 2484 1540 2505 esse
1557 2475 1615 2505 de-

882 2521 939 2551 bet
962 2521 1022 2551 ἃς.
1046 2520 1131 2551 Phil.
1155 2531 1186 2551 v.
1215 2521 1263 2551 16.
1289 2520 1406 2550 demus
1429 2518 1613 2558 imperium

883 2564 1026 2594 Caesari.
1051 2565 1096 2594 sit
1118 2574 1178 2605 pro
1207 2567 1348 2605 praetore
1371 2573 1411 2593 eo
1427 2560 1522 2604 jure,
1546 2571 1613 2601 quo

881 2608 937 2647 qui
962 2608 1102 2648 optimo.
1134 2607 1219 2638 Phil.
1244 2607 1288 2637 xi.
1316 2608 1366 2638 12.
1394 2606 1432 2637 C.
1458 2605 1611 2636 Cassium

879 2651 1118 2702 proconsulem
1137 2651 1343 2691 provinciam
1373 2649 1538 2700 obtinere,
1560 2648 1612 2680 uti

880 2696 936 2734 qui
952 2706 1026 2725 eam
1049 2695 1182 2735 optimo,
1191 2704 1276 2736 ymo
1297 2693 1502 2734 provinciam
1525 2692 1614 2723 obti-

879 2739 1002 2769 nuerit.
1027 2749 1056 2769 v.
1081 2738 1196 2769 Festus
1219 2739 1254 2768 in
1277 2737 1346 2767 Lex
1369 2737 1509 2786 optima.
1529 2735 1612 2766 Gro-

879 2791 953 2812 nov.
975 2782 1018 2812 ad
1038 2783 1112 2813 Liv.
1133 2782 1178 2811 ix.
1201 2784 1254 2812 34.
1277 2780 1456 2821 *potestas
1479 2780 1612 2812 iurem

878 2826 1038 2865 aliquam,
1053 2826 1120 2855 sive
1137 2825 1244 2863 justa,
1261 2825 1330 2855 sive
1352 2825 1488 2863 injusta.
1514 2822 1612 2854 Verr.

877 2870 898 2899 i.
916 2873 947 2903 7.
971 2869 1059 2909 quod
1074 2878 1128 2899 eos
1145 2869 1180 2898 in
1191 2868 1374 2907 judicando
1398 2867 1541 2898 nimium
1557 2865 1609 2897 sui

101 2915 179 2942 tata
203 2915 287 2943 erat.
313 2909 346 2951 c)
374 2915 427 2942 est
450 2920 528 2942 vero
551 2912 656 2943 etiam
679 2922 739 2954 pro
752 2910 839 2954 jure
864 2911 959 2954 juris
986 2913 1232 2953 sententiaeque.
1261 2914 1490 2953 cognosceret.
1521 2909 1610 2942 Phil.
