<?xml version="1.0" encoding="UTF-8"?>
<!DOCTYPE html PUBLIC "-//W3C//DTD XHTML 1.0 Transitional//EN"
    "http://www.w3.org/TR/xhtml1/DTD/xhtml1-transitional.dtd">
<html xmlns="http://www.w3.org/1999/xhtml" xml:lang="en" lang="en">
 <head>
  <title>
</title>
<meta http-equiv="Content-Type" content="text/html;charset=utf-8" />
  <meta name='ocr-system' content='tesseract 3.04.00' />
  <meta name='ocr-capabilities' content='ocr_page ocr_carea ocr_par ocr_line ocrx_word'/>
</head>
<body>
  <div class='ocr_page' id='page_1' title='image "./operaomnia05ciceuoft/operaomnia05ciceuoft_0337.png"; bbox 0 0 1804 3178; ppageno 0'>
   <div class='ocr_carea' id='block_1_1' title="bbox 587 100 1057 130">
    <p class='ocr_par' dir='ltr' id='par_1_1' title="bbox 587 100 1057 130">
     <span class='ocr_line' id='line_1_1' title="bbox 587 100 1057 130; baseline 0.004 -2"><span class='ocrx_word' id='word_1_1' title='bbox 587 100 730 129; x_wconf 64' lang='lat' dir='ltr'>lxnnx</span> <span class='ocrx_word' id='word_1_2' title='bbox 764 101 862 128; x_wconf 69' lang='lat' dir='ltr'>LATl</span> <span class='ocrx_word' id='word_1_3' title='bbox 870 101 894 128; x_wconf 82' lang='lat' dir='ltr'>N</span> <span class='ocrx_word' id='word_1_4' title='bbox 902 101 1057 130; x_wconf 70' lang='lat' dir='ltr'>erTts.</span> 
     </span>
    </p>
   </div>
   <div class='ocr_carea' id='block_1_2' title="bbox 43 184 835 2927">
    <p class='ocr_par' dir='ltr' id='par_1_2' title="bbox 77 184 781 227">
     <span class='ocr_line' id='line_1_2' title="bbox 77 184 781 227; baseline 0.003 -12"><span class='ocrx_word' id='word_1_5' title='bbox 77 184 284 225; x_wconf 54' lang='lat' dir='ltr'>assignetur:</span> <span class='ocrx_word' id='word_1_6' title='bbox 310 185 343 217; x_wconf 89' lang='lat' dir='ltr'>h.</span> <span class='ocrx_word' id='word_1_7' title='bbox 360 197 389 218; x_wconf 83' lang='lat' dir='ltr'>e.</span> <span class='ocrx_word' id='word_1_8' title='bbox 405 188 530 227; x_wconf 77' lang='lat' dir='ltr'>ingenii</span> <span class='ocrx_word' id='word_1_9' title='bbox 548 187 781 218; x_wconf 61' lang='lat' dir='ltr'>imbecillitati.</span> 
     </span>
    </p>

    <p class='ocr_par' dir='ltr' id='par_1_3' title="bbox 121 229 720 269">
     <span class='ocr_line' id='line_1_3' title="bbox 121 229 720 269; baseline 0.002 -9"><span class='ocrx_word' id='word_1_10' title='bbox 121 229 313 269; x_wconf 64' lang='lat' dir='ltr'>Insinuare,</span> <span class='ocrx_word' id='word_1_11' title='bbox 332 231 487 261; x_wconf 67' lang='lat' dir='ltr'>refutare.</span> <span class='ocrx_word' id='word_1_12' title='bbox 510 231 544 260; x_wconf 86' lang='lat' dir='ltr'>iu</span> <span class='ocrx_word' id='word_1_13' title='bbox 561 230 672 261; x_wconf 67' lang='lat' dir='ltr'>Cri-cil.</span> <span class='ocrx_word' id='word_1_14' title='bbox 688 236 720 265; x_wconf 92' lang='lat'>9.</span> 
     </span>
    </p>

    <p class='ocr_par' dir='ltr' id='par_1_4' title="bbox 123 273 632 314">
     <span class='ocr_line' id='line_1_4' title="bbox 123 273 632 314; baseline 0.004 -12"><span class='ocrx_word' id='word_1_15' title='bbox 123 273 280 313; x_wconf 74' lang='lat' dir='ltr'>Jrfieiah&#39;s</span> <span class='ocrx_word' id='word_1_16' title='bbox 295 275 444 312; x_wconf 66' lang='lat' dir='ltr'>quaestio.</span> <span class='ocrx_word' id='word_1_17' title='bbox 474 273 556 314; x_wconf 79' lang='lat' dir='ltr'>Top.</span> <span class='ocrx_word' id='word_1_18' title='bbox 580 276 632 304; x_wconf 51' lang='grc' dir='ltr'>εἴ).</span> 
     </span>
    </p>

    <p class='ocr_par' dir='ltr' id='par_1_5' title="bbox 79 316 806 434">
     <span class='ocr_line' id='line_1_5' title="bbox 123 316 805 357; baseline 0.001 -11"><span class='ocrx_word' id='word_1_19' title='bbox 123 316 298 356; x_wconf 56' lang='lat' dir='ltr'>himinum,</span> <span class='ocrx_word' id='word_1_20' title='bbox 327 317 414 347; x_wconf 83' lang='lat' dir='ltr'>unde</span> <span class='ocrx_word' id='word_1_21' title='bbox 446 318 583 357; x_wconf 86' lang='lat' dir='ltr'>petitur.</span> <span class='ocrx_word' id='word_1_22' title='bbox 617 319 674 348; x_wconf 89' lang='lat' dir='ltr'>Or.</span> <span class='ocrx_word' id='word_1_23' title='bbox 707 318 726 347; x_wconf 90' lang='lat' dir='ltr'>i.</span> <span class='ocrx_word' id='word_1_24' title='bbox 754 320 805 351; x_wconf 77' lang='lat'>37.</span> 
     </span>
     <span class='ocr_line' id='line_1_6' title="bbox 79 358 806 401; baseline 0.003 -12"><span class='ocrx_word' id='word_1_25' title='bbox 79 358 218 390; x_wconf 75' lang='lat' dir='ltr'>⁰malus</span> <span class='ocrx_word' id='word_1_26' title='bbox 242 361 381 391; x_wconf 84' lang='lat' dir='ltr'>debitor.</span> <span class='ocrx_word' id='word_1_27' title='bbox 405 360 503 391; x_wconf 81' lang='lat' dir='ltr'>Catil.</span> <span class='ocrx_word' id='word_1_28' title='bbox 520 361 553 391; x_wconf 90' lang='lat' dir='ltr'>ii.</span> <span class='ocrx_word' id='word_1_29' title='bbox 576 364 623 391; x_wconf 87' lang='lat'>10.</span> <span class='ocrx_word' id='word_1_30' title='bbox 648 362 806 401; x_wconf 57' lang='lat' dir='ltr'>histriata-</span> 
     </span>
     <span class='ocr_line' id='line_1_7' title="bbox 79 403 245 434; baseline 0.012 -2"><span class='ocrx_word' id='word_1_31' title='bbox 79 412 132 433; x_wconf 64' lang='grc' dir='ltr'>νει</span> <span class='ocrx_word' id='word_1_32' title='bbox 148 403 245 434; x_wconf 84' lang='lat' dir='ltr'>lenti.</span> 
     </span>
    </p>

    <p class='ocr_par' dir='ltr' id='par_1_6' title="bbox 78 447 806 530">
     <span class='ocr_line' id='line_1_8' title="bbox 125 447 806 488; baseline 0 -11"><span class='ocrx_word' id='word_1_33' title='bbox 125 447 262 487; x_wconf 62' lang='lat' dir='ltr'>lust-tus.</span> <span class='ocrx_word' id='word_1_34' title='bbox 295 447 384 477; x_wconf 84' lang='lat' dir='ltr'>Part.</span> <span class='ocrx_word' id='word_1_35' title='bbox 410 449 440 478; x_wconf 75' lang='grc' dir='ltr'>ί2.</span> <span class='ocrx_word' id='word_1_36' title='bbox 472 448 575 487; x_wconf 59' lang='lat' dir='ltr'>insita</span> <span class='ocrx_word' id='word_1_37' title='bbox 604 448 700 478; x_wconf 78' lang='lat' dir='ltr'>rebus</span> <span class='ocrx_word' id='word_1_38' title='bbox 729 449 806 488; x_wconf 79' lang='lat' dir='ltr'>ipsis</span> 
     </span>
     <span class='ocr_line' id='line_1_9' title="bbox 78 490 662 530; baseline 0.002 -10"><span class='ocrx_word' id='word_1_39' title='bbox 78 495 287 530; x_wconf 70' lang='lat' dir='ltr'>argumenta.</span> <span class='ocrx_word' id='word_1_40' title='bbox 311 490 396 520; x_wconf 76' lang='lat' dir='ltr'>Alibi</span> <span class='ocrx_word' id='word_1_41' title='bbox 412 491 662 528; x_wconf 69' lang='lat' dir='ltr'>insita‚iuu:1t:i.</span> 
     </span>
    </p>

    <p class='ocr_par' dir='ltr' id='par_1_7' title="bbox 69 533 807 705">
     <span class='ocr_line' id='line_1_10' title="bbox 124 533 807 574; baseline 0 -10"><span class='ocrx_word' id='word_1_42' title='bbox 124 533 354 574; x_wconf 77' lang='lat' dir='ltr'>Inflammarc,</span> <span class='ocrx_word' id='word_1_43' title='bbox 367 544 500 573; x_wconf 81' lang='lat' dir='ltr'>augere.</span> <span class='ocrx_word' id='word_1_44' title='bbox 526 535 672 565; x_wconf 60' lang='lat' dir='ltr'>Marcell.</span> <span class='ocrx_word' id='word_1_45' title='bbox 690 538 737 565; x_wconf 84' lang='grc' dir='ltr'>ἱυ.</span> <span class='ocrx_word' id='word_1_46' title='bbox 759 536 807 565; x_wconf 79' lang='lat' dir='ltr'>in-</span> 
     </span>
     <span class='ocr_line' id='line_1_11' title="bbox 69 576 806 617; baseline 0.003 -11"><span class='ocrx_word' id='word_1_47' title='bbox 69 576 255 617; x_wconf 77' lang='lat' dir='ltr'>flammare</span> <span class='ocrx_word' id='word_1_48' title='bbox 284 577 408 608; x_wconf 87' lang='lat' dir='ltr'>odium.</span> <span class='ocrx_word' id='word_1_49' title='bbox 442 579 482 607; x_wconf 72' lang='lat' dir='ltr'>cf.</span> <span class='ocrx_word' id='word_1_50' title='bbox 514 581 588 609; x_wconf 63' lang='lat' dir='ltr'>Art.</span> <span class='ocrx_word' id='word_1_51' title='bbox 615 580 635 608; x_wconf 93' lang='lat' dir='ltr'>i.</span> <span class='ocrx_word' id='word_1_52' title='bbox 662 579 752 608; x_wconf 64' lang='lat' dir='ltr'>Yerr.</span> <span class='ocrx_word' id='word_1_53' title='bbox 782 583 806 609; x_wconf 90' lang='lat'>1.</span> 
     </span>
     <span class='ocr_line' id='line_1_12' title="bbox 79 620 807 661; baseline 0.001 -10"><span class='ocrx_word' id='word_1_54' title='bbox 79 625 115 651; x_wconf 74' lang='lat' dir='ltr'>at</span> <span class='ocrx_word' id='word_1_55' title='bbox 145 620 237 650; x_wconf 84' lang='lat' dir='ltr'>Prov.</span> <span class='ocrx_word' id='word_1_56' title='bbox 258 621 295 651; x_wconf 80' lang='lat' dir='ltr'>C.</span> <span class='ocrx_word' id='word_1_57' title='bbox 317 624 364 652; x_wconf 83' lang='lat'>10.</span> <span class='ocrx_word' id='word_1_58' title='bbox 395 622 605 661; x_wconf 68' lang='lat' dir='ltr'>irfiammarc</span> <span class='ocrx_word' id='word_1_59' title='bbox 621 624 653 652; x_wconf 88' lang='lat' dir='ltr'>iu</span> <span class='ocrx_word' id='word_1_60' title='bbox 670 623 807 659; x_wconf 79' lang='lat' dir='ltr'>amicos,</span> 
     </span>
     <span class='ocr_line' id='line_1_13' title="bbox 80 664 562 705; baseline 0.004 -12"><span class='ocrx_word' id='word_1_61' title='bbox 80 674 140 705; x_wconf 86' lang='lat' dir='ltr'>pro</span> <span class='ocrx_word' id='word_1_62' title='bbox 155 664 268 694; x_wconf 88' lang='lat' dir='ltr'>odium</span> <span class='ocrx_word' id='word_1_63' title='bbox 286 665 421 702; x_wconf 82' lang='lat' dir='ltr'>injicere</span> <span class='ocrx_word' id='word_1_64' title='bbox 437 667 562 696; x_wconf 68' lang='lat' dir='ltr'>:uuit-is.</span> 
     </span>
    </p>

    <p class='ocr_par' dir='ltr' id='par_1_8' title="bbox 79 707 806 782">
     <span class='ocr_line' id='line_1_14' title="bbox 129 707 806 748; baseline 0.001 -11"><span class='ocrx_word' id='word_1_65' title='bbox 129 707 351 748; x_wconf 78' lang='lat' dir='ltr'>Inflammalio</span> <span class='ocrx_word' id='word_1_66' title='bbox 377 710 577 740; x_wconf 85' lang='lat' dir='ltr'>animorum.</span> <span class='ocrx_word' id='word_1_67' title='bbox 611 709 668 740; x_wconf 90' lang='lat' dir='ltr'>Or.</span> <span class='ocrx_word' id='word_1_68' title='bbox 695 709 728 739; x_wconf 88' lang='lat' dir='ltr'>ii.</span> <span class='ocrx_word' id='word_1_69' title='bbox 753 710 806 739; x_wconf 77' lang='lat'>46.</span> 
     </span>
     <span class='ocr_line' id='line_1_15' title="bbox 79 750 339 782; baseline 0.004 -1"><span class='ocrx_word' id='word_1_70' title='bbox 79 750 339 782; x_wconf 74' lang='lat' dir='ltr'>enthusiasmus.</span> 
     </span>
    </p>

    <p class='ocr_par' dir='ltr' id='par_1_9' title="bbox 69 794 808 879">
     <span class='ocr_line' id='line_1_16' title="bbox 127 794 808 836; baseline 0.001 -11"><span class='ocrx_word' id='word_1_71' title='bbox 127 794 262 835; x_wconf 75' lang='lat' dir='ltr'>Inflare.</span> <span class='ocrx_word' id='word_1_72' title='bbox 294 796 389 826; x_wconf 80' lang='lat' dir='ltr'>Arch.</span> <span class='ocrx_word' id='word_1_73' title='bbox 418 800 448 827; x_wconf 78' lang='lat'>8.</span> <span class='ocrx_word' id='word_1_74' title='bbox 480 797 591 827; x_wconf 75' lang='lat' dir='ltr'>dii-ino</span> <span class='ocrx_word' id='word_1_75' title='bbox 615 796 734 836; x_wconf 83' lang='lat' dir='ltr'>spiritu</span> <span class='ocrx_word' id='word_1_76' title='bbox 759 797 808 827; x_wconf 79' lang='lat' dir='ltr'>in-</span> 
     </span>
     <span class='ocr_line' id='line_1_17' title="bbox 69 837 169 879; baseline 0 -11"><span class='ocrx_word' id='word_1_77' title='bbox 69 837 169 879; x_wconf 72' lang='lat' dir='ltr'>flori.</span> 
     </span>
    </p>

    <p class='ocr_par' dir='ltr' id='par_1_10' title="bbox 71 881 809 966">
     <span class='ocr_line' id='line_1_18' title="bbox 126 881 809 922; baseline 0.001 -10"><span class='ocrx_word' id='word_1_78' title='bbox 126 881 267 922; x_wconf 75' lang='lat' dir='ltr'>Infhrtio.</span> <span class='ocrx_word' id='word_1_79' title='bbox 298 883 374 914; x_wconf 90' lang='lat' dir='ltr'>Div.</span> <span class='ocrx_word' id='word_1_80' title='bbox 398 884 420 913; x_wconf 88' lang='lat' dir='ltr'>i.</span> <span class='ocrx_word' id='word_1_81' title='bbox 441 886 494 914; x_wconf 89' lang='lat'>30.</span> <span class='ocrx_word' id='word_1_82' title='bbox 523 884 615 914; x_wconf 87' lang='lat' dir='ltr'>cibus</span> <span class='ocrx_word' id='word_1_83' title='bbox 638 883 739 914; x_wconf 78' lang='lat' dir='ltr'>habet</span> <span class='ocrx_word' id='word_1_84' title='bbox 761 885 809 913; x_wconf 83' lang='lat' dir='ltr'>in-</span> 
     </span>
     <span class='ocr_line' id='line_1_19' title="bbox 71 924 434 966; baseline 0.006 -11"><span class='ocrx_word' id='word_1_85' title='bbox 71 924 249 966; x_wconf 74' lang='lat' dir='ltr'>flationem</span> <span class='ocrx_word' id='word_1_86' title='bbox 266 936 434 965; x_wconf 76' lang='lat' dir='ltr'>maguam.</span> 
     </span>
    </p>

    <p class='ocr_par' dir='ltr' id='par_1_11' title="bbox 79 969 810 1130">
     <span class='ocr_line' id='line_1_20' title="bbox 125 969 810 1011; baseline 0 -10"><span class='ocrx_word' id='word_1_87' title='bbox 125 969 281 1009; x_wconf 71' lang='lat' dir='ltr'>hastatus.</span> <span class='ocrx_word' id='word_1_88' title='bbox 320 974 478 1009; x_wconf 73' lang='lat' dir='ltr'>aegrotus,</span> <span class='ocrx_word' id='word_1_89' title='bbox 509 972 722 1011; x_wconf 82' lang='lat' dir='ltr'>perturbatus</span> <span class='ocrx_word' id='word_1_90' title='bbox 760 971 810 1001; x_wconf 87' lang='lat' dir='ltr'>ira</span> 
     </span>
     <span class='ocr_line' id='line_1_21' title="bbox 81 1012 809 1054; baseline 0.003 -12"><span class='ocrx_word' id='word_1_91' title='bbox 81 1013 141 1043; x_wconf 72' lang='grc' dir='ltr'>ἀο-</span> <span class='ocrx_word' id='word_1_92' title='bbox 164 1012 264 1043; x_wconf 86' lang='lat' dir='ltr'>Tusc.</span> <span class='ocrx_word' id='word_1_93' title='bbox 280 1013 326 1043; x_wconf 87' lang='lat' dir='ltr'>iii.</span> <span class='ocrx_word' id='word_1_94' title='bbox 343 1018 374 1048; x_wconf 89' lang='lat'>9.</span> <span class='ocrx_word' id='word_1_95' title='bbox 405 1013 540 1054; x_wconf 79' lang='lat' dir='ltr'>inflatus</span> <span class='ocrx_word' id='word_1_96' title='bbox 556 1017 698 1046; x_wconf 84' lang='lat' dir='ltr'>animus.</span> <span class='ocrx_word' id='word_1_97' title='bbox 722 1013 809 1045; x_wconf 65' lang='lat' dir='ltr'>*On</span> 
     </span>
     <span class='ocr_line' id='line_1_22' title="bbox 79 1055 810 1097; baseline 0.001 -10"><span class='ocrx_word' id='word_1_98' title='bbox 79 1056 127 1087; x_wconf 89' lang='lat' dir='ltr'>iii.</span> <span class='ocrx_word' id='word_1_99' title='bbox 146 1058 195 1086; x_wconf 90' lang='lat' dir='ltr'>ll.</span> <span class='ocrx_word' id='word_1_100' title='bbox 219 1055 339 1097; x_wconf 70' lang='lat' dir='ltr'>inflata</span> <span class='ocrx_word' id='word_1_101' title='bbox 355 1058 466 1097; x_wconf 83' lang='lat' dir='ltr'>verba,</span> <span class='ocrx_word' id='word_1_102' title='bbox 476 1058 594 1089; x_wconf 86' lang='lat' dir='ltr'>vitium</span> <span class='ocrx_word' id='word_1_103' title='bbox 612 1060 646 1089; x_wconf 89' lang='lat' dir='ltr'>in</span> <span class='ocrx_word' id='word_1_104' title='bbox 664 1067 810 1097; x_wconf 87' lang='lat' dir='ltr'>pronun-</span> 
     </span>
     <span class='ocr_line' id='line_1_23' title="bbox 81 1099 212 1130; baseline 0 0"><span class='ocrx_word' id='word_1_105' title='bbox 81 1099 212 1130; x_wconf 82' lang='lat' dir='ltr'>eiando.</span> 
     </span>
    </p>

    <p class='ocr_par' dir='ltr' id='par_1_12' title="bbox 86 1143 811 1218">
     <span class='ocr_line' id='line_1_24' title="bbox 125 1143 811 1186; baseline 0.003 -12"><span class='ocrx_word' id='word_1_106' title='bbox 125 1143 277 1184; x_wconf 79' lang='lat' dir='ltr'>Inflatus.</span> <span class='ocrx_word' id='word_1_107' title='bbox 304 1144 407 1175; x_wconf 88' lang='lat' dir='ltr'>subst.</span> <span class='ocrx_word' id='word_1_108' title='bbox 431 1145 505 1176; x_wconf 93' lang='lat' dir='ltr'>Div.</span> <span class='ocrx_word' id='word_1_109' title='bbox 522 1146 541 1175; x_wconf 89' lang='lat' dir='ltr'>i.</span> <span class='ocrx_word' id='word_1_110' title='bbox 558 1145 588 1176; x_wconf 89' lang='lat'>6.</span> <span class='ocrx_word' id='word_1_111' title='bbox 612 1144 748 1186; x_wconf 76' lang='lat' dir='ltr'>inflatus</span> <span class='ocrx_word' id='word_1_112' title='bbox 762 1145 811 1176; x_wconf 90' lang='lat' dir='ltr'>di-</span> 
     </span>
     <span class='ocr_line' id='line_1_25' title="bbox 86 1196 196 1218; baseline -0.009 0"><span class='ocrx_word' id='word_1_113' title='bbox 86 1196 196 1218; x_wconf 86' lang='lat' dir='ltr'>vmus.</span> 
     </span>
    </p>

    <p class='ocr_par' dir='ltr' id='par_1_13' title="bbox 82 1230 813 1479">
     <span class='ocr_line' id='line_1_26' title="bbox 126 1230 813 1272; baseline 0.004 -12"><span class='ocrx_word' id='word_1_114' title='bbox 126 1230 306 1270; x_wconf 80' lang='lat' dir='ltr'>Inflectere.</span> <span class='ocrx_word' id='word_1_115' title='bbox 330 1230 424 1261; x_wconf 86' lang='lat' dir='ltr'>Brut.</span> <span class='ocrx_word' id='word_1_116' title='bbox 451 1236 482 1266; x_wconf 89' lang='grc'>9.</span> <span class='ocrx_word' id='word_1_117' title='bbox 512 1231 676 1272; x_wconf 78' lang='lat' dir='ltr'>inflectere</span> <span class='ocrx_word' id='word_1_118' title='bbox 689 1233 813 1263; x_wconf 87' lang='lat' dir='ltr'>oratio-</span> 
     </span>
     <span class='ocr_line' id='line_1_27' title="bbox 83 1274 812 1307; baseline 0.003 -2"><span class='ocrx_word' id='word_1_119' title='bbox 83 1283 179 1305; x_wconf 86' lang='lat' dir='ltr'>nem:</span> <span class='ocrx_word' id='word_1_120' title='bbox 206 1274 238 1304; x_wconf 90' lang='lat' dir='ltr'>h.</span> <span class='ocrx_word' id='word_1_121' title='bbox 253 1285 281 1304; x_wconf 89' lang='lat' dir='ltr'>e.</span> <span class='ocrx_word' id='word_1_122' title='bbox 295 1274 479 1306; x_wconf 80' lang='lat' dir='ltr'>molliorem</span> <span class='ocrx_word' id='word_1_123' title='bbox 492 1284 526 1306; x_wconf 86' lang='lat' dir='ltr'>et</span> <span class='ocrx_word' id='word_1_124' title='bbox 537 1276 722 1307; x_wconf 83' lang='lat' dir='ltr'>suaviorem</span> <span class='ocrx_word' id='word_1_125' title='bbox 739 1277 812 1307; x_wconf 87' lang='lat' dir='ltr'>red-</span> 
     </span>
     <span class='ocr_line' id='line_1_28' title="bbox 83 1317 810 1360; baseline 0.001 -12"><span class='ocrx_word' id='word_1_126' title='bbox 83 1317 173 1349; x_wconf 84' lang='lat' dir='ltr'>dere.</span> <span class='ocrx_word' id='word_1_127' title='bbox 200 1317 324 1358; x_wconf 64' lang='lat' dir='ltr'>‘Quin</span> <span class='ocrx_word' id='word_1_128' title='bbox 341 1328 373 1358; x_wconf 86' lang='lat' dir='ltr'>p.</span> <span class='ocrx_word' id='word_1_129' title='bbox 391 1319 429 1349; x_wconf 82' lang='lat' dir='ltr'>R.</span> <span class='ocrx_word' id='word_1_130' title='bbox 447 1322 476 1350; x_wconf 87' lang='grc'>3.</span> <span class='ocrx_word' id='word_1_131' title='bbox 503 1319 665 1360; x_wconf 48' lang='lat' dir='ltr'>inflectere</span> <span class='ocrx_word' id='word_1_132' title='bbox 679 1321 810 1355; x_wconf 85' lang='lat' dir='ltr'>oculos:</span> 
     </span>
     <span class='ocr_line' id='line_1_29' title="bbox 83 1360 811 1395; baseline 0.004 -4"><span class='ocrx_word' id='word_1_133' title='bbox 83 1360 119 1392; x_wconf 86' lang='lat' dir='ltr'>h.</span> <span class='ocrx_word' id='word_1_134' title='bbox 144 1371 173 1391; x_wconf 92' lang='lat' dir='ltr'>e.</span> <span class='ocrx_word' id='word_1_135' title='bbox 198 1371 329 1392; x_wconf 86' lang='lat' dir='ltr'>movere</span> <span class='ocrx_word' id='word_1_136' title='bbox 352 1361 393 1392; x_wconf 88' lang='lat' dir='ltr'>ad</span> <span class='ocrx_word' id='word_1_137' title='bbox 417 1362 575 1394; x_wconf 88' lang='lat' dir='ltr'>dolorem.</span> <span class='ocrx_word' id='word_1_138' title='bbox 598 1363 671 1394; x_wconf 69' lang='lat' dir='ltr'>¹*ad</span> <span class='ocrx_word' id='word_1_139' title='bbox 692 1364 768 1395; x_wconf 92' lang='lat' dir='ltr'>Div.</span> <span class='ocrx_word' id='word_1_140' title='bbox 790 1365 811 1395; x_wconf 89' lang='lat' dir='ltr'>i.</span> 
     </span>
     <span class='ocr_line' id='line_1_30' title="bbox 82 1406 813 1447; baseline 0.005 -12"><span class='ocrx_word' id='word_1_141' title='bbox 82 1408 115 1439; x_wconf 84' lang='grc'>7.</span> <span class='ocrx_word' id='word_1_142' title='bbox 147 1406 415 1444; x_wconf 83' lang='lat' dir='ltr'>magmtudinern</span> <span class='ocrx_word' id='word_1_143' title='bbox 443 1407 546 1438; x_wconf 87' lang='lat' dir='ltr'>animi</span> <span class='ocrx_word' id='word_1_144' title='bbox 568 1407 748 1447; x_wconf 68' lang='lat' dir='ltr'>irfiectere:</span> <span class='ocrx_word' id='word_1_145' title='bbox 779 1408 813 1440; x_wconf 87' lang='lat' dir='ltr'>h,</span> 
     </span>
     <span class='ocr_line' id='line_1_31' title="bbox 85 1448 324 1479; baseline 0.004 -1"><span class='ocrx_word' id='word_1_146' title='bbox 85 1458 115 1479; x_wconf 84' lang='lat' dir='ltr'>e.</span> <span class='ocrx_word' id='word_1_147' title='bbox 134 1448 324 1479; x_wconf 80' lang='lat' dir='ltr'><strong>demittere.</strong></span> 
     </span>
    </p>

    <p class='ocr_par' dir='ltr' id='par_1_14' title="bbox 130 1491 746 1532">
     <span class='ocr_line' id='line_1_32' title="bbox 130 1491 746 1532; baseline 0.005 -11"><span class='ocrx_word' id='word_1_148' title='bbox 130 1491 277 1532; x_wconf 66' lang='lat' dir='ltr'>Irfiexus</span> <span class='ocrx_word' id='word_1_149' title='bbox 292 1502 404 1523; x_wconf 66' lang='lat' dir='ltr'>sonus».</span> <span class='ocrx_word' id='word_1_150' title='bbox 434 1493 491 1523; x_wconf 91' lang='lat' dir='ltr'>Or.</span> <span class='ocrx_word' id='word_1_151' title='bbox 513 1496 562 1528; x_wconf 90' lang='grc'>17.</span> <span class='ocrx_word' id='word_1_152' title='bbox 592 1504 621 1523; x_wconf 86' lang='grc' dir='ltr'>ν.</span> <span class='ocrx_word' id='word_1_153' title='bbox 639 1494 746 1524; x_wconf 86' lang='lat' dir='ltr'>flexio.</span> 
     </span>
    </p>

    <p class='ocr_par' dir='ltr' id='par_1_15' title="bbox 76 1535 818 1795">
     <span class='ocr_line' id='line_1_33' title="bbox 129 1535 816 1580; baseline 0.003 -13"><span class='ocrx_word' id='word_1_154' title='bbox 129 1535 288 1576; x_wconf 60' lang='lat' dir='ltr'>Irfffluere,</span> <span class='ocrx_word' id='word_1_155' title='bbox 311 1535 452 1576; x_wconf 87' lang='lat' dir='ltr'>placere.</span> <span class='ocrx_word' id='word_1_156' title='bbox 478 1537 543 1567; x_wconf 84' lang='lat' dir='ltr'>Off.</span> <span class='ocrx_word' id='word_1_157' title='bbox 568 1537 602 1567; x_wconf 91' lang='lat' dir='ltr'>ii.</span> <span class='ocrx_word' id='word_1_158' title='bbox 617 1542 649 1572; x_wconf 89' lang='lat'>9.</span> <span class='ocrx_word' id='word_1_159' title='bbox 678 1538 816 1580; x_wconf 76' lang='lat' dir='ltr'>influere</span> 
     </span>
     <span class='ocr_line' id='line_1_34' title="bbox 85 1578 817 1613; baseline 0.005 -4"><span class='ocrx_word' id='word_1_160' title='bbox 85 1578 122 1610; x_wconf 86' lang='lat' dir='ltr'>in</span> <span class='ocrx_word' id='word_1_161' title='bbox 149 1579 278 1610; x_wconf 88' lang='lat' dir='ltr'>animos</span> <span class='ocrx_word' id='word_1_162' title='bbox 307 1580 545 1611; x_wconf 84' lang='lat' dir='ltr'>multitudinis.</span> <span class='ocrx_word' id='word_1_163' title='bbox 577 1580 659 1612; x_wconf 84' lang='lat' dir='ltr'>Lael.</span> <span class='ocrx_word' id='word_1_164' title='bbox 686 1584 739 1613; x_wconf 73' lang='lat'>25.</span> <span class='ocrx_word' id='word_1_165' title='bbox 767 1583 817 1613; x_wconf 79' lang='lat' dir='ltr'>iu-</span> 
     </span>
     <span class='ocr_line' id='line_1_35' title="bbox 76 1620 816 1665; baseline 0.007 -13"><span class='ocrx_word' id='word_1_166' title='bbox 76 1620 207 1664; x_wconf 75' lang='lat' dir='ltr'>flneba&#39;t</span> <span class='ocrx_word' id='word_1_167' title='bbox 230 1624 265 1653; x_wconf 90' lang='lat' dir='ltr'>in</span> <span class='ocrx_word' id='word_1_168' title='bbox 289 1633 384 1654; x_wconf 83' lang='lat' dir='ltr'>aures</span> <span class='ocrx_word' id='word_1_169' title='bbox 402 1625 582 1655; x_wconf 81' lang='lat' dir='ltr'>concionis.</span> <span class='ocrx_word' id='word_1_170' title='bbox 614 1625 693 1665; x_wconf 85' lang='lat' dir='ltr'>Leg.</span> <span class='ocrx_word' id='word_1_171' title='bbox 711 1626 746 1656; x_wconf 81' lang='lat' dir='ltr'>ii.</span> <span class='ocrx_word' id='word_1_172' title='bbox 767 1629 816 1657; x_wconf 88' lang='lat'>15.</span> 
     </span>
     <span class='ocr_line' id='line_1_36' title="bbox 88 1666 817 1709; baseline 0.005 -13"><span class='ocrx_word' id='word_1_173' title='bbox 88 1666 173 1697; x_wconf 85' lang='lat' dir='ltr'>nihil</span> <span class='ocrx_word' id='word_1_174' title='bbox 195 1674 264 1697; x_wconf 84' lang='lat' dir='ltr'>tam</span> <span class='ocrx_word' id='word_1_175' title='bbox 291 1666 386 1697; x_wconf 80' lang='lat' dir='ltr'>facile</span> <span class='ocrx_word' id='word_1_176' title='bbox 405 1668 438 1697; x_wconf 89' lang='lat' dir='ltr'>in</span> <span class='ocrx_word' id='word_1_177' title='bbox 456 1668 584 1699; x_wconf 87' lang='lat' dir='ltr'>animos</span> <span class='ocrx_word' id='word_1_178' title='bbox 600 1668 720 1709; x_wconf 79' lang='lat' dir='ltr'>influit.</span> <span class='ocrx_word' id='word_1_179' title='bbox 743 1670 817 1700; x_wconf 68' lang='lat' dir='ltr'>*ir-</span> 
     </span>
     <span class='ocr_line' id='line_1_37' title="bbox 87 1711 818 1752; baseline 0.003 -11"><span class='ocrx_word' id='word_1_180' title='bbox 87 1719 254 1750; x_wconf 86' lang='lat' dir='ltr'>rumpere.</span> <span class='ocrx_word' id='word_1_181' title='bbox 280 1711 373 1742; x_wconf 89' lang='lat' dir='ltr'>Prov.</span> <span class='ocrx_word' id='word_1_182' title='bbox 386 1711 423 1742; x_wconf 90' lang='lat' dir='ltr'>C.</span> <span class='ocrx_word' id='word_1_183' title='bbox 441 1715 488 1742; x_wconf 90' lang='grc'>13.</span> <span class='ocrx_word' id='word_1_184' title='bbox 513 1711 684 1752; x_wconf 75' lang='lat' dir='ltr'>influentes</span> <span class='ocrx_word' id='word_1_185' title='bbox 699 1713 733 1743; x_wconf 90' lang='lat' dir='ltr'>in</span> <span class='ocrx_word' id='word_1_186' title='bbox 752 1712 818 1744; x_wconf 82' lang='lat' dir='ltr'>lta-</span> 
     </span>
     <span class='ocr_line' id='line_1_38' title="bbox 90 1753 490 1795; baseline 0.005 -12"><span class='ocrx_word' id='word_1_187' title='bbox 90 1753 169 1784; x_wconf 85' lang='lat' dir='ltr'>liam</span> <span class='ocrx_word' id='word_1_188' title='bbox 186 1753 358 1784; x_wconf 64' lang='lat' dir='ltr'>Gallorum</span> <span class='ocrx_word' id='word_1_189' title='bbox 376 1755 490 1795; x_wconf 82' lang='lat' dir='ltr'>copiae.</span> 
     </span>
    </p>

    <p class='ocr_par' dir='ltr' id='par_1_16' title="bbox 90 1796 820 2002">
     <span class='ocr_line' id='line_1_39' title="bbox 137 1796 818 1837; baseline 0.004 -10"><span class='ocrx_word' id='word_1_190' title='bbox 137 1796 337 1837; x_wconf 49' lang='lat' dir='ltr'>lusor-mare,</span> <span class='ocrx_word' id='word_1_191' title='bbox 370 1798 566 1830; x_wconf 82' lang='lat' dir='ltr'>describere.</span> <span class='ocrx_word' id='word_1_192' title='bbox 598 1800 670 1830; x_wconf 84' lang='lat' dir='ltr'>Att.</span> <span class='ocrx_word' id='word_1_193' title='bbox 702 1800 757 1830; x_wconf 89' lang='lat' dir='ltr'>vii.</span> <span class='ocrx_word' id='word_1_194' title='bbox 786 1803 818 1831; x_wconf 91' lang='lat'>3.</span> 
     </span>
     <span class='ocr_line' id='line_1_40' title="bbox 90 1841 820 1882; baseline 0.004 -11"><span class='ocrx_word' id='word_1_195' title='bbox 90 1841 147 1880; x_wconf 81' lang='lat' dir='ltr'>qui</span> <span class='ocrx_word' id='word_1_196' title='bbox 171 1841 206 1871; x_wconf 87' lang='lat' dir='ltr'>in</span> <span class='ocrx_word' id='word_1_197' title='bbox 230 1842 273 1871; x_wconf 91' lang='lat' dir='ltr'>vi.</span> <span class='ocrx_word' id='word_1_198' title='bbox 289 1841 372 1871; x_wconf 89' lang='lat' dir='ltr'>libro</span> <span class='ocrx_word' id='word_1_199' title='bbox 395 1841 592 1882; x_wconf 52' lang='lat' dir='ltr'>informatus</span> <span class='ocrx_word' id='word_1_200' title='bbox 613 1847 674 1874; x_wconf 87' lang='lat' dir='ltr'>est.</span> <span class='ocrx_word' id='word_1_201' title='bbox 697 1842 820 1873; x_wconf 67' lang='lat' dir='ltr'>*com-</span> 
     </span>
     <span class='ocr_line' id='line_1_41' title="bbox 91 1885 819 1926; baseline 0.005 -13"><span class='ocrx_word' id='word_1_202' title='bbox 91 1893 228 1925; x_wconf 86' lang='lat' dir='ltr'>ponere,</span> <span class='ocrx_word' id='word_1_203' title='bbox 257 1885 433 1916; x_wconf 86' lang='lat' dir='ltr'>instruere.</span> <span class='ocrx_word' id='word_1_204' title='bbox 467 1886 549 1916; x_wconf 83' lang='lat' dir='ltr'>Suu.</span> <span class='ocrx_word' id='word_1_205' title='bbox 579 1889 626 1917; x_wconf 86' lang='grc'>18.</span> <span class='ocrx_word' id='word_1_206' title='bbox 660 1886 819 1926; x_wconf 71' lang='lat' dir='ltr'>injbrmat</span> 
     </span>
     <span class='ocr_line' id='line_1_42' title="bbox 92 1927 819 1962; baseline 0.004 -4"><span class='ocrx_word' id='word_1_207' title='bbox 92 1927 201 1958; x_wconf 84' lang='lat' dir='ltr'>adhue</span> <span class='ocrx_word' id='word_1_208' title='bbox 224 1927 461 1960; x_wconf 85' lang='lat' dir='ltr'>adumbratum</span> <span class='ocrx_word' id='word_1_209' title='bbox 485 1929 648 1960; x_wconf 84' lang='lat' dir='ltr'>iudicium</span> <span class='ocrx_word' id='word_1_210' title='bbox 668 1930 739 1961; x_wconf 81' lang='lat' dir='ltr'>filii.</span> <span class='ocrx_word' id='word_1_211' title='bbox 754 1930 819 1962; x_wconf 85' lang='lat' dir='ltr'>vid.</span> 
     </span>
     <span class='ocr_line' id='line_1_43' title="bbox 92 1971 344 2002; baseline -0.004 0"><span class='ocrx_word' id='word_1_212' title='bbox 92 1971 199 2002; x_wconf 81' lang='lat' dir='ltr'>Graev.</span> <span class='ocrx_word' id='word_1_213' title='bbox 220 1971 261 2001; x_wconf 83' lang='lat' dir='ltr'>ad</span> <span class='ocrx_word' id='word_1_214' title='bbox 275 1971 307 2002; x_wconf 84' lang='lat' dir='ltr'>h.</span> <span class='ocrx_word' id='word_1_215' title='bbox 323 1971 344 2001; x_wconf 85' lang='lat'>1.</span> 
     </span>
    </p>

    <p class='ocr_par' dir='ltr' id='par_1_17' title="bbox 92 2014 822 2144">
     <span class='ocr_line' id='line_1_44' title="bbox 143 2014 822 2055; baseline 0.006 -11"><span class='ocrx_word' id='word_1_216' title='bbox 143 2014 334 2055; x_wconf 73' lang='lat' dir='ltr'>[usin-matio</span> <span class='ocrx_word' id='word_1_217' title='bbox 349 2016 449 2046; x_wconf 87' lang='lat' dir='ltr'>verbi.</span> <span class='ocrx_word' id='word_1_218' title='bbox 483 2017 572 2048; x_wconf 89' lang='lat' dir='ltr'>Part.</span> <span class='ocrx_word' id='word_1_219' title='bbox 587 2019 640 2052; x_wconf 77' lang='lat'>29.</span> <span class='ocrx_word' id='word_1_220' title='bbox 673 2021 725 2048; x_wconf 86' lang='lat' dir='ltr'>est</span> <span class='ocrx_word' id='word_1_221' title='bbox 739 2017 822 2048; x_wconf 78' lang='lat' dir='ltr'>defi-</span> 
     </span>
     <span class='ocr_line' id='line_1_45' title="bbox 96 2058 820 2100; baseline 0.003 -11"><span class='ocrx_word' id='word_1_222' title='bbox 96 2059 180 2089; x_wconf 86' lang='lat' dir='ltr'>nitio</span> <span class='ocrx_word' id='word_1_223' title='bbox 203 2065 263 2088; x_wconf 81' lang='lat' dir='ltr'>aut</span> <span class='ocrx_word' id='word_1_224' title='bbox 287 2058 475 2100; x_wconf 79' lang='lat' dir='ltr'>descriptio,</span> <span class='ocrx_word' id='word_1_225' title='bbox 492 2061 572 2090; x_wconf 85' lang='lat' dir='ltr'>item</span> <span class='ocrx_word' id='word_1_226' title='bbox 591 2065 643 2091; x_wconf 87' lang='lat' dir='ltr'>est</span> <span class='ocrx_word' id='word_1_227' title='bbox 666 2061 820 2091; x_wconf 82' lang='lat' dir='ltr'>Graecum</span> 
     </span>
     <span class='ocr_line' id='line_1_46' title="bbox 92 2101 821 2144; baseline 0.003 -12"><span class='ocrx_word' id='word_1_228' title='bbox 92 2101 262 2144; x_wconf 62' lang='grc' dir='ltr'>νςόληψις.</span> <span class='ocrx_word' id='word_1_229' title='bbox 281 2102 324 2133; x_wconf 91' lang='grc' dir='ltr'>Ν.</span> <span class='ocrx_word' id='word_1_230' title='bbox 342 2102 384 2133; x_wconf 90' lang='grc'>1).</span> <span class='ocrx_word' id='word_1_231' title='bbox 402 2104 422 2133; x_wconf 93' lang='lat' dir='ltr'>i.</span> <span class='ocrx_word' id='word_1_232' title='bbox 439 2106 489 2137; x_wconf 72' lang='lat'>27.</span> <span class='ocrx_word' id='word_1_233' title='bbox 514 2114 543 2134; x_wconf 88' lang='lat' dir='ltr'>v.</span> <span class='ocrx_word' id='word_1_234' title='bbox 560 2109 595 2134; x_wconf 89' lang='lat' dir='ltr'>et</span> <span class='ocrx_word' id='word_1_235' title='bbox 611 2103 821 2135; x_wconf 85' lang='lat' dir='ltr'>informatus.</span> 
     </span>
    </p>

    <p class='ocr_par' dir='ltr' id='par_1_18' title="bbox 43 2146 826 2534">
     <span class='ocr_line' id='line_1_47' title="bbox 144 2146 822 2185; baseline 0.004 -10"><span class='ocrx_word' id='word_1_236' title='bbox 144 2146 356 2185; x_wconf 69' lang='lat' dir='ltr'>anorJnaens,</span> <span class='ocrx_word' id='word_1_237' title='bbox 374 2147 612 2177; x_wconf 81' lang='lat' dir='ltr'>adumbratus:</span> <span class='ocrx_word' id='word_1_238' title='bbox 637 2148 719 2178; x_wconf 86' lang='lat' dir='ltr'>item</span> <span class='ocrx_word' id='word_1_239' title='bbox 744 2157 822 2178; x_wconf 90' lang='lat' dir='ltr'>con-</span> 
     </span>
     <span class='ocr_line' id='line_1_48' title="bbox 43 2189 822 2230; baseline 0.004 -11"><span class='ocrx_word' id='word_1_240' title='bbox 43 2226 49 2230; x_wconf 26' lang='lat'><em>*</em></span> <span class='ocrx_word' id='word_1_241' title='bbox 93 2189 247 2220; x_wconf 81' lang='lat' dir='ltr'>stitutus.</span> <span class='ocrx_word' id='word_1_242' title='bbox 276 2190 396 2230; x_wconf 71' lang='lat' dir='ltr'>Quint.</span> <span class='ocrx_word' id='word_1_243' title='bbox 426 2194 472 2220; x_wconf 85' lang='lat'>10.</span> <span class='ocrx_word' id='word_1_244' title='bbox 506 2190 685 2230; x_wconf 64' lang='lat' dir='ltr'>irgsbrmata</span> <span class='ocrx_word' id='word_1_245' title='bbox 711 2201 822 2222; x_wconf 86' lang='lat' dir='ltr'>causa.</span> 
     </span>
     <span class='ocr_line' id='line_1_49' title="bbox 94 2233 822 2273; baseline 0.004 -11"><span class='ocrx_word' id='word_1_246' title='bbox 94 2234 164 2263; x_wconf 79' lang='lat' dir='ltr'>Att.</span> <span class='ocrx_word' id='word_1_247' title='bbox 181 2233 224 2262; x_wconf 87' lang='lat' dir='ltr'>xi.</span> <span class='ocrx_word' id='word_1_248' title='bbox 242 2234 272 2263; x_wconf 82' lang='lat'>6.</span> <span class='ocrx_word' id='word_1_249' title='bbox 300 2234 498 2273; x_wconf 84' lang='lat' dir='ltr'>proscriptio</span> <span class='ocrx_word' id='word_1_250' title='bbox 521 2243 586 2264; x_wconf 89' lang='lat' dir='ltr'>non</span> <span class='ocrx_word' id='word_1_251' title='bbox 609 2235 822 2273; x_wconf 81' lang='lat' dir='ltr'>nominatim,</span> 
     </span>
     <span class='ocr_line' id='line_1_50' title="bbox 95 2276 823 2318; baseline 0.003 -12"><span class='ocrx_word' id='word_1_252' title='bbox 95 2276 154 2306; x_wconf 84' lang='lat' dir='ltr'>sed</span> <span class='ocrx_word' id='word_1_253' title='bbox 170 2277 355 2315; x_wconf 81' lang='lat' dir='ltr'>generatim</span> <span class='ocrx_word' id='word_1_254' title='bbox 372 2277 561 2318; x_wconf 75' lang='lat' dir='ltr'>informata.</span> <span class='ocrx_word' id='word_1_255' title='bbox 586 2279 656 2308; x_wconf 82' lang='lat' dir='ltr'>Att.</span> <span class='ocrx_word' id='word_1_256' title='bbox 674 2278 695 2308; x_wconf 91' lang='lat' dir='ltr'>i.</span> <span class='ocrx_word' id='word_1_257' title='bbox 717 2281 743 2308; x_wconf 89' lang='lat'>1.</span> <span class='ocrx_word' id='word_1_258' title='bbox 765 2287 823 2318; x_wconf 83' lang='lat' dir='ltr'>pe-</span> 
     </span>
     <span class='ocr_line' id='line_1_51' title="bbox 95 2319 824 2361; baseline 0.004 -12"><span class='ocrx_word' id='word_1_259' title='bbox 95 2320 235 2350; x_wconf 80' lang='lat' dir='ltr'>titorum</span> <span class='ocrx_word' id='word_1_260' title='bbox 261 2319 331 2350; x_wconf 83' lang='lat' dir='ltr'>haee</span> <span class='ocrx_word' id='word_1_261' title='bbox 348 2326 399 2351; x_wconf 85' lang='lat' dir='ltr'>est</span> <span class='ocrx_word' id='word_1_262' title='bbox 415 2321 523 2351; x_wconf 86' lang='lat' dir='ltr'>adhuc</span> <span class='ocrx_word' id='word_1_263' title='bbox 539 2320 720 2361; x_wconf 57' lang='lat' dir='ltr'>informata</span> <span class='ocrx_word' id='word_1_264' title='bbox 735 2322 824 2361; x_wconf 85' lang='lat' dir='ltr'>cogi-</span> 
     </span>
     <span class='ocr_line' id='line_1_52' title="bbox 96 2363 826 2396; baseline 0.003 -3"><span class='ocrx_word' id='word_1_265' title='bbox 96 2363 190 2393; x_wconf 84' lang='lat' dir='ltr'>tatio.</span> <span class='ocrx_word' id='word_1_266' title='bbox 220 2363 285 2394; x_wconf 83' lang='lat' dir='ltr'>Off.</span> <span class='ocrx_word' id='word_1_267' title='bbox 309 2364 330 2394; x_wconf 90' lang='lat' dir='ltr'>i.</span> <span class='ocrx_word' id='word_1_268' title='bbox 347 2367 379 2394; x_wconf 84' lang='lat'>4.</span> <span class='ocrx_word' id='word_1_269' title='bbox 410 2365 541 2395; x_wconf 88' lang='lat' dir='ltr'>animus</span> <span class='ocrx_word' id='word_1_270' title='bbox 565 2366 647 2395; x_wconf 83' lang='lat' dir='ltr'>bene</span> <span class='ocrx_word' id='word_1_271' title='bbox 671 2370 826 2396; x_wconf 71' lang='lat' dir='ltr'>anatur-a</span> 
     </span>
     <span class='ocr_line' id='line_1_53' title="bbox 97 2405 825 2446; baseline 0.003 -9"><span class='ocrx_word' id='word_1_272' title='bbox 97 2405 308 2446; x_wconf 59' lang='lat' dir='ltr'>informatus,</span> <span class='ocrx_word' id='word_1_273' title='bbox 335 2411 386 2437; x_wconf 87' lang='lat' dir='ltr'>est</span> <span class='ocrx_word' id='word_1_274' title='bbox 411 2407 567 2445; x_wconf 77' lang='lat' dir='ltr'>liber-aiis,</span> <span class='ocrx_word' id='word_1_275' title='bbox 591 2408 768 2446; x_wconf 76' lang='lat' dir='ltr'>ingenuus.</span> <span class='ocrx_word' id='word_1_276' title='bbox 794 2418 825 2440; x_wconf 87' lang='grc' dir='ltr'>ν.</span> 
     </span>
     <span class='ocr_line' id='line_1_54' title="bbox 99 2451 825 2482; baseline 0.003 -2"><span class='ocrx_word' id='word_1_277' title='bbox 99 2451 315 2481; x_wconf 88' lang='lat' dir='ltr'>constitutus.</span> <span class='ocrx_word' id='word_1_278' title='bbox 327 2451 407 2481; x_wconf 80' lang='lat' dir='ltr'>item</span> <span class='ocrx_word' id='word_1_279' title='bbox 421 2451 461 2481; x_wconf 86' lang='lat' dir='ltr'>de</span> <span class='ocrx_word' id='word_1_280' title='bbox 470 2451 549 2482; x_wconf 85' lang='lat' dir='ltr'>ideis</span> <span class='ocrx_word' id='word_1_281' title='bbox 562 2452 685 2482; x_wconf 88' lang='lat' dir='ltr'>innatis</span> <span class='ocrx_word' id='word_1_282' title='bbox 694 2455 728 2482; x_wconf 82' lang='lat' dir='ltr'>et</span> <span class='ocrx_word' id='word_1_283' title='bbox 738 2452 825 2482; x_wconf 86' lang='lat' dir='ltr'>anti-</span> 
     </span>
     <span class='ocr_line' id='line_1_55' title="bbox 101 2494 465 2534; baseline 0 -9"><span class='ocrx_word' id='word_1_284' title='bbox 101 2494 231 2534; x_wconf 81' lang='lat' dir='ltr'>cipatis.</span> <span class='ocrx_word' id='word_1_285' title='bbox 254 2494 299 2525; x_wconf 86' lang='lat' dir='ltr'>N.</span> <span class='ocrx_word' id='word_1_286' title='bbox 313 2494 357 2525; x_wconf 91' lang='lat' dir='ltr'>D.</span> <span class='ocrx_word' id='word_1_287' title='bbox 374 2495 395 2524; x_wconf 90' lang='lat' dir='ltr'>i.</span> <span class='ocrx_word' id='word_1_288' title='bbox 412 2496 465 2529; x_wconf 78' lang='lat'>27.</span> 
     </span>
    </p>

    <p class='ocr_par' dir='ltr' id='par_1_19' title="bbox 97 2536 827 2654">
     <span class='ocr_line' id='line_1_56' title="bbox 145 2536 827 2578; baseline 0.001 -10"><span class='ocrx_word' id='word_1_289' title='bbox 145 2536 340 2578; x_wconf 60' lang='lat' dir='ltr'>Irgsrequem</span> <span class='ocrx_word' id='word_1_290' title='bbox 368 2548 478 2568; x_wconf 78' lang='lat' dir='ltr'>causa.</span> <span class='ocrx_word' id='word_1_291' title='bbox 513 2537 607 2568; x_wconf 82' lang='lat' dir='ltr'>Orat.</span> <span class='ocrx_word' id='word_1_292' title='bbox 637 2539 671 2568; x_wconf 90' lang='lat' dir='ltr'>ii.</span> <span class='ocrx_word' id='word_1_293' title='bbox 699 2542 752 2573; x_wconf 83' lang='lat'>79.</span> <span class='ocrx_word' id='word_1_294' title='bbox 793 2539 827 2569; x_wconf 92' lang='lat' dir='ltr'>in</span> 
     </span>
     <span class='ocr_line' id='line_1_57' title="bbox 100 2581 827 2622; baseline 0.001 -11"><span class='ocrx_word' id='word_1_295' title='bbox 100 2590 167 2620; x_wconf 85' lang='lat' dir='ltr'>qua</span> <span class='ocrx_word' id='word_1_296' title='bbox 189 2581 319 2621; x_wconf 82' lang='lat' dir='ltr'>agenda</span> <span class='ocrx_word' id='word_1_297' title='bbox 340 2582 437 2622; x_wconf 85' lang='lat' dir='ltr'>pauci</span> <span class='ocrx_word' id='word_1_298' title='bbox 461 2581 628 2612; x_wconf 80' lang='lat' dir='ltr'>auditores</span> <span class='ocrx_word' id='word_1_299' title='bbox 648 2581 761 2613; x_wconf 84' lang='lat' dir='ltr'>adesse</span> <span class='ocrx_word' id='word_1_300' title='bbox 776 2592 827 2612; x_wconf 89' lang='lat' dir='ltr'>so-</span> 
     </span>
     <span class='ocr_line' id='line_1_58' title="bbox 97 2623 180 2654; baseline 0 0"><span class='ocrx_word' id='word_1_301' title='bbox 97 2623 180 2654; x_wconf 80' lang='lat' dir='ltr'>lent.</span> 
     </span>
    </p>

    <p class='ocr_par' dir='ltr' id='par_1_20' title="bbox 101 2666 828 2751">
     <span class='ocr_line' id='line_1_59' title="bbox 146 2666 828 2709; baseline 0.001 -11"><span class='ocrx_word' id='word_1_302' title='bbox 146 2666 346 2709; x_wconf 56' lang='lat' dir='ltr'>Irfiingere.</span> <span class='ocrx_word' id='word_1_303' title='bbox 370 2668 463 2699; x_wconf 89' lang='lat' dir='ltr'>Balb.</span> <span class='ocrx_word' id='word_1_304' title='bbox 478 2669 508 2698; x_wconf 82' lang='lat'>6.</span> <span class='ocrx_word' id='word_1_305' title='bbox 536 2668 682 2698; x_wconf 81' lang='lat' dir='ltr'>invidere</span> <span class='ocrx_word' id='word_1_306' title='bbox 698 2668 828 2706; x_wconf 83' lang='lat' dir='ltr'>virtuti,</span> 
     </span>
     <span class='ocr_line' id='line_1_60' title="bbox 101 2709 712 2751; baseline 0.005 -12"><span class='ocrx_word' id='word_1_307' title='bbox 101 2709 185 2740; x_wconf 90' lang='lat' dir='ltr'>velle</span> <span class='ocrx_word' id='word_1_308' title='bbox 200 2711 383 2751; x_wconf 71' lang='lat' dir='ltr'>infi·imgev·e</span> <span class='ocrx_word' id='word_1_309' title='bbox 399 2713 512 2742; x_wconf 87' lang='lat' dir='ltr'>florem</span> <span class='ocrx_word' id='word_1_310' title='bbox 530 2712 712 2751; x_wconf 76' lang='lat' dir='ltr'>dignitatis,</span> 
     </span>
    </p>

    <p class='ocr_par' dir='ltr' id='par_1_21' title="bbox 102 2754 835 2927">
     <span class='ocr_line' id='line_1_61' title="bbox 147 2754 830 2794; baseline 0.001 -10"><span class='ocrx_word' id='word_1_311' title='bbox 147 2754 276 2794; x_wconf 65' lang='lat' dir='ltr'>Irffutu,</span> <span class='ocrx_word' id='word_1_312' title='bbox 289 2760 340 2786; x_wconf 89' lang='lat' dir='ltr'>est</span> <span class='ocrx_word' id='word_1_313' title='bbox 351 2759 587 2787; x_wconf 82' lang='lat' dir='ltr'>oruamentum</span> <span class='ocrx_word' id='word_1_314' title='bbox 605 2755 830 2792; x_wconf 82' lang='lat' dir='ltr'>sacerdotum,</span> 
     </span>
     <span class='ocr_line' id='line_1_62' title="bbox 105 2796 833 2840; baseline 0.003 -14"><span class='ocrx_word' id='word_1_315' title='bbox 105 2796 255 2828; x_wconf 73' lang='lat' dir='ltr'>velamen</span> <span class='ocrx_word' id='word_1_316' title='bbox 273 2799 404 2840; x_wconf 79' lang='lat' dir='ltr'>capitis,</span> <span class='ocrx_word' id='word_1_317' title='bbox 421 2803 461 2830; x_wconf 88' lang='lat' dir='ltr'>ut</span> <span class='ocrx_word' id='word_1_318' title='bbox 475 2809 513 2829; x_wconf 82' lang='lat' dir='ltr'>ex</span> <span class='ocrx_word' id='word_1_319' title='bbox 532 2799 758 2829; x_wconf 84' lang='lat' dir='ltr'>monumentis</span> <span class='ocrx_word' id='word_1_320' title='bbox 774 2808 833 2829; x_wconf 91' lang='lat' dir='ltr'>an-</span> 
     </span>
     <span class='ocr_line' id='line_1_63' title="bbox 102 2841 833 2880; baseline 0.001 -9"><span class='ocrx_word' id='word_1_321' title='bbox 102 2841 207 2880; x_wconf 79' lang='lat' dir='ltr'>tiquis</span> <span class='ocrx_word' id='word_1_322' title='bbox 230 2841 340 2872; x_wconf 84' lang='lat' dir='ltr'>videre</span> <span class='ocrx_word' id='word_1_323' title='bbox 355 2843 445 2874; x_wconf 87' lang='lat' dir='ltr'>licet.</span> <span class='ocrx_word' id='word_1_324' title='bbox 474 2841 568 2873; x_wconf 88' lang='lat' dir='ltr'>Verr.</span> <span class='ocrx_word' id='word_1_325' title='bbox 585 2843 626 2872; x_wconf 90' lang='lat' dir='ltr'>iv.</span> <span class='ocrx_word' id='word_1_326' title='bbox 645 2846 695 2873; x_wconf 81' lang='lat'>50.</span> <span class='ocrx_word' id='word_1_327' title='bbox 725 2851 833 2872; x_wconf 77' lang='lat' dir='ltr'>sacer-</span> 
     </span>
     <span class='ocr_line' id='line_1_64' title="bbox 104 2883 835 2927; baseline 0.004 -13"><span class='ocrx_word' id='word_1_328' title='bbox 104 2883 200 2916; x_wconf 76' lang='lat' dir='ltr'>dotes</span> <span class='ocrx_word' id='word_1_329' title='bbox 224 2894 303 2918; x_wconf 75' lang='lat' dir='ltr'>cum</span> <span class='ocrx_word' id='word_1_330' title='bbox 327 2884 443 2927; x_wconf 68' lang='lat' dir='ltr'>insulis</span> <span class='ocrx_word' id='word_1_331' title='bbox 465 2890 501 2918; x_wconf 77' lang='lat' dir='ltr'>et</span> <span class='ocrx_word' id='word_1_332' title='bbox 522 2886 685 2920; x_wconf 69' lang='lat' dir='ltr'>verbenis.</span> <span class='ocrx_word' id='word_1_333' title='bbox 706 2885 835 2918; x_wconf 62' lang='lat' dir='ltr'>&#39;orna-</span> 
     </span>
    </p>
   </div>
   <div class='ocr_carea' id='block_1_3' title="bbox 1495 91 1577 138">
    <p class='ocr_par' dir='ltr' id='par_1_22' title="bbox 1495 91 1577 138">
     <span class='ocr_line' id='line_1_65' title="bbox 1495 91 1577 138; baseline -0.012 -6"><span class='ocrx_word' id='word_1_334' title='bbox 1495 91 1577 138; x_wconf 72' lang='lat'>³²7</span> 
     </span>
    </p>
   </div>
   <div class='ocr_carea' id='block_1_4' title="bbox 848 188 1604 2959">
    <p class='ocr_par' dir='ltr' id='par_1_23' title="bbox 848 188 1574 1270">
     <span class='ocr_line' id='line_1_66' title="bbox 850 188 1570 230; baseline 0.007 -14"><span class='ocrx_word' id='word_1_335' title='bbox 850 193 1012 219; x_wconf 82' lang='lat' dir='ltr'>mentum.</span> <span class='ocrx_word' id='word_1_336' title='bbox 1036 188 1112 227; x_wconf 77' lang='lat' dir='ltr'>Agr.</span> <span class='ocrx_word' id='word_1_337' title='bbox 1131 190 1151 219; x_wconf 92' lang='lat' dir='ltr'>i.</span> <span class='ocrx_word' id='word_1_338' title='bbox 1169 192 1199 221; x_wconf 78' lang='lat'>2.</span> <span class='ocrx_word' id='word_1_339' title='bbox 1229 191 1297 230; x_wconf 73' lang='lat' dir='ltr'>agri</span> <span class='ocrx_word' id='word_1_340' title='bbox 1315 189 1437 230; x_wconf 79' lang='lat' dir='ltr'>publici</span> <span class='ocrx_word' id='word_1_341' title='bbox 1454 191 1570 221; x_wconf 81' lang='lat' dir='ltr'>dicun-</span> 
     </span>
     <span class='ocr_line' id='line_1_67' title="bbox 848 231 1570 273; baseline 0.006 -13"><span class='ocrx_word' id='word_1_342' title='bbox 848 238 904 260; x_wconf 88' lang='lat' dir='ltr'>tur</span> <span class='ocrx_word' id='word_1_343' title='bbox 920 231 1033 270; x_wconf 62' lang='lat' dir='ltr'>insula·</span> <span class='ocrx_word' id='word_1_344' title='bbox 1047 232 1175 272; x_wconf 82' lang='lat' dir='ltr'>imperii</span> <span class='ocrx_word' id='word_1_345' title='bbox 1188 234 1225 271; x_wconf 69' lang='lat' dir='ltr'>R.</span> <span class='ocrx_word' id='word_1_346' title='bbox 1237 245 1281 264; x_wconf 61' lang='grc' dir='ltr'>ευ.</span> <span class='ocrx_word' id='word_1_347' title='bbox 1294 235 1371 273; x_wconf 71' lang='lat' dir='ltr'>quia</span> <span class='ocrx_word' id='word_1_348' title='bbox 1384 240 1461 263; x_wconf 62' lang='lat' dir='ltr'>sunt</span> <span class='ocrx_word' id='word_1_349' title='bbox 1475 244 1570 264; x_wconf 70' lang='lat' dir='ltr'>orun-</span> 
     </span>
     <span class='ocr_line' id='line_1_68' title="bbox 850 275 1568 314; baseline 0.003 -10"><span class='ocrx_word' id='word_1_350' title='bbox 850 280 963 304; x_wconf 71' lang='lat' dir='ltr'>mcum</span> <span class='ocrx_word' id='word_1_351' title='bbox 986 275 1124 314; x_wconf 83' lang='lat' dir='ltr'>reipubl.</span> <span class='ocrx_word' id='word_1_352' title='bbox 1141 283 1174 306; x_wconf 85' lang='lat' dir='ltr'>ct</span> <span class='ocrx_word' id='word_1_353' title='bbox 1197 288 1268 307; x_wconf 79' lang='lat' dir='ltr'>caru</span> <span class='ocrx_word' id='word_1_354' title='bbox 1287 276 1504 307; x_wconf 70' lang='lat' dir='ltr'>venerabiiem</span> <span class='ocrx_word' id='word_1_355' title='bbox 1523 278 1568 306; x_wconf 77' lang='lat' dir='ltr'>cs-</span> 
     </span>
     <span class='ocr_line' id='line_1_69' title="bbox 850 318 1568 350; baseline 0.004 -3"><span class='ocrx_word' id='word_1_356' title='bbox 850 318 978 347; x_wconf 76' lang='lat' dir='ltr'>iiciuut.</span> <span class='ocrx_word' id='word_1_357' title='bbox 1002 319 1048 347; x_wconf 65' lang='lat' dir='ltr'>sie</span> <span class='ocrx_word' id='word_1_358' title='bbox 1072 320 1185 349; x_wconf 81' lang='lat' dir='ltr'>Scuce.</span> <span class='ocrx_word' id='word_1_359' title='bbox 1201 320 1239 349; x_wconf 76' lang='lat' dir='ltr'>ad</span> <span class='ocrx_word' id='word_1_360' title='bbox 1259 320 1407 350; x_wconf 68' lang='lat' dir='ltr'>Helviam</span> <span class='ocrx_word' id='word_1_361' title='bbox 1437 322 1483 349; x_wconf 79' lang='grc'>13.</span> <span class='ocrx_word' id='word_1_362' title='bbox 1515 321 1568 350; x_wconf 82' lang='lat' dir='ltr'>uhi</span> 
     </span>
     <span class='ocr_line' id='line_1_70' title="bbox 848 361 1570 403; baseline 0.004 -13"><span class='ocrx_word' id='word_1_363' title='bbox 848 371 877 390; x_wconf 74' lang='grc' dir='ltr'>ν.</span> <span class='ocrx_word' id='word_1_364' title='bbox 904 361 991 401; x_wconf 71' lang='lat' dir='ltr'>Lips.</span> <span class='ocrx_word' id='word_1_365' title='bbox 1016 363 1109 392; x_wconf 78' lang='lat' dir='ltr'>Orat.</span> <span class='ocrx_word' id='word_1_366' title='bbox 1133 363 1178 391; x_wconf 91' lang='lat' dir='ltr'>iii.</span> <span class='ocrx_word' id='word_1_367' title='bbox 1202 365 1253 393; x_wconf 51' lang='lat'>121.</span> <span class='ocrx_word' id='word_1_368' title='bbox 1278 364 1387 403; x_wconf 68' lang='lat' dir='ltr'>Quare</span> <span class='ocrx_word' id='word_1_369' title='bbox 1411 363 1570 393; x_wconf 74' lang='lat' dir='ltr'>Coracem</span> 
     </span>
     <span class='ocr_line' id='line_1_71' title="bbox 850 405 1569 446; baseline 0.003 -12"><span class='ocrx_word' id='word_1_370' title='bbox 850 405 950 435; x_wconf 81' lang='lat' dir='ltr'>istum</span> <span class='ocrx_word' id='word_1_371' title='bbox 968 412 1113 435; x_wconf 76' lang='lat' dir='ltr'>vestrum</span> <span class='ocrx_word' id='word_1_372' title='bbox 1131 405 1569 446; x_wconf 73' lang='lat' dir='ltr'>patiamtir—Pamphilum-</span> 
     </span>
     <span class='ocr_line' id='line_1_72' title="bbox 849 449 1569 488; baseline 0.001 -11"><span class='ocrx_word' id='word_1_373' title='bbox 849 458 925 487; x_wconf 82' lang='lat' dir='ltr'>que,</span> <span class='ocrx_word' id='word_1_374' title='bbox 953 449 1063 478; x_wconf 71' lang='lat' dir='ltr'>nescio</span> <span class='ocrx_word' id='word_1_375' title='bbox 1087 459 1198 487; x_wconf 74' lang='lat' dir='ltr'>qirem,</span> <span class='ocrx_word' id='word_1_376' title='bbox 1222 449 1368 479; x_wconf 76' lang='lat' dir='ltr'>sinamus</span> <span class='ocrx_word' id='word_1_377' title='bbox 1397 450 1428 479; x_wconf 88' lang='lat' dir='ltr'>in</span> <span class='ocrx_word' id='word_1_378' title='bbox 1457 450 1569 488; x_wconf 66' lang='lat' dir='ltr'>itgsnlic</span> 
     </span>
     <span class='ocr_line' id='line_1_73' title="bbox 849 492 1570 532; baseline 0 -11"><span class='ocrx_word' id='word_1_379' title='bbox 849 496 977 521; x_wconf 68' lang='lat' dir='ltr'>tautzuu</span> <span class='ocrx_word' id='word_1_380' title='bbox 993 502 1074 528; x_wconf 75' lang='lat' dir='ltr'>rem,</span> <span class='ocrx_word' id='word_1_381' title='bbox 1088 499 1258 532; x_wconf 67' lang='lat' dir='ltr'>(antiquam</span> <span class='ocrx_word' id='word_1_382' title='bbox 1270 492 1410 532; x_wconf 79' lang='lat' dir='ltr'>pucriles</span> <span class='ocrx_word' id='word_1_383' title='bbox 1424 492 1570 529; x_wconf 65' lang='lat' dir='ltr'>‹ii-licias,</span> 
     </span>
     <span class='ocr_line' id='line_1_74' title="bbox 849 534 1571 574; baseline 0 -10"><span class='ocrx_word' id='word_1_384' title='bbox 849 535 1037 574; x_wconf 70' lang='lat' dir='ltr'>depingere.</span> <span class='ocrx_word' id='word_1_385' title='bbox 1057 535 1096 566; x_wconf 75' lang='lat' dir='ltr'>dc</span> <span class='ocrx_word' id='word_1_386' title='bbox 1114 537 1175 566; x_wconf 85' lang='lat' dir='ltr'>hoc</span> <span class='ocrx_word' id='word_1_387' title='bbox 1193 535 1262 565; x_wconf 78' lang='lat' dir='ltr'>loco</span> <span class='ocrx_word' id='word_1_388' title='bbox 1280 536 1326 565; x_wconf 75' lang='lat' dir='ltr'>ita</span> <span class='ocrx_word' id='word_1_389' title='bbox 1340 534 1513 565; x_wconf 78' lang='lat' dir='ltr'>Turnebus</span> <span class='ocrx_word' id='word_1_390' title='bbox 1529 536 1571 565; x_wconf 85' lang='lat' dir='ltr'>ad</span> 
     </span>
     <span class='ocr_line' id='line_1_75' title="bbox 850 578 1569 620; baseline 0.001 -13"><span class='ocrx_word' id='word_1_391' title='bbox 850 579 925 617; x_wconf 72' lang='lat' dir='ltr'>Agr.</span> <span class='ocrx_word' id='word_1_392' title='bbox 948 579 968 608; x_wconf 90' lang='lat' dir='ltr'>i.</span> <span class='ocrx_word' id='word_1_393' title='bbox 985 582 1014 609; x_wconf 65' lang='lat'>22.</span> <span class='ocrx_word' id='word_1_394' title='bbox 1040 587 1155 620; x_wconf 82' lang='lat' dir='ltr'>putem</span> <span class='ocrx_word' id='word_1_395' title='bbox 1173 580 1366 609; x_wconf 70' lang='lat' dir='ltr'>Ciceronem</span> <span class='ocrx_word' id='word_1_396' title='bbox 1385 578 1519 608; x_wconf 72' lang='lat' dir='ltr'>illudere</span> <span class='ocrx_word' id='word_1_397' title='bbox 1537 579 1569 608; x_wconf 84' lang='lat' dir='ltr'>in</span> 
     </span>
     <span class='ocr_line' id='line_1_76' title="bbox 851 621 1570 662; baseline -0.003 -11"><span class='ocrx_word' id='word_1_398' title='bbox 851 622 1074 662; x_wconf 74' lang='lat' dir='ltr'>Pamphilum,</span> <span class='ocrx_word' id='word_1_399' title='bbox 1099 623 1281 660; x_wconf 82' lang='lat' dir='ltr'>hominem,</span> <span class='ocrx_word' id='word_1_400' title='bbox 1302 627 1339 653; x_wconf 88' lang='lat' dir='ltr'>ut</span> <span class='ocrx_word' id='word_1_401' title='bbox 1361 623 1408 652; x_wconf 81' lang='lat' dir='ltr'>ait</span> <span class='ocrx_word' id='word_1_402' title='bbox 1431 621 1570 658; x_wconf 70' lang='lat' dir='ltr'>Plinius,</span> 
     </span>
     <span class='ocr_line' id='line_1_77' title="bbox 853 664 1570 703; baseline -0.004 -7"><span class='ocrx_word' id='word_1_403' title='bbox 853 671 961 700; x_wconf 72' lang='lat' dir='ltr'>(xxxv.</span> <span class='ocrx_word' id='word_1_404' title='bbox 993 667 1053 703; x_wconf 87' lang='lat'>10.)</span> <span class='ocrx_word' id='word_1_405' title='bbox 1084 667 1237 696; x_wconf 82' lang='lat' dir='ltr'>omnibus</span> <span class='ocrx_word' id='word_1_406' title='bbox 1262 666 1364 696; x_wconf 76' lang='lat' dir='ltr'>literis</span> <span class='ocrx_word' id='word_1_407' title='bbox 1388 664 1570 701; x_wconf 76' lang='lat' dir='ltr'>eruditum,</span> 
     </span>
     <span class='ocr_line' id='line_1_78' title="bbox 849 708 1572 750; baseline -0.001 -12"><span class='ocrx_word' id='word_1_408' title='bbox 849 709 1059 748; x_wconf 78' lang='lat' dir='ltr'>eundemque</span> <span class='ocrx_word' id='word_1_409' title='bbox 1082 711 1256 750; x_wconf 81' lang='lat' dir='ltr'>pictorem,</span> <span class='ocrx_word' id='word_1_410' title='bbox 1272 710 1327 749; x_wconf 86' lang='lat' dir='ltr'>qui</span> <span class='ocrx_word' id='word_1_411' title='bbox 1351 719 1427 739; x_wconf 84' lang='lat' dir='ltr'>cum</span> <span class='ocrx_word' id='word_1_412' title='bbox 1444 708 1484 738; x_wconf 88' lang='lat' dir='ltr'>dc</span> <span class='ocrx_word' id='word_1_413' title='bbox 1501 713 1572 737; x_wconf 81' lang='lat' dir='ltr'>arte</span> 
     </span>
     <span class='ocr_line' id='line_1_79' title="bbox 850 750 1574 793; baseline -0.001 -12"><span class='ocrx_word' id='word_1_414' title='bbox 850 752 979 782; x_wconf 85' lang='lat' dir='ltr'>dicendi</span> <span class='ocrx_word' id='word_1_415' title='bbox 991 754 1186 793; x_wconf 77' lang='lat' dir='ltr'>scripsisset,</span> <span class='ocrx_word' id='word_1_416' title='bbox 1198 753 1364 789; x_wconf 83' lang='lat' dir='ltr'>irridetur,</span> <span class='ocrx_word' id='word_1_417' title='bbox 1376 756 1486 782; x_wconf 82' lang='lat' dir='ltr'>utnon</span> <span class='ocrx_word' id='word_1_418' title='bbox 1501 750 1574 781; x_wconf 87' lang='lat' dir='ltr'>rhe-</span> 
     </span>
     <span class='ocr_line' id='line_1_80' title="bbox 849 795 1570 836; baseline -0.001 -11"><span class='ocrx_word' id='word_1_419' title='bbox 849 801 914 832; x_wconf 87' lang='lat' dir='ltr'>tor,</span> <span class='ocrx_word' id='word_1_420' title='bbox 930 796 985 826; x_wconf 86' lang='lat' dir='ltr'>scd</span> <span class='ocrx_word' id='word_1_421' title='bbox 1010 801 1047 826; x_wconf 90' lang='lat' dir='ltr'>ut</span> <span class='ocrx_word' id='word_1_422' title='bbox 1070 797 1188 836; x_wconf 83' lang='lat' dir='ltr'>pictor,</span> <span class='ocrx_word' id='word_1_423' title='bbox 1205 796 1261 835; x_wconf 81' lang='lat' dir='ltr'>qui</span> <span class='ocrx_word' id='word_1_424' title='bbox 1279 806 1345 826; x_wconf 86' lang='lat' dir='ltr'>non</span> <span class='ocrx_word' id='word_1_425' title='bbox 1360 802 1431 826; x_wconf 79' lang='lat' dir='ltr'>tam</span> <span class='ocrx_word' id='word_1_426' title='bbox 1448 795 1570 826; x_wconf 87' lang='lat' dir='ltr'>librum</span> 
     </span>
     <span class='ocr_line' id='line_1_81' title="bbox 849 838 1572 879; baseline -0.001 -11"><span class='ocrx_word' id='word_1_427' title='bbox 849 840 1029 879; x_wconf 77' lang='lat' dir='ltr'>scripserit,</span> <span class='ocrx_word' id='word_1_428' title='bbox 1055 850 1155 878; x_wconf 68' lang='lat' dir='ltr'>quam</span> <span class='ocrx_word' id='word_1_429' title='bbox 1186 838 1310 879; x_wconf 51' lang='lat' dir='ltr'>infulas</span> <span class='ocrx_word' id='word_1_430' title='bbox 1335 839 1500 879; x_wconf 72' lang='lat' dir='ltr'>pinxerit3</span> <span class='ocrx_word' id='word_1_431' title='bbox 1533 843 1572 868; x_wconf 85' lang='lat' dir='ltr'>ut</span> 
     </span>
     <span class='ocr_line' id='line_1_82' title="bbox 850 880 1570 923; baseline 0 -12"><span class='ocrx_word' id='word_1_432' title='bbox 850 883 938 912; x_wconf 75' lang='lat' dir='ltr'>enim</span> <span class='ocrx_word' id='word_1_433' title='bbox 957 893 1029 913; x_wconf 87' lang='lat' dir='ltr'>reor</span> <span class='ocrx_word' id='word_1_434' title='bbox 1042 884 1157 922; x_wconf 67' lang='lat' dir='ltr'>inj&#39;uloe</span> <span class='ocrx_word' id='word_1_435' title='bbox 1173 883 1263 923; x_wconf 81' lang='lat' dir='ltr'>pingi</span> <span class='ocrx_word' id='word_1_436' title='bbox 1280 883 1441 913; x_wconf 79' lang='lat' dir='ltr'>solebant.</span> <span class='ocrx_word' id='word_1_437' title='bbox 1489 880 1570 912; x_wconf 82' lang='lat' dir='ltr'>Haec</span> 
     </span>
     <span class='ocr_line' id='line_1_83' title="bbox 850 924 1571 957; baseline -0.003 -2"><span class='ocrx_word' id='word_1_438' title='bbox 850 926 914 956; x_wconf 79' lang='lat' dir='ltr'>ine.</span> <span class='ocrx_word' id='word_1_439' title='bbox 962 927 1113 957; x_wconf 79' lang='lat' dir='ltr'>Pcareius</span> <span class='ocrx_word' id='word_1_440' title='bbox 1138 933 1250 957; x_wconf 81' lang='lat' dir='ltr'>autem</span> <span class='ocrx_word' id='word_1_441' title='bbox 1267 926 1349 957; x_wconf 87' lang='lat' dir='ltr'>nihil</span> <span class='ocrx_word' id='word_1_442' title='bbox 1365 926 1405 956; x_wconf 86' lang='lat' dir='ltr'>de</span> <span class='ocrx_word' id='word_1_443' title='bbox 1421 925 1482 955; x_wconf 82' lang='lat' dir='ltr'>hoc</span> <span class='ocrx_word' id='word_1_444' title='bbox 1499 924 1571 954; x_wconf 84' lang='lat' dir='ltr'>loco</span> 
     </span>
     <span class='ocr_line' id='line_1_84' title="bbox 850 967 1572 1010; baseline -0.003 -11"><span class='ocrx_word' id='word_1_445' title='bbox 850 970 941 1000; x_wconf 83' lang='lat' dir='ltr'>dicit.</span> <span class='ocrx_word' id='word_1_446' title='bbox 985 971 1072 1010; x_wconf 68' lang='lat' dir='ltr'>Quia</span> <span class='ocrx_word' id='word_1_447' title='bbox 1096 971 1221 1001; x_wconf 79' lang='lat' dir='ltr'>mentio</span> <span class='ocrx_word' id='word_1_448' title='bbox 1235 970 1272 1000; x_wconf 83' lang='lat' dir='ltr'>fit</span> <span class='ocrx_word' id='word_1_449' title='bbox 1297 969 1472 1010; x_wconf 83' lang='lat' dir='ltr'>puerilium</span> <span class='ocrx_word' id='word_1_450' title='bbox 1490 967 1572 998; x_wconf 82' lang='lat' dir='ltr'>deli-</span> 
     </span>
     <span class='ocr_line' id='line_1_85' title="bbox 850 1012 1572 1052; baseline 0 -10"><span class='ocrx_word' id='word_1_451' title='bbox 850 1013 989 1051; x_wconf 79' lang='lat' dir='ltr'>ciarum,</span> <span class='ocrx_word' id='word_1_452' title='bbox 1003 1014 1082 1044; x_wconf 84' lang='lat' dir='ltr'>mihi</span> <span class='ocrx_word' id='word_1_453' title='bbox 1095 1014 1226 1045; x_wconf 77' lang='lat' dir='ltr'>videtur</span> <span class='ocrx_word' id='word_1_454' title='bbox 1240 1013 1342 1044; x_wconf 77' lang='lat' dir='ltr'>alludi</span> <span class='ocrx_word' id='word_1_455' title='bbox 1358 1012 1399 1042; x_wconf 87' lang='lat' dir='ltr'>ad</span> <span class='ocrx_word' id='word_1_456' title='bbox 1416 1021 1520 1052; x_wconf 81' lang='lat' dir='ltr'>pupas</span> <span class='ocrx_word' id='word_1_457' title='bbox 1536 1015 1572 1040; x_wconf 72' lang='lat' dir='ltr'>et</span> 
     </span>
     <span class='ocr_line' id='line_1_86' title="bbox 851 1054 1572 1097; baseline -0.003 -11"><span class='ocrx_word' id='word_1_458' title='bbox 851 1057 1104 1097; x_wconf 67' lang='lat' dir='ltr'>plangnnculas,</span> <span class='ocrx_word' id='word_1_459' title='bbox 1127 1067 1201 1096; x_wconf 81' lang='lat' dir='ltr'>quae</span> <span class='ocrx_word' id='word_1_460' title='bbox 1222 1062 1301 1088; x_wconf 83' lang='lat' dir='ltr'>sunt</span> <span class='ocrx_word' id='word_1_461' title='bbox 1323 1055 1465 1097; x_wconf 86' lang='lat' dir='ltr'>pueriles</span> <span class='ocrx_word' id='word_1_462' title='bbox 1491 1054 1572 1085; x_wconf 85' lang='lat' dir='ltr'>deli-</span> 
     </span>
     <span class='ocr_line' id='line_1_87' title="bbox 851 1099 1573 1140; baseline -0.003 -10"><span class='ocrx_word' id='word_1_463' title='bbox 851 1101 924 1137; x_wconf 78' lang='lat' dir='ltr'>ciae,</span> <span class='ocrx_word' id='word_1_464' title='bbox 936 1101 976 1130; x_wconf 83' lang='lat' dir='ltr'>ab</span> <span class='ocrx_word' id='word_1_465' title='bbox 988 1101 1092 1140; x_wconf 82' lang='lat' dir='ltr'>iisque</span> <span class='ocrx_word' id='word_1_466' title='bbox 1107 1101 1251 1130; x_wconf 80' lang='lat' dir='ltr'>studiose</span> <span class='ocrx_word' id='word_1_467' title='bbox 1264 1106 1298 1131; x_wconf 90' lang='lat' dir='ltr'>et</span> <span class='ocrx_word' id='word_1_468' title='bbox 1311 1099 1500 1139; x_wconf 81' lang='lat' dir='ltr'>magnifice,</span> <span class='ocrx_word' id='word_1_469' title='bbox 1512 1107 1573 1137; x_wconf 86' lang='lat' dir='ltr'>pro</span> 
     </span>
     <span class='ocr_line' id='line_1_88' title="bbox 851 1142 1572 1183; baseline -0.003 -10"><span class='ocrx_word' id='word_1_470' title='bbox 851 1152 950 1183; x_wconf 86' lang='lat' dir='ltr'>captu</span> <span class='ocrx_word' id='word_1_471' title='bbox 964 1154 1036 1181; x_wconf 71' lang='lat' dir='ltr'>suo,</span> <span class='ocrx_word' id='word_1_472' title='bbox 1047 1145 1157 1174; x_wconf 89' lang='lat' dir='ltr'>ornari</span> <span class='ocrx_word' id='word_1_473' title='bbox 1173 1144 1294 1182; x_wconf 81' lang='lat' dir='ltr'>solent,</span> <span class='ocrx_word' id='word_1_474' title='bbox 1306 1143 1452 1182; x_wconf 85' lang='lat' dir='ltr'>adeoque</span> <span class='ocrx_word' id='word_1_475' title='bbox 1469 1142 1572 1172; x_wconf 79' lang='lat' dir='ltr'>etiam</span> 
     </span>
     <span class='ocr_line' id='line_1_89' title="bbox 851 1184 1573 1227; baseline -0.006 -9"><span class='ocrx_word' id='word_1_476' title='bbox 851 1188 977 1227; x_wconf 51' lang='lat' dir='ltr'>infulis,</span> <span class='ocrx_word' id='word_1_477' title='bbox 992 1198 1066 1226; x_wconf 81' lang='lat' dir='ltr'>quae</span> <span class='ocrx_word' id='word_1_478' title='bbox 1082 1198 1147 1217; x_wconf 87' lang='lat' dir='ltr'>non</span> <span class='ocrx_word' id='word_1_479' title='bbox 1165 1188 1262 1217; x_wconf 84' lang='lat' dir='ltr'>modo</span> <span class='ocrx_word' id='word_1_480' title='bbox 1277 1186 1499 1223; x_wconf 85' lang='lat' dir='ltr'>sacerdotum,</span> <span class='ocrx_word' id='word_1_481' title='bbox 1515 1184 1573 1215; x_wconf 85' lang='lat' dir='ltr'>sed</span> 
     </span>
     <span class='ocr_line' id='line_1_90' title="bbox 852 1232 1404 1270; baseline -0.002 -10"><span class='ocrx_word' id='word_1_482' title='bbox 852 1232 952 1261; x_wconf 80' lang='lat' dir='ltr'>etiam</span> <span class='ocrx_word' id='word_1_483' title='bbox 971 1241 1085 1270; x_wconf 83' lang='lat' dir='ltr'>regum</span> <span class='ocrx_word' id='word_1_484' title='bbox 1102 1236 1299 1261; x_wconf 79' lang='lat' dir='ltr'>ornamenta</span> <span class='ocrx_word' id='word_1_485' title='bbox 1313 1236 1404 1260; x_wconf 88' lang='lat' dir='ltr'>sunt.</span> 
     </span>
    </p>

    <p class='ocr_par' dir='ltr' id='par_1_24' title="bbox 854 1274 1577 1401">
     <span class='ocr_line' id='line_1_91' title="bbox 898 1274 1576 1314; baseline -0.006 -9"><span class='ocrx_word' id='word_1_486' title='bbox 898 1274 1081 1314; x_wconf 62' lang='lat' dir='ltr'>I‘tgs&#39;uscare,</span> <span class='ocrx_word' id='word_1_487' title='bbox 1094 1284 1304 1314; x_wconf 84' lang='lat' dir='ltr'>corrumpere</span> <span class='ocrx_word' id='word_1_488' title='bbox 1317 1274 1412 1304; x_wconf 87' lang='lat' dir='ltr'>Brut.</span> <span class='ocrx_word' id='word_1_489' title='bbox 1424 1276 1477 1307; x_wconf 81' lang='lat'>74.</span> <span class='ocrx_word' id='word_1_490' title='bbox 1494 1281 1576 1311; x_wconf 74' lang='lat' dir='ltr'>quor</span> 
     </span>
     <span class='ocr_line' id='line_1_92' title="bbox 854 1316 1577 1357; baseline -0.004 -9"><span class='ocrx_word' id='word_1_491' title='bbox 854 1328 920 1348; x_wconf 89' lang='lat' dir='ltr'>non</span> <span class='ocrx_word' id='word_1_492' title='bbox 934 1319 1083 1348; x_wconf 77' lang='lat' dir='ltr'>barbaria</span> <span class='ocrx_word' id='word_1_493' title='bbox 1094 1318 1276 1349; x_wconf 80' lang='lat' dir='ltr'>domestica</span> <span class='ocrx_word' id='word_1_494' title='bbox 1285 1316 1516 1357; x_wconf 54' lang='lat' dir='ltr'>insufflaverat,</span> <span class='ocrx_word' id='word_1_495' title='bbox 1527 1325 1577 1346; x_wconf 86' lang='lat' dir='ltr'>re-</span> 
     </span>
     <span class='ocr_line' id='line_1_93' title="bbox 854 1362 1155 1401; baseline -0.003 -9"><span class='ocrx_word' id='word_1_496' title='bbox 854 1366 906 1392; x_wconf 86' lang='lat' dir='ltr'>cte</span> <span class='ocrx_word' id='word_1_497' title='bbox 924 1362 1155 1401; x_wconf 83' lang='lat' dir='ltr'>loquebantur.</span> 
     </span>
    </p>

    <p class='ocr_par' dir='ltr' id='par_1_25' title="bbox 854 1401 1582 1610">
     <span class='ocr_line' id='line_1_94' title="bbox 898 1401 1578 1445; baseline -0.007 -10"><span class='ocrx_word' id='word_1_498' title='bbox 898 1407 1085 1445; x_wconf 76' lang='lat' dir='ltr'>Ingenium.</span> <span class='ocrx_word' id='word_1_499' title='bbox 1117 1405 1187 1435; x_wconf 82' lang='lat' dir='ltr'>Fin.</span> <span class='ocrx_word' id='word_1_500' title='bbox 1211 1414 1240 1435; x_wconf 83' lang='lat' dir='ltr'>v.</span> <span class='ocrx_word' id='word_1_501' title='bbox 1268 1407 1316 1436; x_wconf 85' lang='lat'>13.</span> <span class='ocrx_word' id='word_1_502' title='bbox 1348 1403 1428 1443; x_wconf 80' lang='lat' dir='ltr'>quid</span> <span class='ocrx_word' id='word_1_503' title='bbox 1449 1401 1578 1441; x_wconf 77' lang='lat' dir='ltr'>signifi-</span> 
     </span>
     <span class='ocr_line' id='line_1_95' title="bbox 856 1448 1579 1486; baseline -0.006 -8"><span class='ocrx_word' id='word_1_504' title='bbox 856 1450 931 1479; x_wconf 86' lang='lat' dir='ltr'>cet?</span> <span class='ocrx_word' id='word_1_505' title='bbox 958 1450 975 1467; x_wconf 68' lang='lat'><strong>*</strong></span> <span class='ocrx_word' id='word_1_506' title='bbox 986 1449 1081 1479; x_wconf 87' lang='lat' dir='ltr'>Rose.</span> <span class='ocrx_word' id='word_1_507' title='bbox 1095 1448 1133 1478; x_wconf 82' lang='lat' dir='ltr'>A.</span> <span class='ocrx_word' id='word_1_508' title='bbox 1147 1451 1200 1480; x_wconf 61' lang='lat'>9⁸2.</span> <span class='ocrx_word' id='word_1_509' title='bbox 1225 1458 1285 1478; x_wconf 88' lang='lat' dir='ltr'>nec</span> <span class='ocrx_word' id='word_1_510' title='bbox 1302 1448 1430 1486; x_wconf 84' lang='lat' dir='ltr'>ingenio</span> <span class='ocrx_word' id='word_1_511' title='bbox 1445 1454 1579 1476; x_wconf 89' lang='lat' dir='ltr'>accusa-</span> 
     </span>
     <span class='ocr_line' id='line_1_96' title="bbox 854 1489 1579 1532; baseline -0.008 -10"><span class='ocrx_word' id='word_1_512' title='bbox 854 1493 936 1522; x_wconf 83' lang='lat' dir='ltr'>toris</span> <span class='ocrx_word' id='word_1_513' title='bbox 950 1492 1191 1532; x_wconf 81' lang='lat' dir='ltr'>resjudicatur:</span> <span class='ocrx_word' id='word_1_514' title='bbox 1215 1491 1246 1522; x_wconf 92' lang='lat' dir='ltr'>h.</span> <span class='ocrx_word' id='word_1_515' title='bbox 1259 1502 1287 1521; x_wconf 88' lang='lat' dir='ltr'>e.</span> <span class='ocrx_word' id='word_1_516' title='bbox 1301 1499 1368 1522; x_wconf 88' lang='lat' dir='ltr'>uon</span> <span class='ocrx_word' id='word_1_517' title='bbox 1379 1501 1417 1520; x_wconf 80' lang='lat' dir='ltr'>ex</span> <span class='ocrx_word' id='word_1_518' title='bbox 1430 1489 1579 1519; x_wconf 85' lang='lat' dir='ltr'>oratione</span> 
     </span>
     <span class='ocr_line' id='line_1_97' title="bbox 857 1532 1582 1575; baseline -0.007 -9"><span class='ocrx_word' id='word_1_519' title='bbox 857 1538 940 1574; x_wconf 81' lang='lat' dir='ltr'>ejus,</span> <span class='ocrx_word' id='word_1_520' title='bbox 957 1546 1022 1575; x_wconf 85' lang='lat' dir='ltr'>qua</span> <span class='ocrx_word' id='word_1_521' title='bbox 1044 1536 1171 1566; x_wconf 85' lang='lat' dir='ltr'>crimen</span> <span class='ocrx_word' id='word_1_522' title='bbox 1188 1536 1293 1572; x_wconf 86' lang='lat' dir='ltr'>auxit,</span> <span class='ocrx_word' id='word_1_523' title='bbox 1309 1540 1344 1565; x_wconf 88' lang='lat' dir='ltr'>et</span> <span class='ocrx_word' id='word_1_524' title='bbox 1359 1532 1511 1564; x_wconf 84' lang='lat' dir='ltr'>omnibus</span> <span class='ocrx_word' id='word_1_525' title='bbox 1528 1541 1582 1561; x_wconf 87' lang='lat' dir='ltr'>eo-</span> 
     </span>
     <span class='ocr_line' id='line_1_98' title="bbox 859 1578 1207 1610; baseline -0.006 0"><span class='ocrx_word' id='word_1_526' title='bbox 859 1580 980 1610; x_wconf 85' lang='lat' dir='ltr'>loribus</span> <span class='ocrx_word' id='word_1_527' title='bbox 997 1580 1064 1609; x_wconf 90' lang='lat' dir='ltr'>veri</span> <span class='ocrx_word' id='word_1_528' title='bbox 1080 1578 1207 1609; x_wconf 84' lang='lat' dir='ltr'>infecit.</span> 
     </span>
    </p>

    <p class='ocr_par' dir='ltr' id='par_1_26' title="bbox 853 1617 1583 1794">
     <span class='ocr_line' id='line_1_99' title="bbox 902 1617 1581 1661; baseline -0.009 -8"><span class='ocrx_word' id='word_1_529' title='bbox 902 1624 1096 1661; x_wconf 65' lang='lat' dir='ltr'>Ingenuum</span> <span class='ocrx_word' id='word_1_530' title='bbox 1116 1627 1167 1652; x_wconf 86' lang='lat' dir='ltr'>est</span> <span class='ocrx_word' id='word_1_531' title='bbox 1182 1631 1310 1658; x_wconf 74' lang='lat' dir='ltr'>eorum,</span> <span class='ocrx_word' id='word_1_532' title='bbox 1325 1621 1381 1659; x_wconf 89' lang='lat' dir='ltr'>qni</span> <span class='ocrx_word' id='word_1_533' title='bbox 1397 1617 1508 1650; x_wconf 87' lang='lat' dir='ltr'>liberis</span> <span class='ocrx_word' id='word_1_534' title='bbox 1524 1626 1581 1659; x_wconf 65' lang='lat' dir='ltr'>pav-</span> 
     </span>
     <span class='ocr_line' id='line_1_100' title="bbox 859 1667 1582 1704; baseline -0.011 -7"><span class='ocrx_word' id='word_1_535' title='bbox 859 1667 1008 1698; x_wconf 73' lang='lat' dir='ltr'>rentibus</span> <span class='ocrx_word' id='word_1_536' title='bbox 1036 1667 1106 1696; x_wconf 78' lang='lat' dir='ltr'>nati</span> <span class='ocrx_word' id='word_1_537' title='bbox 1131 1671 1223 1703; x_wconf 83' lang='lat' dir='ltr'>sunt,</span> <span class='ocrx_word' id='word_1_538' title='bbox 1250 1672 1456 1704; x_wconf 85' lang='lat' dir='ltr'>quorumque</span> <span class='ocrx_word' id='word_1_539' title='bbox 1483 1669 1582 1691; x_wconf 87' lang='lat' dir='ltr'>nemo</span> 
     </span>
     <span class='ocr_line' id='line_1_101' title="bbox 853 1705 1583 1750; baseline -0.011 -9"><span class='ocrx_word' id='word_1_540' title='bbox 853 1711 980 1750; x_wconf 86' lang='lat' dir='ltr'>justam</span> <span class='ocrx_word' id='word_1_541' title='bbox 1003 1711 1198 1740; x_wconf 73' lang='lat' dir='ltr'>servitutem</span> <span class='ocrx_word' id='word_1_542' title='bbox 1214 1708 1357 1739; x_wconf 77' lang='lat' dir='ltr'>servivit.</span> <span class='ocrx_word' id='word_1_543' title='bbox 1385 1705 1478 1737; x_wconf 88' lang='lat' dir='ltr'>Verr.</span> <span class='ocrx_word' id='word_1_544' title='bbox 1495 1705 1516 1735; x_wconf 84' lang='lat' dir='ltr'>i.</span> <span class='ocrx_word' id='word_1_545' title='bbox 1531 1706 1583 1735; x_wconf 68' lang='lat'>53.</span> 
     </span>
     <span class='ocr_line' id='line_1_102' title="bbox 857 1750 1401 1794; baseline -0.007 -9"><span class='ocrx_word' id='word_1_546' title='bbox 857 1755 1072 1794; x_wconf 76' lang='lat' dir='ltr'>ingenuitatis</span> <span class='ocrx_word' id='word_1_547' title='bbox 1088 1754 1232 1793; x_wconf 87' lang='lat' dir='ltr'>signum.</span> <span class='ocrx_word' id='word_1_548' title='bbox 1246 1762 1277 1782; x_wconf 92' lang='lat' dir='ltr'>v.</span> <span class='ocrx_word' id='word_1_549' title='bbox 1291 1750 1401 1783; x_wconf 85' lang='lat' dir='ltr'>Bulla..</span> 
     </span>
    </p>

    <p class='ocr_par' dir='ltr' id='par_1_27' title="bbox 904 1797 1272 1836">
     <span class='ocr_line' id='line_1_103' title="bbox 904 1797 1272 1836; baseline -0.005 -8"><span class='ocrx_word' id='word_1_550' title='bbox 904 1797 1053 1836; x_wconf 64' lang='lat' dir='ltr'>Ingrata.</span> <span class='ocrx_word' id='word_1_551' title='bbox 1084 1797 1197 1827; x_wconf 86' lang='lat' dir='ltr'>Deiot.</span> <span class='ocrx_word' id='word_1_552' title='bbox 1223 1798 1272 1826; x_wconf 84' lang='lat'>11.</span> 
     </span>
    </p>

    <p class='ocr_par' dir='ltr' id='par_1_28' title="bbox 859 1837 1586 2011">
     <span class='ocr_line' id='line_1_104' title="bbox 904 1837 1586 1881; baseline -0.012 -10"><span class='ocrx_word' id='word_1_553' title='bbox 904 1842 1145 1881; x_wconf 64' lang='lat' dir='ltr'>lugi-acescere,</span> <span class='ocrx_word' id='word_1_554' title='bbox 1158 1838 1335 1869; x_wconf 77' lang='lat' dir='ltr'>debilitari.</span> <span class='ocrx_word' id='word_1_555' title='bbox 1354 1837 1437 1868; x_wconf 84' lang='lat' dir='ltr'>Cato</span> <span class='ocrx_word' id='word_1_556' title='bbox 1452 1837 1502 1866; x_wconf 88' lang='lat' dir='ltr'>ll.</span> <span class='ocrx_word' id='word_1_557' title='bbox 1516 1842 1586 1864; x_wconf 86' lang='lat' dir='ltr'>cor-</span> 
     </span>
     <span class='ocr_line' id='line_1_105' title="bbox 861 1878 1586 1926; baseline -0.014 -11"><span class='ocrx_word' id='word_1_558' title='bbox 861 1895 942 1926; x_wconf 88' lang='lat' dir='ltr'>pora</span> <span class='ocrx_word' id='word_1_559' title='bbox 964 1884 1201 1923; x_wconf 75' lang='lat' dir='ltr'>defatigatione</span> <span class='ocrx_word' id='word_1_560' title='bbox 1224 1887 1260 1913; x_wconf 84' lang='lat' dir='ltr'>et</span> <span class='ocrx_word' id='word_1_561' title='bbox 1281 1879 1516 1912; x_wconf 81' lang='lat' dir='ltr'>exercitatione</span> <span class='ocrx_word' id='word_1_562' title='bbox 1537 1878 1586 1906; x_wconf 84' lang='lat' dir='ltr'>iu-</span> 
     </span>
     <span class='ocr_line' id='line_1_106' title="bbox 859 1923 1586 1969; baseline -0.014 -10"><span class='ocrx_word' id='word_1_563' title='bbox 859 1932 1066 1968; x_wconf 78' lang='lat' dir='ltr'>gravescunt.</span> <span class='ocrx_word' id='word_1_564' title='bbox 1086 1926 1238 1966; x_wconf 65' lang='lat' dir='ltr'>*augcrL</span> <span class='ocrx_word' id='word_1_565' title='bbox 1255 1925 1297 1957; x_wconf 88' lang='lat' dir='ltr'>ad</span> <span class='ocrx_word' id='word_1_566' title='bbox 1311 1925 1386 1956; x_wconf 93' lang='lat' dir='ltr'>Div.</span> <span class='ocrx_word' id='word_1_567' title='bbox 1403 1923 1444 1953; x_wconf 91' lang='lat' dir='ltr'>iv.</span> <span class='ocrx_word' id='word_1_568' title='bbox 1461 1924 1492 1952; x_wconf 72' lang='lat'>⁴.</span> <span class='ocrx_word' id='word_1_569' title='bbox 1514 1924 1586 1969; x_wconf 77' lang='lat' dir='ltr'>stu-</span> 
     </span>
     <span class='ocr_line' id='line_1_107' title="bbox 860 1967 1586 2011; baseline -0.017 -8"><span class='ocrx_word' id='word_1_570' title='bbox 860 1972 954 2003; x_wconf 89' lang='lat' dir='ltr'>dium</span> <span class='ocrx_word' id='word_1_571' title='bbox 971 1972 1033 2002; x_wconf 90' lang='lat' dir='ltr'>hoc</span> <span class='ocrx_word' id='word_1_572' title='bbox 1053 1971 1112 2011; x_wconf 88' lang='lat' dir='ltr'>(sc.</span> <span class='ocrx_word' id='word_1_573' title='bbox 1133 1968 1363 2010; x_wconf 78' lang='lat' dir='ltr'>philosophiae)</span> <span class='ocrx_word' id='word_1_574' title='bbox 1380 1967 1586 2005; x_wconf 66' lang='lat' dir='ltr'>ingravescit.</span> 
     </span>
    </p>

    <p class='ocr_par' dir='ltr' id='par_1_29' title="bbox 861 2007 1592 2230">
     <span class='ocr_line' id='line_1_108' title="bbox 906 2007 1585 2054; baseline -0.015 -9"><span class='ocrx_word' id='word_1_575' title='bbox 906 2016 1054 2054; x_wconf 68' lang='lat' dir='ltr'>Ingredi,</span> <span class='ocrx_word' id='word_1_576' title='bbox 1085 2013 1233 2053; x_wconf 78' lang='lat' dir='ltr'>aggredi,</span> <span class='ocrx_word' id='word_1_577' title='bbox 1263 2013 1419 2051; x_wconf 84' lang='lat' dir='ltr'>incipere.</span> <span class='ocrx_word' id='word_1_578' title='bbox 1452 2007 1585 2037; x_wconf 88' lang='lat' dir='ltr'>Senect.</span> 
     </span>
     <span class='ocr_line' id='line_1_109' title="bbox 866 2052 1585 2095; baseline -0.017 -5"><span class='ocrx_word' id='word_1_579' title='bbox 866 2062 915 2091; x_wconf 82' lang='lat'>14.</span> <span class='ocrx_word' id='word_1_580' title='bbox 941 2058 1035 2089; x_wconf 87' lang='lat' dir='ltr'>illum</span> <span class='ocrx_word' id='word_1_581' title='bbox 1050 2058 1119 2094; x_wconf 84' lang='lat' dir='ltr'>lux,</span> <span class='ocrx_word' id='word_1_582' title='bbox 1132 2056 1256 2095; x_wconf 78' lang='lat' dir='ltr'>aliquid</span> <span class='ocrx_word' id='word_1_583' title='bbox 1268 2054 1450 2086; x_wconf 83' lang='lat' dir='ltr'>describere</span> <span class='ocrx_word' id='word_1_584' title='bbox 1462 2052 1585 2089; x_wconf 73' lang='lat' dir='ltr'>ingres-</span> 
     </span>
     <span class='ocr_line' id='line_1_110' title="bbox 861 2094 1589 2142; baseline -0.008 -9"><span class='ocrx_word' id='word_1_585' title='bbox 861 2113 949 2139; x_wconf 72' lang='lat' dir='ltr'>sum,</span> <span class='ocrx_word' id='word_1_586' title='bbox 967 2101 1141 2142; x_wconf 88' lang='lat' dir='ltr'>oppressit.</span> <span class='ocrx_word' id='word_1_587' title='bbox 1171 2099 1271 2131; x_wconf 62' lang='lat' dir='ltr'>Mead.</span> <span class='ocrx_word' id='word_1_588' title='bbox 1296 2099 1337 2129; x_wconf 84' lang='grc' dir='ltr'>ἰν.</span> <span class='ocrx_word' id='word_1_589' title='bbox 1356 2097 1387 2128; x_wconf 89' lang='grc'>6.</span> <span class='ocrx_word' id='word_1_590' title='bbox 1417 2094 1505 2135; x_wconf 83' lang='lat' dir='ltr'>quod</span> <span class='ocrx_word' id='word_1_591' title='bbox 1527 2101 1589 2123; x_wconf 70' lang='grc' dir='ltr'>Ποῦ</span> 
     </span>
     <span class='ocr_line' id='line_1_111' title="bbox 863 2135 1592 2184; baseline -0.015 -8"><span class='ocrx_word' id='word_1_592' title='bbox 863 2147 970 2177; x_wconf 80' lang='lat' dir='ltr'>facere</span> <span class='ocrx_word' id='word_1_593' title='bbox 993 2145 1210 2184; x_wconf 75' lang='lat' dir='ltr'>ingredimur.</span> <span class='ocrx_word' id='word_1_594' title='bbox 1239 2142 1281 2173; x_wconf 84' lang='lat' dir='ltr'>cf.</span> <span class='ocrx_word' id='word_1_595' title='bbox 1302 2141 1331 2172; x_wconf 91' lang='lat' dir='ltr'>T</span> <span class='ocrx_word' id='word_1_596' title='bbox 1333 2150 1386 2180; x_wconf 89' lang='lat' dir='ltr'>op.</span> <span class='ocrx_word' id='word_1_597' title='bbox 1415 2139 1488 2169; x_wconf 86' lang='lat' dir='ltr'>init.</span> <span class='ocrx_word' id='word_1_598' title='bbox 1512 2135 1592 2166; x_wconf 85' lang='lat' dir='ltr'>add.</span> 
     </span>
     <span class='ocr_line' id='line_1_112' title="bbox 864 2186 1517 2230; baseline -0.014 -9"><span class='ocrx_word' id='word_1_599' title='bbox 864 2191 1024 2221; x_wconf 87' lang='lat' dir='ltr'>Burman.</span> <span class='ocrx_word' id='word_1_600' title='bbox 1041 2188 1080 2218; x_wconf 84' lang='lat' dir='ltr'>ad</span> <span class='ocrx_word' id='word_1_601' title='bbox 1101 2187 1217 2226; x_wconf 69' lang='lat' dir='ltr'>virgil.</span> <span class='ocrx_word' id='word_1_602' title='bbox 1233 2187 1273 2216; x_wconf 94' lang='lat' dir='ltr'>G.</span> <span class='ocrx_word' id='word_1_603' title='bbox 1291 2186 1324 2215; x_wconf 92' lang='lat' dir='ltr'>ii.</span> <span class='ocrx_word' id='word_1_604' title='bbox 1346 2186 1416 2218; x_wconf 84' lang='lat'>175.</span> <span class='ocrx_word' id='word_1_605' title='bbox 1512 2225 1517 2230; x_wconf 97' lang='lat'>.</span> 
     </span>
    </p>

    <p class='ocr_par' dir='ltr' id='par_1_30' title="bbox 864 2228 1590 2314">
     <span class='ocr_line' id='line_1_113' title="bbox 908 2228 1590 2272; baseline -0.016 -9"><span class='ocrx_word' id='word_1_606' title='bbox 908 2233 1136 2272; x_wconf 61' lang='lat' dir='ltr'>Ingurg‘itare.</span> <span class='ocrx_word' id='word_1_607' title='bbox 1169 2231 1276 2261; x_wconf 80' lang='lat' dir='ltr'>l&#39;ison.</span> <span class='ocrx_word' id='word_1_608' title='bbox 1302 2232 1351 2259; x_wconf 78' lang='lat'>18.</span> <span class='ocrx_word' id='word_1_609' title='bbox 1380 2228 1590 2265; x_wconf 70' lang='lat' dir='ltr'>ingurgitare</span> 
     </span>
     <span class='ocr_line' id='line_1_114' title="bbox 864 2275 1101 2314; baseline -0.017 -6"><span class='ocrx_word' id='word_1_610' title='bbox 864 2287 899 2308; x_wconf 85' lang='lat' dir='ltr'>se</span> <span class='ocrx_word' id='word_1_611' title='bbox 915 2277 948 2307; x_wconf 86' lang='lat' dir='ltr'>in</span> <span class='ocrx_word' id='word_1_612' title='bbox 967 2275 1101 2314; x_wconf 80' lang='lat' dir='ltr'>flagitia.</span> 
     </span>
    </p>

    <p class='ocr_par' dir='ltr' id='par_1_31' title="bbox 865 2311 1595 2524">
     <span class='ocr_line' id='line_1_115' title="bbox 910 2311 1590 2353; baseline -0.016 -3"><span class='ocrx_word' id='word_1_613' title='bbox 910 2319 1084 2351; x_wconf 74' lang='lat' dir='ltr'>lnhoerere.</span> <span class='ocrx_word' id='word_1_614' title='bbox 1115 2316 1248 2348; x_wconf 84' lang='lat' dir='ltr'>Div..ii.</span> <span class='ocrx_word' id='word_1_615' title='bbox 1270 2315 1322 2347; x_wconf 79' lang='lat'>46.</span> <span class='ocrx_word' id='word_1_616' title='bbox 1353 2313 1468 2353; x_wconf 83' lang='lat' dir='ltr'>lingua</span> <span class='ocrx_word' id='word_1_617' title='bbox 1490 2311 1590 2342; x_wconf 71' lang='lat' dir='ltr'>inhe-</span> 
     </span>
     <span class='ocr_line' id='line_1_116' title="bbox 865 2355 1588 2401; baseline -0.015 -6"><span class='ocrx_word' id='word_1_618' title='bbox 865 2367 929 2401; x_wconf 76' lang='lat' dir='ltr'>ret,</span> <span class='ocrx_word' id='word_1_619' title='bbox 952 2368 989 2394; x_wconf 91' lang='lat' dir='ltr'>ut</span> <span class='ocrx_word' id='word_1_620' title='bbox 1017 2361 1106 2401; x_wconf 89' lang='lat' dir='ltr'>loqui</span> <span class='ocrx_word' id='word_1_621' title='bbox 1133 2370 1200 2390; x_wconf 86' lang='lat' dir='ltr'>non</span> <span class='ocrx_word' id='word_1_622' title='bbox 1221 2359 1337 2400; x_wconf 83' lang='lat' dir='ltr'>possit.</span> <span class='ocrx_word' id='word_1_623' title='bbox 1365 2361 1384 2379; x_wconf 73' lang='lat'>⁸</span> <span class='ocrx_word' id='word_1_624' title='bbox 1399 2357 1468 2387; x_wconf 84' lang='lat' dir='ltr'>Fin.</span> <span class='ocrx_word' id='word_1_625' title='bbox 1490 2355 1512 2385; x_wconf 91' lang='lat' dir='ltr'>i.</span> <span class='ocrx_word' id='word_1_626' title='bbox 1535 2356 1588 2386; x_wconf 76' lang='lat'>20.</span> 
     </span>
     <span class='ocr_line' id='line_1_117' title="bbox 866 2397 1590 2446; baseline -0.015 -8"><span class='ocrx_word' id='word_1_627' title='bbox 866 2408 1006 2438; x_wconf 86' lang='lat' dir='ltr'>virtutes</span> <span class='ocrx_word' id='word_1_628' title='bbox 1034 2402 1316 2444; x_wconf 77' lang='lat' dir='ltr'>quemadmodum</span> <span class='ocrx_word' id='word_1_629' title='bbox 1342 2409 1474 2440; x_wconf 86' lang='lat' dir='ltr'>semper</span> <span class='ocrx_word' id='word_1_630' title='bbox 1499 2397 1590 2446; x_wconf 73' lang='lat' dir='ltr'>volu-</span> 
     </span>
     <span class='ocr_line' id='line_1_118' title="bbox 867 2441 1595 2491; baseline -0.015 -10"><span class='ocrx_word' id='word_1_631' title='bbox 867 2451 1015 2491; x_wconf 83' lang='lat' dir='ltr'>ptatibus</span> <span class='ocrx_word' id='word_1_632' title='bbox 1040 2450 1212 2484; x_wconf 72' lang='lat' dir='ltr'>inltaerent,</span> <span class='ocrx_word' id='word_1_633' title='bbox 1236 2456 1282 2476; x_wconf 86' lang='lat' dir='ltr'>sc.</span> <span class='ocrx_word' id='word_1_634' title='bbox 1311 2455 1351 2475; x_wconf 71' lang='lat' dir='ltr'>ex</span> <span class='ocrx_word' id='word_1_635' title='bbox 1378 2446 1490 2474; x_wconf 79' lang='lat' dir='ltr'>mente</span> <span class='ocrx_word' id='word_1_636' title='bbox 1514 2441 1595 2481; x_wconf 81' lang='lat' dir='ltr'>Ep1-</span> 
     </span>
     <span class='ocr_line' id='line_1_119' title="bbox 868 2495 950 2524; baseline -0.024 0"><span class='ocrx_word' id='word_1_637' title='bbox 868 2495 950 2524; x_wconf 59' lang='lat' dir='ltr'>curi</span> 
     </span>
    </p>

    <p class='ocr_par' dir='ltr' id='par_1_32' title="bbox 869 2529 1594 2611">
     <span class='ocr_line' id='line_1_120' title="bbox 914 2529 1594 2573; baseline -0.015 -6"><span class='ocrx_word' id='word_1_638' title='bbox 914 2537 1080 2568; x_wconf 74' lang='lat' dir='ltr'>Inluslare.</span> <span class='ocrx_word' id='word_1_639' title='bbox 1111 2535 1174 2565; x_wconf 84' lang='lat' dir='ltr'>Pis.</span> <span class='ocrx_word' id='word_1_640' title='bbox 1198 2537 1228 2565; x_wconf 84' lang='grc'>8.</span> <span class='ocrx_word' id='word_1_641' title='bbox 1260 2532 1419 2573; x_wconf 86' lang='lat' dir='ltr'>popinam</span> <span class='ocrx_word' id='word_1_642' title='bbox 1443 2529 1594 2561; x_wconf 69' lang='lat' dir='ltr'>inhalare</span> 
     </span>
     <span class='ocr_line' id='line_1_121' title="bbox 869 2580 980 2611; baseline -0.018 0"><span class='ocrx_word' id='word_1_643' title='bbox 869 2580 980 2611; x_wconf 89' lang='lat' dir='ltr'>alicui.</span> 
     </span>
    </p>

    <p class='ocr_par' dir='ltr' id='par_1_33' title="bbox 870 2616 1604 2920">
     <span class='ocr_line' id='line_1_122' title="bbox 911 2616 1596 2665; baseline -0.013 -11"><span class='ocrx_word' id='word_1_644' title='bbox 911 2624 1068 2660; x_wconf 76' lang='lat' dir='ltr'>Inltibere‚</span> <span class='ocrx_word' id='word_1_645' title='bbox 1078 2632 1137 2663; x_wconf 90' lang='lat' dir='ltr'>pro</span> <span class='ocrx_word' id='word_1_646' title='bbox 1146 2619 1311 2654; x_wconf 85' lang='lat' dir='ltr'>cohibere,</span> <span class='ocrx_word' id='word_1_647' title='bbox 1322 2617 1493 2658; x_wconf 88' lang='lat' dir='ltr'>impedire.</span> <span class='ocrx_word' id='word_1_648' title='bbox 1503 2616 1596 2665; x_wconf 79' lang='lat' dir='ltr'>Verr-</span> 
     </span>
     <span class='ocr_line' id='line_1_123' title="bbox 870 2659 1595 2704; baseline -0.014 -6"><span class='ocrx_word' id='word_1_649' title='bbox 870 2677 900 2697; x_wconf 89' lang='lat' dir='ltr'>v.</span> <span class='ocrx_word' id='word_1_650' title='bbox 924 2668 977 2698; x_wconf 83' lang='lat'>63.</span> <span class='ocrx_word' id='word_1_651' title='bbox 1005 2667 1045 2697; x_wconf 90' lang='lat' dir='ltr'>de</span> <span class='ocrx_word' id='word_1_652' title='bbox 1068 2665 1248 2704; x_wconf 81' lang='lat' dir='ltr'>remigibus</span> <span class='ocrx_word' id='word_1_653' title='bbox 1272 2662 1351 2702; x_wconf 85' lang='lat' dir='ltr'>quid</span> <span class='ocrx_word' id='word_1_654' title='bbox 1373 2661 1426 2692; x_wconf 86' lang='lat' dir='ltr'>sit.</span> <span class='ocrx_word' id='word_1_655' title='bbox 1449 2671 1478 2690; x_wconf 90' lang='lat' dir='ltr'>v.</span> <span class='ocrx_word' id='word_1_656' title='bbox 1495 2659 1595 2690; x_wconf 64' lang='lat' dir='ltr'>Attio.</span> 
     </span>
     <span class='ocr_line' id='line_1_124' title="bbox 872 2702 1596 2748; baseline -0.012 -7"><span class='ocrx_word' id='word_1_657' title='bbox 872 2711 940 2741; x_wconf 80' lang='lat' dir='ltr'>xiii.</span> <span class='ocrx_word' id='word_1_658' title='bbox 953 2712 1005 2741; x_wconf 71' lang='lat'>21.</span> <span class='ocrx_word' id='word_1_659' title='bbox 1030 2720 1069 2740; x_wconf 84' lang='lat' dir='ltr'>ex</span> <span class='ocrx_word' id='word_1_660' title='bbox 1087 2719 1152 2748; x_wconf 87' lang='lat' dir='ltr'>quo</span> <span class='ocrx_word' id='word_1_661' title='bbox 1169 2708 1242 2738; x_wconf 89' lang='lat' dir='ltr'>loeo</span> <span class='ocrx_word' id='word_1_662' title='bbox 1257 2705 1353 2736; x_wconf 85' lang='lat' dir='ltr'>docet</span> <span class='ocrx_word' id='word_1_663' title='bbox 1370 2704 1523 2735; x_wconf 82' lang='lat' dir='ltr'>Pearcius</span> <span class='ocrx_word' id='word_1_664' title='bbox 1539 2702 1596 2732; x_wconf 87' lang='lat' dir='ltr'>Or.</span> 
     </span>
     <span class='ocr_line' id='line_1_125' title="bbox 872 2747 1598 2793; baseline -0.014 -9"><span class='ocrx_word' id='word_1_665' title='bbox 872 2755 894 2784; x_wconf 90' lang='lat' dir='ltr'>i.</span> <span class='ocrx_word' id='word_1_666' title='bbox 912 2757 964 2785; x_wconf 81' lang='lat'>33.</span> <span class='ocrx_word' id='word_1_667' title='bbox 980 2758 1063 2784; x_wconf 82' lang='lat' dir='ltr'>extr.</span> <span class='ocrx_word' id='word_1_668' title='bbox 1089 2762 1147 2793; x_wconf 92' lang='lat' dir='ltr'>pro</span> <span class='ocrx_word' id='word_1_669' title='bbox 1174 2751 1385 2781; x_wconf 74' lang='lat' dir='ltr'>inhibuerunt</span> <span class='ocrx_word' id='word_1_670' title='bbox 1400 2757 1469 2778; x_wconf 83' lang='lat' dir='ltr'>esse</span> <span class='ocrx_word' id='word_1_671' title='bbox 1486 2747 1598 2785; x_wconf 84' lang='lat' dir='ltr'>legen-</span> 
     </span>
     <span class='ocr_line' id='line_1_126' title="bbox 873 2789 1601 2837; baseline -0.014 -9"><span class='ocrx_word' id='word_1_672' title='bbox 873 2797 953 2828; x_wconf 90' lang='lat' dir='ltr'>dum</span> <span class='ocrx_word' id='word_1_673' title='bbox 977 2797 1220 2828; x_wconf 84' lang='lat' dir='ltr'>sustinuerunt.</span> <span class='ocrx_word' id='word_1_674' title='bbox 1265 2793 1316 2824; x_wconf 91' lang='lat' dir='ltr'>De</span> <span class='ocrx_word' id='word_1_675' title='bbox 1341 2802 1375 2823; x_wconf 88' lang='lat' dir='ltr'>re</span> <span class='ocrx_word' id='word_1_676' title='bbox 1391 2792 1462 2832; x_wconf 84' lang='lat' dir='ltr'>ipsa</span> <span class='ocrx_word' id='word_1_677' title='bbox 1477 2800 1505 2821; x_wconf 87' lang='lat' dir='ltr'>v.</span> <span class='ocrx_word' id='word_1_678' title='bbox 1519 2789 1601 2837; x_wconf 78' lang='lat' dir='ltr'>Gro-</span> 
     </span>
     <span class='ocr_line' id='line_1_127' title="bbox 875 2830 1601 2872; baseline -0.015 -1"><span class='ocrx_word' id='word_1_679' title='bbox 875 2850 949 2871; x_wconf 92' lang='lat' dir='ltr'>nov.</span> <span class='ocrx_word' id='word_1_680' title='bbox 973 2841 1052 2872; x_wconf 73' lang='lat' dir='ltr'>Obn.</span> <span class='ocrx_word' id='word_1_681' title='bbox 1077 2841 1119 2869; x_wconf 89' lang='lat' dir='ltr'>iv.</span> <span class='ocrx_word' id='word_1_682' title='bbox 1133 2839 1187 2870; x_wconf 77' lang='lat'>26.</span> <span class='ocrx_word' id='word_1_683' title='bbox 1217 2836 1416 2872; x_wconf 71' lang='lat' dir='ltr'>*adhibere,</span> <span class='ocrx_word' id='word_1_684' title='bbox 1432 2834 1494 2865; x_wconf 84' lang='lat' dir='ltr'>uti.</span> <span class='ocrx_word' id='word_1_685' title='bbox 1516 2830 1601 2862; x_wconf 71' lang='lat' dir='ltr'>Phil.</span> 
     </span>
     <span class='ocr_line' id='line_1_128' title="bbox 876 2876 1604 2920; baseline -0.016 -4"><span class='ocrx_word' id='word_1_686' title='bbox 876 2884 944 2916; x_wconf 85' lang='lat' dir='ltr'>xiii.</span> <span class='ocrx_word' id='word_1_687' title='bbox 963 2887 1014 2917; x_wconf 78' lang='grc'>18.</span> <span class='ocrx_word' id='word_1_688' title='bbox 1044 2883 1160 2917; x_wconf 77' lang='lat' dir='ltr'>cadem</span> <span class='ocrx_word' id='word_1_689' title='bbox 1184 2881 1339 2914; x_wconf 73' lang='lat' dir='ltr'>inhiberet</span> <span class='ocrx_word' id='word_1_690' title='bbox 1361 2876 1524 2920; x_wconf 80' lang='lat' dir='ltr'>supplicia</span> <span class='ocrx_word' id='word_1_691' title='bbox 1546 2883 1604 2905; x_wconf 83' lang='lat' dir='ltr'>no-</span> 
     </span>
    </p>

    <p class='ocr_par' dir='ltr' id='par_1_34' title="bbox 926 2930 985 2959">
     <span class='ocr_line' id='line_1_129' title="bbox 926 2930 985 2959; baseline 0 0"><span class='ocrx_word' id='word_1_692' title='bbox 926 2936 945 2959; x_wconf 64' lang='lat' dir='ltr'>r</span> <span class='ocrx_word' id='word_1_693' title='bbox 958 2930 985 2959; x_wconf 81' lang='grc'>,4</span> 
     </span>
    </p>
   </div>
  </div>
 </body>
</html>
