1804 3178
661 98 806 128 INDEX
836 98 968 126 LA'rm
975 99 1127 129 [rsus.

144 180 237 213 Verr.
252 182 274 213 i.
286 185 314 214 1.
340 187 370 216 5.
385 183 553 215 advocatis
565 184 747 223 injudicio.
762 184 878 224 Quint.

144 226 177 257 2.
199 234 339 257 summa:
355 238 434 268 φα.
458 228 488 257 6.
507 228 658 267 potentia
670 227 877 266 singulorum

144 267 331 307 hominum,
348 279 420 310 quoe
444 270 580 310 ponitur
604 271 637 300 in
660 270 876 300 multitudine

143 312 340 350 amicorum,
356 313 531 350 clientum,
555 313 661 352 gratia
684 314 743 343 διο.
771 315 875 354 (gros-

141 363 195 384 ner
209 355 365 395 Anhang)
379 366 445 395 qua
459 356 562 396 possis
578 357 721 393 efficere,
733 367 806 396 quae
819 367 873 386 ve-

139 396 194 434 lis,
208 398 311 429 etiam
335 399 446 429 invitis
471 399 606 429 civibus.
633 399 698 430 off.
722 401 744 430 i.
765 403 811 434 19.
836 407 873 429 ut

140 449 211 480 opes
236 451 336 481 quam
363 442 524 472 maximas
551 448 807 482 consequantur.
831 443 873 474 ad

140 484 218 514 niv.
242 485 284 515 iv.
306 488 338 519 9.
361 495 430 524 opes
444 491 477 514 et
495 485 692 524 dignitatem
711 493 872 517 tenerem.

140 526 182 556 ef.
191 527 256 557 off.
268 528 289 557 i.
299 537 328 557 c.
340 529 392 558 21.
411 527 545 558 Cluent.
559 531 609 559 2⁴.
628 529 705 560 Lael.
720 531 823 560 6.0st'.
838 530 870 559 ii.

142 572 189 600 11.
212 569 308 600 Brut.
325 573 377 602 81.
397 574 427 604 7.
451 571 639 611 reipublitae
656 575 818 612 potentia,
835 574 868 603 in

136 611 271 650 divitiis,
287 614 498 651 exercitibus,
514 616 609 645 sociis
634 617 749 656 posita.
781 617 869 646 Sext.

139 657 167 685 1.
189 665 250 696 pro
265 657 368 687 tantis
383 659 491 697 opibus
506 659 644 698 reipubl.

183 698 304 738 Opime.
329 700 369 730 ad
382 701 530 731 Herenn.
543 703 583 732 iv.
595 705 647 736 47.
671 712 730 742 pro
741 703 867 743 optime

136 742 274 773 vestitus
291 743 504 781 citharoedus,
522 745 608 776 Clar.
635 745 798 776 Christius
823 746 868 775 le-

133 785 280 824 gendum
307 788 464 817 censebat
482 788 605 828 cqn'me:
631 788 663 818 1³.
685 798 714 818 e.
737 790 866 828 magni—

134 829 206 858 fiee.
238 829 282 860 Et
305 830 353 860 ita
373 832 474 870 opime
495 837 558 867 est,
576 841 605 861 v.
629 841 658 861 c.
681 841 733 871 ap.
757 832 865 862 Plaut.

131 871 288 903 Bacchid.
315 873 362 904 iii.
391 877 418 904 1.
445 874 475 904 6.
503 875 556 904 Sic
582 874 740 905 dicuntur
762 877 862 905 etiam

130 915 236 955 spolia
250 918 355 956 opima
369 929 378 946 .·
402 921 701 957 permutanturque
718 919 751 948 in
773 918 864 949 libris

129 959 232 998 opime
254 965 289 989 et
311 960 449 1000 optime.
476 970 506 991 v.
532 961 702 991 Drakenb.
726 961 767 991 ad
791 962 861 992 Liv.

129 1001 388 1042 xxi.43.1taque
401 1003 494 1033 valde
506 1003 577 1034 liaec
587 1004 776 1034 emendatio
783 1006 864 1035 arri-

130 1043 198 1074 det.
213 1045 329 1084 Neque
337 1052 451 1076 tamen
459 1048 697 1087 receptalectio
709 1048 860 1078 absurda.

176 1087 322 1128 (bimus,
352 1091 462 1120 minus
492 1092 600 1120 suavis
630 1095 688 1121 aut
717 1091 862 1129 elegans.

126 1129 184 1162 Or.
201 1134 255 1166 47.
287 1133 410 1163 eisdem
427 1141 499 1163 erat
515 1135 621 1164 verius
635 1145 645 1172 ς
671 1143 731 1163 nec
747 1138 860 1164 tamen

124 1173 249 1205 eisdem
274 1177 428 1215 opimius:
458 1177 573 1207 iisdem
601 1177 687 1206 male
709 1178 858 1207 sonabat.

124 1216 203 1248 ibid.
227 1221 257 1249 8.
287 1220 429 1259 opimum
453 1229 557 1258 genus
581 1221 749 1251 orationis.
781 1221 861 1250 *est

123 1266 240 1292 tamen
257 1263 358 1292 etiam
385 1264 417 1292 in
442 1263 550 1293 laude.
577 1263 669 1293 Brut.
684 1267 738 1297 78.
762 1273 859 1294 orna-

125 1308 241 1335 menta
254 1314 320 1335 non
337 1307 416 1336 satis
431 1307 546 1346 opima.

172 1347 359 1388 opinabilis,
375 1350 532 1380 incertus.
549 1349 650 1380 Acad.
666 1350 687 1380 i.
705 1353 735 1381 8.
756 1348 856 1381 Tuse.

123 1390 168 1421 iii.
185 1394 238 1422 31.

170 1433 320 1474 Opinari,
337 1436 383 1466 rei
408 1437 545 1466 incertae
569 1437 734 1474 assentiri,
754 1436 855 1467 Aead.

123 1477 166 1507 iv.
181 1479 235 1508 20.
260 1478 342 1508 nihil
356 1480 495 1518 opinari.

168 1520 328 1561 Quotie-
349 1522 450 1552 Tusc.
467 1523 509 1552 iv.
525 1526 556 1556 7.
579 1523 717 1561 opinatio
731 1526 781 1552 est
794 1523 855 1553 im-

123 1563 243 1594 becilla
255 1566 411 1595 assensio.
424 1565 511 1596 conf.
529 1565 629 1595 Acad.
643 1566 663 1596 i.
682 1568 728 1596 11.
745 1566 786 1595 iv.
799 1569 851 1597 34.

166 1603 336 1648 Opinator,
352 1610 409 1648 qui
426 1609 522 1639 rebus
539 1609 688 1648 quamvis
703 1609 852 1646 incertis,

118 1653 234 1681 tamen
251 1653 444 1690 assentitur,
460 1657 498 1682 ut
515 1653 612 1682 certis
628 1663 635 1680 ε
660 1656 698 1681 ut
721 1652 850 1682 faciunt

117 1693 320 1725 Academici.
350 1695 452 1725 Acad.
469 1696 510 1724 iv.
527 1696 579 1726 20.
613 1704 675 1734 ego
691 1704 765 1725 sum
782 1705 851 1725 ma-

118 1746 205 1777 gnus
219 1738 376 1778 opinator.

165 1779 335 1821 Opinatue.
377 1781 479 1811 Tuse.
511 1781 558 1811 iii.
594 1784 642 1811 11.
681 1782 850 1820 opinatum

116 1823 257 1862 bonum,
273 1825 454 1864 opponitur
469 1834 545 1854 vero
560 1828 595 1854 et
610 1828 712 1854 certo.

163 1866 342 1907 spiniosus,
357 1869 512 1908 opinator.
538 1867 640 1897 Acad.
654 1867 696 1896 iv.
713 1870 766 1901 47.
781 1868 850 1898 An-

114 1909 239 1949 tipater
259 1914 295 1940 et
315 1909 535 1941 Archidemus
558 1911 775 1951 opiniosissimi
792 1911 850 1941 ho-

115 1961 234 1984 mines.

163 1995 360 2037 Qpiclanne.
395 1997 492 2027 Brut.
520 1997 572 2031 69.
612 1996 721 2027 multa
749 2007 850 2037 opera

110 2039 222 2078 ignoti
245 2039 395 2070 homines
418 2044 454 2070 et
477 2040 642 2080 repentini
666 2046 848 2079 qnaestores

117 2082 199 2113 faeti
211 2089 291 2113 sunt
304 2083 463 2123 oppidano
473 2083 617 2122 quodam
630 2087 665 2113 et
676 2083 848 2113 incondito

116 2135 237 2165 genere
255 2125 401 2157 dicendi.
418 2126 439 2156 i.
455 2136 484 2156 e.
509 2136 574 2165 quo
590 2126 624 2156 in
640 2126 770 2166 oppidis
786 2127 848 2156 mi-

114 2169 250 2200 noribus
259 2169 368 2200 solent
378 2169 425 2199 uti
439 2181 446 2199 ι
461 2170 563 2199 nostri
579 2169 845 2200 kleinstadtisch.

160 2211 398 2252 Oppignerare‚
416 2213 544 2252 pignori
562 2212 651 2242 dare.
677 2212 767 2242 Sext.
793 2215 846 2243 51.

111 2254 214 2286 libelli
238 2257 342 2288 etiam
363 2266 422 2296 pro
446 2257 522 2286 vino
544 2265 632 2296 saepe
656 2257 846 2296 oppignera-

113 2299 245 2330 bantur.

158 2341 336 2383 opponere,
351 2342 371 2361 *
382 2342 618 2379 excusationis,
631 2346 689 2372 aut
701 2340 767 2371 alia
781 2351 846 2380 qua

110 2385 212 2416 simili
235 2386 275 2416 de
299 2395 399 2416 causa
420 2386 547 2415 afferre.
570 2385 639 2415 Att.
663 2385 684 2414 i.
712 2388 738 2414 1.
763 2384 845 2414 illud

108 2437 208 2459 suum
225 2438 364 2468 regnum
376 2428 535 2468 judiciale
551 2429 700 2468 opposuit.
724 2428 743 2447 ²*
755 2437 844 2457 com-

109 2480 296 2502 memorare
312 2472 346 2501 in
362 2471 563 2502 contrariam
580 2476 719 2511 partem.
753 2472 843 2501 Sext.

113 2518 163 2549 19.
186 2524 242 2546 eos
256 2516 368 2556 oppom'
385 2520 547 2545 auctores.
579 2514 619 2544 ad
635 2514 712 2544 Div.
728 2514 794 2543 viii.
815 2517 841 2544 l.

110 2567 230 2589 manus
245 2558 288 2588 ad
303 2567 338 2588 os
353 2567 517 2598 opponere,
529 2563 580 2587 est
596 2558 727 2595 signum
745 2557 844 2586 silen-

109 2600 151 2630 tii
174 2601 339 2631 servandi.
372 2601 391 2619 *
403 2601 490 2631 Cum
525 2600 755 2641 praepositione
791 2599 842 2629 ad.

110 2641 200 2674 Mur.
222 2647 275 2675 40.
300 2644 342 2674 ad
363 2653 462 2674 omne
480 2643 664 2684 periculum
680 2646 778 2682 atque
801 2642 842 2672 ad

110 2695 244 2716 omnem
261 2687 417 2717 invidiam
433 2687 522 2717 solus
537 2688 713 2727 opponitur.
747 2686 840 2715 Verr.

109 2729 157 2758 iii.
171 2732 223 2762 57.
241 2728 283 2759 ad
294 2731 464 2769 pactiones
480 2730 647 2760 faciendas
664 2738 729 2759 non
746 2738 841 2758 suam

108 2771 292 2809 vim,—sed
307 2778 405 2804 tuum
421 2783 542 2803 nomen
557 2776 756 2813 opponerent.

155 2814 395 2855 Opportunitas.
418 2815 489 2847 Inv.
507 2818 528 2848 i.
543 2819 574 2847 2.
593 2816 842 2856 opportunitates

106 2857 145 2889 ln
160 2858 279 2890 animis
295 2867 408 2891 rerum
427 2861 647 2893 maximarum
663 2872 670 2890 :
695 2858 735 2890 de
755 2857 842 2889 doti-

1572 94 1652 140 ⁸75

926 184 986 215 bus
1002 185 1117 216 animi.

973 226 1149 267 oppressio,
1166 230 1315 261 servitus.
1340 231 1441 262 Attio.
1461 233 1494 263 ii.
1515 236 1561 264 18.
1589 234 1648 265 hu·

923 274 1039 300 tamen
1051 271 1084 301 in
1096 267 1283 310 wressi'one
1294 274 1575 307 sermo—liberior
1585 286 1647 314 est,

924 323 1023 352 quani
1040 313 1116 344 suit.
1131 315 1172 343 cs.
1189 316 1283 345 Offic.
1301 317 1344 346 iii.
1361 320 1412 347 2’1.

969 356 1154 396 Oppressus,
1179 358 1212 386 in
1235 368 1382 389 sermone
1405 367 1455 390 est
1477 358 1645 400 obscurus,

922 408 987 430 non
1003 401 1083 430 satis
1100 399 1187 429 clare
1209 403 1455 440 pronunciatus,
1472 410 1506 433 ut
1525 404 1647 435 intelli-

920 444 952 481 gi
977 444 1089 483 possit.
1123 444 1217 473 Offic.
1235 444 1254 472 i.
1270 446 1321 477 37.
1355 444 1456 474 literae
1472 455 1577 485 neque
1592 458 1643 487 op-

914 496 1044 525 pressae,
1058 496 1164 525 neque
1174 495 1350 526 expressae,
1363 496 1403 516 ne
1419 494 1476 517 aut
1491 490 1641 527 putidum

917 530 973 566 sit,
999 533 1058 559 aut
1080 530 1269 560 obscurum.
1303 530 1399 559 ‘non
1423 530 1512 560 liber.
1537 532 1644 564 Pison.

922 575 969 603 13.
1004 581 1097 602 mens
1125 582 1270 613 oppressa
1302 572 1448 612 premio,
1486 573 1561 603 ibid.
1595 579 1642 609 17.

916 616 1120 646 conscientia
1156 616 1318 646 scelerum
1355 625 1529 655 oppressus,
1561 617 1642 647 nihil

915 668 1013 688 ausus
1031 665 1079 689 est
1096 658 1136 689 aul
1151 664 1305 689 senatum
1320 660 1471 689 scribere.
1495 659 1641 690 ‘coerci-

915 706 983 738 tus,
999 702 1158 732 frenatus.
1184 702 1289 732 Flacc.
1318 703 1364 732 16.
1395 702 1533 732 audacia
1551 712 1639 733 com-

914 745 1075 784 prehensa
1105 750 1139 775 et
1166 755 1313 785 oppressa
1341 749 1488 775 tenetur.
1521 745 1639 776 ¹'furto

913 787 1041 818 ablatus
1064 793 1098 817 et
1121 793 1283 818 retentus.
1305 788 1395 818 Verr.
1420 788 1453 818 ii.
1477 791 1525 822 19.
1548 789 1640 828 quie-

912 831 990 870 quid
1005 830 1113 861 caelati
1128 832 1270 870 argenti,
1286 830 1530 861 Corinthiorum
1547 841 1638 862 vaso-

911 874 1101 905 ruin—haec
1118 884 1215 904 nemo
1231 874 1415 910 dubitabat,
1431 874 1510 913 quin
1527 884 1566 904 ex
1582 874 1639 905 illa

911 917 1008 947 domo
1031 923 1128 958 capta
1151 925 1184 948 et
1206 927 1354 958 opp-essa
1371 919 1429 947 dcc.
1452 917 1522 947 ‘de
1538 920 1636 948 mori-

911 960 1023 991 bundo
1038 966 1088 990 est
1105 961 1184 991 Coel.
1201 964 1252 991 ⁴24.
1277 970 1370 990 mens
1381 969 1536 1000 oppressa.
1553 961 1636 991 ‘su-

913 1004 982 1034 bito
1006 1009 1134 1044 ruptus.
1160 1003 1241 1034 Lael.
1265 1006 1317 1034 21.
1345 1008 1383 1034 ut
1405 1004 1552 1034 auiicitia
1577 1011 1635 1044 po-

912 1047 978 1076 tius
1008 1047 1173 1077 exstincta
1203 1057 1301 1086 quam
1332 1056 1479 1086 oppressa
1504 1047 1634 1079 -videre-

908 1097 964 1119 tur
993 1090 1062 1129 (np.
1089 1090 1175 1120 sicut
1198 1089 1388 1120 incendium
1414 1089 1535 1128 ruina).
1561 1091 1633 1121 Cae-

907 1133 972 1162 ein.
1000 1134 1048 1163 16.
1064 1134 1121 1172 jus
1144 1132 1238 1162 civile
1261 1142 1453 1172 oppressum,
1469 1139 1531 1169 est,
1555 1143 1632 1164 eum

907 1176 1070 1215 potentia,
1094 1176 1211 1215 gratia,
1243 1176 1383 1216 pecunia
1412 1176 1563 1214 efficitur,
1595 1181 1633 1207 ut

906 1225 1023 1249 contra
1032 1219 1088 1257 jus
1105 1224 1234 1258 agatur.

953 1261 1151 1302 Omnimere,
1168 1265 1330 1298 coercere,
1348 1262 1536 1301 reprimere.
1561 1262 1632 1294 Pin.

905 1305 938 1335 ii.
961 1308 1008 1335 10.
1023 1315 1097 1344 quae
1108 1306 1178 1349 jam
1192 1306 1297 1335 oratio
1312 1314 1377 1334 non
1393 1315 1412 1334 a
1426 1304 1633 1345 philosopho,

903 1348 960 1378 sed
976 1359 995 1378 a
1009 1348 1152 1378 Censore
1167 1348 1374 1388 opprimenda
1389 1353 1448 1377 est.
1473 1348 1491 1365 ¹*
1502 1348 1593 1378 Verr.
1611 1350 1631 1379 i.

904 1396 934 1425 9.
958 1393 1093 1432 opprimi
1109 1401 1182 1422 reus
1199 1392 1332 1427 dieitur,
1344 1391 1400 1430 qui
1416 1390 1540 1421 indicta
1554 1401 1631 1422 cau-

903 1444 951 1471 sa,
990 1435 1152 1473 injusteve
1187 1434 1439 1464 condemnatur.
1472 1434 1630 1474 ¹*cogere

902 1476 994 1507 Verr.
1018 1478 1064 1507 iii.
1088 1481 1139 1508 58.
1163 1478 1297 1513 institit,
1312 1478 1472 1517 impressit,
1489 1487 1555 1507 non
1579 1487 1629 1508 re-

902 1521 1004 1551 misit.
1028 1520 1166 1550 ductum
1193 1525 1243 1550 est
1266 1520 1306 1549 ab
1326 1520 1537 1560 oppressione
1556 1520 1628 1551 sau-

901 1564 1002 1594 cium.
1026 1563 1192 1603 *opprimi
1215 1563 1348 1599 dicitur,
1364 1564 1550 1601 cuicunque
1569 1563 1629 1594 ali-

900 1607 979 1645 quid
1001 1607 1112 1636 subito
1135 1611 1169 1636 et
1192 1610 1311 1646 praeter
1332 1606 1520 1646 opinionem
1542 1607 1628 1636 acci-

900 1650 959 1679 dit.
982 1650 1075 1680 verr.
1097 1650 1140 1680 iv.
1162 1649 1214 1683 67.
1239 1659 1280 1679 ne
1296 1649 1406 1679 subito
1421 1659 1440 1679 a
1455 1658 1507 1679 me
1523 1650 1627 1689 oppri-

900 1697 1049 1730 mantia,
1073 1702 1117 1722 se.
1148 1692 1392 1732 interrogando.
1423 1692 1466 1722 ib.
1498 1692 1543 1722 iii.
1573 1696 1626 1727 91.

897 1736 1083 1766 Antonium
1109 1745 1197 1766 mors
1221 1737 1382 1776 oppressit.
1407 1738 1496 1774 *pro
1517 1734 1628 1765 occul-

897 1783 968 1809 tare
984 1784 1035 1809 est
1049 1779 1145 1809 Rosc.
1160 1780 1235 1809 Am.
1251 1781 1304 1809 41.
1327 1778 1367 1808 ab
1384 1778 1422 1808 iis
1433 1779 1627 1818 opprimitur

897 1826 931 1852 et
945 1821 1168 1852 absconditur.

945 1865 1110 1906 optabilis.
1133 1866 1190 1895 Or.
1213 1865 1247 1894 ii.
1266 1866 1317 1895 82.
1340 1865 1373 1894 in
1390 1863 1559 1894 suadendo
1575 1864 1625 1894 ni-

897 1909 944 1939 liil
960 1914 1010 1938 est
1033 1909 1213 1948 optabilius,
1230 1908 1251 1937 i.
1268 1918 1297 1937 e.
1315 1907 1418 1946 magis
1435 1906 1625 1946 legendum,

896 1953 930 1982 in
946 1952 1077 1982 delectu
1093 1954 1364 1991 argumentorum
1381 1949 1596 1988 sequendum.

944 1994 1077 2035 Optare,
1106 1994 1281 2033 requirere.
1315 1994 1436 2023 Caecin.
1465 1995 1514 2023 10.
1545 1991 1624 2031 quid

897 2048 995 2068 eausa
1017 2043 1151 2078 opturet.
1175 2037 1344 2076 *deligere
1369 2045 1472 2065 unum
1487 2045 1505 2065 e
1522 2035 1625 2075 pluri·

896 2082 967 2111 bus.
998 2081 1092 2112 Rosc.
1110 2080 1147 2110 A.
1168 2083 1216 2110 11.
1243 2084 1325 2119 optet
1341 2084 1452 2108 utrum
1471 2078 1576 2108 malit.
1591 2088 1621 2109 v.

895 2125 1001 2155 Graev.
1018 2124 1058 2154 ad
1074 2124 1190 2162 Quint.
1205 2128 1236 2157 9.
1265 2127 1375 2161 optare
1389 2121 1559 2160 eleganter
1573 2121 1622 2152 di-

895 2172 1018 2198 cuntur
1039 2166 1237 2207 philosophi,
1259 2166 1315 2204 qui
1338 2164 1461 2203 aliquid
1484 2169 1622 2194 conten-

894 2211 980 2241 dunt
1009 2220 1122 2240 verum
1153 2219 1236 2245 esse,
1265 2214 1300 2238 et
1329 2208 1470 2247 cupiunt
1500 2216 1622 2248 propu—

895 2261 1001 2293 gnare
1022 2258 1057 2283 et
1079 2253 1288 2287 confirmare,
1311 2251 1367 2280 sed
1393 2259 1458 2280 non
1481 2254 1621 2290 possunt

895 2297 1013 2327 idonea
1027 2300 1226 2336 argumenta
1242 2294 1367 2324 afferre.
1402 2293 1502 2323 Tusc.
1519 2293 1551 2323 ii.
1572 2297 1620 2325 13.

892 2345 1001 2380 optare
1016 2339 1076 2369 hoc
1092 2344 1155 2376 est,
1173 2347 1238 2368 non
1255 2337 1380 2366 docere.
1397 2335 1439 2366 cf.
1462 2335 1562 2366 Acad.
1577 2338 1619 2367 iv.

893 2387 945 2414 38.
975 2383 1053 2413 Nat.
1079 2382 1120 2412 D.
1144 2382 1166 2412 i.
1190 2386 1221 2412 8.
1247 2384 1356 2420 optata
1379 2379 1496 2418 magis,
1520 2389 1619 2419 quam

892 2427 1026 2457 inventa
1041 2425 1204 2455 videntur.

939 2468 1126 2510 optimates,
1138 2468 1193 2506 qui
1211 2466 1340 2507 proprie
1356 2465 1436 2502 sint,
1448 2475 1567 2506 nempe
1583 2466 1619 2503 ii,

891 2513 946 2552 qui
971 2513 1105 2553 optimas
1130 2517 1240 2551 partes
1271 2510 1305 2539 in
1328 2508 1453 2548 republ.
1477 2519 1620 2549 sequun-

890 2562 959 2592 tur,
996 2560 1275 2595 opponunturque
1317 2552 1542 2591 popularibus,
1579 2552 1619 2582 de

891 2599 1008 2638 quibus
1034 2607 1122 2632 mox,
1140 2596 1278 2626 docetur
1300 2596 1388 2625 Sext.
1410 2598 1466 2632 45,
1483 2595 1535 2626 66.
1562 2595 1618 2634 qui

890 2647 968 2671 sunt
995 2641 1056 2670 lovi
1088 2639 1226 2675 classici,
1251 2644 1284 2668 et
1310 2638 1465 2677 quoniam
1491 2638 1524 2668 hi
1551 2638 1618 2668 sere

889 2690 970 2714 sunt
1006 2683 1156 2712 homines
1200 2681 1407 2721 superiorum
1452 2681 1618 2718 ordinum,

890 2727 984 2767 pauci
1008 2725 1048 2755 de
1071 2725 1178 2765 plebe,
1196 2725 1257 2754 nisi
1272 2724 1354 2755 forte
1375 2723 1619 2764 locupletiores,

887 2774 1064 2810 propterea
1077 2770 1244 2808 optimates
1260 2768 1362 2797 etiam
1377 2767 1544 2797 interdum
1561 2777 1618 2806 op-

889 2818 1060 2854 ponuntur
1075 2812 1173 2851 plebi.
1190 2811 1254 2842 vid.
1270 2809 1406 2841 Tuscul.
1420 2810 1441 2839 i.
1455 2813 1509 2840 45.

935 2855 1036 2896 Optio.
1062 2855 1095 2885 in
1113 2854 1225 2886 Caecil.
1245 2857 1293 2885 14.
1321 2854 1472 2894 optionem
1489 2852 1614 2887 facem:

973 2907 993 2930 Β
1009 2899 1031 2929 b
1056 2900 1076 2929 4
