1804 3178
599 118 744 147 INDEX
778 116 1069 146 LATINITATIS·

79 204 122 236 iv.
140 207 171 237 4.
195 215 310 239 omnes
324 205 475 250 subjure
485 210 520 237 et
536 207 674 247 imperio
689 214 807 235 consu-

76 247 118 279 lis
148 249 269 282 debent
301 262 370 282 esse
407 251 596 292 provinciae.
628 248 715 279 undi-
747 258 806 279 suu

67 289 153 335 jure
167 294 274 325 faeere
289 294 415 335 aliquid
436 294 605 330 dicuntur,
622 294 677 332 qui
694 292 806 327 libere,

77 345 138 376 pro
154 339 304 376 arbitrio,
317 339 450 369 nemine
468 335 684 377 impediente,
697 337 805 376 impu-

77 380 284 417 ne,l‘aciunt.
310 381 487 412 Fin.v.‘2.·'›.
515 380 694 410 Manilfaez.
722 379 802 409 (Joel.

78 424 129 454 lb'.
157 424 250 455 Verr.
280 425 313 456 ii.
346 427 393 455 14.
425 424 466 454 ad
494 424 567 455 Div.
597 424 664 453 xiii.
691 427 743 458 77.
775 433 803 452 v.

73 466 183 498 Graev.
210 472 245 499 et
277 468 406 499 Duker.
438 468 479 498 ad
520 467 602 497 Flor.
635 467 655 497 i.
692 470 738 500 17.
773 470 802 498 5.

73 509 191 541 Burm.
215 511 258 542 ad
280 511 406 542 Lucan.
431 512 452 541 i.
477 513 507 542 2.
531 513 549 529 ¹¹
565 511 654 541 locus
672 510 727 541 ubi
742 509 804 552 jus

73 552 207 584 dicitur.
229 554 347 595 Quint.
368 558 416 590 19.
441 554 543 595 injus
560 564 672 584 vocas:
695 555 803 594 scqui-

71 602 141 627 tur.
171 597 293 628 Caecin.
314 602 362 634 19.
387 600 520 638 quando
535 605 569 629 te
586 596 708 640 injure
724 608 801 627 con-

71 640 187 680 spicio.
210 640 252 671 cf.
280 642 399 683 Quint.
425 645 476 673 25.
502 642 593 672 Vm.
620 643 653 672 ii.
678 645 731 676 77.
760 643 801 671 iv.

71 684 125 714 65.
149 684 225 714 Sen.
243 695 274 725 p.
294 686 331 716 R.
348 692 378 719 9.
403 686 577 726 *aequunn
604 685 686 715 Phil.
700 685 732 715 ii.
747 687 799 718 ²29.

61 722 125 766 jus
145 728 349 767 postulabas,
366 729 444 769 qnid
469 730 510 761 ad
535 730 629 759 rem?
657 728 729 769 plus
745 728 798 758 ille

70 776 213 810 poterat.
249 771 354 814 *jure
382 773 506 804 dicitur
533 773 708 812 exquisite,
741 782 799 812 pro

68 816 308 847 convenienter
330 823 459 847 naturae
484 826 605 847 reruni.
628 816 729 847 Tusc.
754 816 800 846 iii.

74 860 123 889 15.
141 868 170 889 v.
187 864 257 890 not.

110 901 286 933 Justitium
300 907 365 940 est,
381 913 457 934 cum
474 903 667 942 jurisdictio
690 908 725 933 et
739 902 797 941 ju-

67 944 156 976 dicia
184 945 317 986 publiea
347 956 413 977 uon
450 952 661 985 exercentur,
694 947 726 977 id
759 947 797 977 fit

66 987 177 1019 edicto
189 989 280 1020 Coss.
304 989 388 1020 Phil.
405 1000 435 1020 v.
456 992 503 1020 12.
519 991 686 1033 jus-[icium
700 991 794 1021 edici.

68 1041 98 1062 v.
116 1032 203 1073 inpr.
227 1032 320 1063 Fabri
337 1033 494 1065 Semestr.
511 1035 544 1065 ii.
564 1038 612 1065 10.

108 1075 239 1115 austras,
255 1077 333 1107 satis
351 1087 505 1118 magnus,
522 1078 699 1109 sufficiens.
722 1077 794 1109 Att.

66 1127 97 1148 v.
115 1120 146 1149 2.
160 1117 257 1161 justa
273 1121 404 1151 itinera.
429 1121 470 1151 ad
484 1122 560 1152 Div.
579 1123 612 1152 ii.
635 1124 682 1153 10.
697 1119 795 1162 justa

66 1162 215 1194 victoria.
233 1163 252 1183 ¹*
255 1162 352 1206 justa
363 1165 535 1203 dicuntur,
551 1166 728 1204 exsequiae,
745 1164 796 1195 fu-

65 1215 140 1237 nus.
164 1206 261 1238 Rose.
283 1207 322 1238 A.
349 1211 378 1240 8.
394 1205 493 1248 justa
517 1209 654 1239 solvere.
686 1208 792 1239 Flacc.

65 1252 121 1281 38.
133 1247 229 1292 justa
246 1251 336 1282 faeta
352 1251 515 1283 Catilinae.
538 1252 580 1283 ef.
600 1251 678 1292 Leg.
696 1252 728 1284 ii.
742 1254 794 1284 252.

63 1293 234 1324 Addamus
250 1296 349 1326 verba
364 1295 533 1334 Gronovii‚
550 1297 698 1326 tironum
716 1306 794 1326 cau-

64 1345 121 1367 sa:
145 1338 247 1369 Juxta
263 1342 341 1369 sunt
358 1345 469 1370 certus
486 1339 620 1379 quidam
639 1339 793 1370 modulus

63 1389 189 1419 rerum,
202 1387 291 1414 stato
302 1387 453 1423 tempore
465 1383 706 1420 faciendarum,
719 1383 794 1414 sun-

63 1423 261 1463 gendarum,
274 1425 472 1464 dandarum,
483 1426 771 1468 percipiendarum
784 1439 791 1458 ς

61 1467 199 1506 quodvis
240 1479 395 1510 pensum,
433 1470 593 1507 officium,
631 1469 793 1502 solennia.

61 1509 140 1542 obs.
155 1511 196 1542 iv.
213 1512 243 1542 6.
267 1523 299 1553 p.
317 1516 367 1544 80.
384 1523 431 1552 sq.
455 1513 534 1544 hinc
547 1513 675 1554 explica
690 1514 793 1544 etiarn

64 1553 215 1586 solennia
237 1561 272 1586 et
285 1555 384 1597 justa
399 1557 565 1588 ludorum.
589 1558 670 1589 Har.
694 1557 794 1598 Resp.

64 1600 115 1628 10.
139 1601 223 1630 extr.

67 1681 74 1688 .
101 1640 241 1674 Juvare.
268 1643 309 1674 ad
332 1643 408 1675 Div.
434 1644 480 1674 iii.
512 1647 539 1675 l.
567 1643 680 1682 homo,
703 1644 792 1684 quod

48 1690 159 1725 juvet,
174 1687 334 1718 curiosus.
357 1687 513 1726 formula,
530 1697 596 1727 qua
613 1688 739 1719 utimur
754 1689 788 1718 in

57 1737 106 1767 re,
123 1739 198 1769 quae
214 1731 335 1761 bonam
352 1736 386 1762 et
403 1731 523 1762 malam
541 1732 790 1772 interpretatio-

58 1780 137 1802 nem
164 1773 277 1813 habet,
303 1784 346 1805 ne
370 1775 529 1814 deterius,
557 1785 596 1809 ae
623 1774 789 1814 volumus,

62 1816 257 1858 accipiatur.

401 1905 442 1938 L.

100 1989 245 2029 Labare,
259 1990 300 2022 de
316 1992 495 2024 mutaturis
509 1991 700 2031 consilium,
712 2003 787 2034 par-

55 2034 117 2064 tes.
141 2033 226 2065 Phil.
238 2035 281 2065 vi.
298 2037 330 2066 4.
352 2045 428 2067 cum
442 2036 472 2068 ei
485 2037 597 2067 labare
608 2036 786 2068 videretur.

54 2076 97 2107 ad
111 2076 183 2108 Att.
198 2087 231 2108 x.
250 2081 299 2109 15.
323 2079 476 2111 cohortes
489 2080 599 2111 labare
614 2080 785 2111 dicuntur.

59 2156 64 2162 ¹
97 2119 326 2162 Labdactare.
350 2122 421 2154 lnv.
442 2124 463 2154 i.
488 2125 519 2155 2.
541 2123 678 2164 ingenio
700 2123 786 2154 freta

54 2163 197 2203 malitia,
214 2170 401 2206 pervertere
417 2167 580 2222 urbesfft
593 2168 679 2198 vitas
700 2168 785 2199 labe·

40 2206 184 2247 factare
198 2209 309 2250 coepit.

98 2250 283 2283 babellum.
312 2251 393 2293 Leg.
426 2254 459 2284 ii.
478 2237 543 2286 33.
574 2262 652 2284 nam
683 2263 784 2294 super

51 2297 149 2326 terrae
163 2295 337 2327 tumulum
359 2296 466 2328 noluit
482 2296 562 2336 quid
582 2297 700 2336 statui,
719 2298 782 2328 nisi

52 2336 265 2373 columellam
288 2339 394 2370 tribus
417 2340 538 2371 cubitis
556 2349 596 2370 ne
612 2339 780 2380 altiorem,

49 2385 110 2412 aut
121 2391 271 2413 mensam
287 2387 346 2414 aut
357 2385 510 2415 labellum
521 2395 530 2413 .-
549 2383 582 2414 h.
595 2393 624 2414 e.
637 2383 781 2424 lapidem

49 2430 248 2457 excavatum
271 2427 307 2457 in
334 2427 416 2458 labri
439 2427 595 2465 formam,
619 2437 718 2467 quam
747 2435 782 2459 et
826 2436 847 2466 q

49 2477 163 2500 arcam
185 2470 360 2501 vocabant.
382 2481 413 2502 v.
429 2470 569 2502 Guther.
590 2470 664 2502 Jur.
688 2471 780 2502 Man.

48 2512 83 2543 ii.
101 2513 154 2544 23.
170 2514 224 2545 24.
247 2514 305 2554 qui
326 2519 361 2544 et
377 2515 500 2555 figuras
516 2513 650 2545 exhibet
665 2526 672 2545 :
698 2515 780 2546 item

49 2554 172 2586 solium
187 2568 194 2587 ε
220 2556 291 2589 Liv.
306 2558 382 2588 xliv.
399 2559 430 2590 6.
453 2557 529 2589 add.
544 2557 627 2588 Intt.
643 2557 684 2588 ad
699 2558 782 2588 Sue-

47 2602 119 2630 ton.
145 2598 225 2631 Ner.
243 2603 296 2633 50.
322 2607 406 2632 extr.
432 2601 522 2632 unde
545 2601 648 2632 etiam
672 2611 781 2632 sarco·

48 2641 149 2682 phagi
174 2643 258 2674 solia
281 2643 452 2676 dicuntur.
486 2644 571 2675 Plin.
600 2654 696 2676 xxxv.
728 2647 777 2677 19.

46 2684 155 2716 Graeci
172 2692 293 2718 vocant
310 2687 432 2719 σῦιλον.

90 2727 209 2767 Labes,
235 2731 344 2762 ruina.
369 2733 445 2763 Div.
473 2733 494 2762 i.
519 2734 573 2763 43.
601 2731 686 2762 labes
708 2732 779 2771 agri

45 2770 259 2804 Privernatis.
286 2775 386 2806 Dom.
414 2779 441 2806 1.
474 2776 560 2806 labes
583 2785 620 2805 ac
645 2775 780 2805 flamma

45 2815 127 2856 reip.
155 2815 260 2848 Flacc.
281 2820 330 2849 10.
353 2819 438 2850 labes
450 2819 663 2850 innocentiae.

90 2858 190 2898 Labi,
218 2859 258 2890 de
291 2861 388 2892 rebus
422 2863 622 2893 interituris.
656 2863 713 2893 Or.
748 2864 779 2892 3.

46 2905 161 2936 cetera
183 2903 288 2942 nasci,
304 2904 467 2944 occidere,
484 2905 601 2945 fluere,
618 2906 694 2937 labi.
716 2904 782 2935 *in

1497 111 1581 151 339

851 203 996 234 deterius
1009 205 1140 235 mutari.
1165 205 1244 245 Lag.
1262 207 1294 237 ii.
1314 209 1362 237 15.
1385 215 1491 238 mores
1504 209 1576 250 Iap-

849 250 876 278 si
900 248 939 277 ad
965 246 1152 279 molliti-un.
1176 249 1347 289 ‘degi-udi.
1372 248 1451 289 Leg.
1477 253 1496 281 i.
1520 254 1573 287 90.

853 291 926 321 Div.
956 291 989 320 ii.
1015 294 1067 324 37.
1097 292 1185 321 labor
1208 293 1346 333 lougius.
1378 294 1504 324 ‘At-ad.
1532 296 1574 326 iv,

851 337 902 365 45.
927 335 1016 364 labor
1033 344 1083 370 νο,
1101 337 1139 364 ut
1154 337 1322 367 assentiar.
1340 337 1359 367 i.
1376 347 1404 366 e.
1423 336 1574 370 inclinor.

895 378 1014 408 Labor.
1037 378 1136 408 Tusc.
1154 380 1186 408 ii.
1209 382 1254 409 15.
1278 380 1354 418 quid
1371 381 1439 410 sit?
1467 380 1574 410 ‘Clu-

849 427 919 452 cnt.
946 424 997 452 53.
1023 422 1111 452 labor
1136 422 1317 461 legitimus,
1340 428 1390 452 ost
1412 425 1494 463 ejus,
1517 424 1574 464 qui

849 471 1024 495 accusatur
1038 475 1076 495 ex
1095 465 1231 505 legibus.
1244 498 1247 500 ,

895 509 1070 539 Laborat-e.
1099 509 1178 539 Nat.
1204 510 1246 539 1).
1274 509 1304 538 iiv
1333 509 1384 538 60.
1419 509 1509 539 nullo
1537 510 1572 541 in

849 558 942 582 motu
959 553 1082 583 laborat
1095 566 1104 584 .·
1131 553 1170 582 de
1186 562 1237 590 eo,
1250 553 1302 581 cui
1319 551 1423 581 facilis
1438 559 1489 582 est
1502 562 1573 583 om-

850 597 900 625 nis
917 602 1037 626 motus

890 638 1086 677 Laceratus,
1103 649 1161 679 pro
1177 638 1375 669 elaboratus.
1400 638 1480 668 Coel.
1493 641 1545 670 22.

890 684 1093 720 Labor-iosus,
1111 683 1150 713 de
1174 682 1307 713 homine
1325 682 1438 712 multis
1455 682 1574 713 dolori-

845 726 905 756 bus
933 727 1062 757 affecto.
1093 726 1162 756 l‘in.
1189 727 1221 756 ii.
1247 728 1299 757 2³3.
1323 731 1405 756 extr.
1428 726 1573 757 ‘multis

844 771 1004 801 laboribus
1040 771 1178 801 obrutus
1209 774 1244 799 et
1281 774 1430 806 vexatus,
1464 770 1574 802 miser.

843 813 922 844 Coel.
946 817 970 845 1.
996 823 1051 844 νος
1068 814 1231 844 laboriosos
1245 818 1354 853 putet.
1378 812 1462 843 Phil.
1479 814 1522 844 xi.
1537 816 1571 844 4.

842 857 1063 898 distinguitur
1086 859 1256 889 laboriosus
1271 864 1306 888 et
1322 859 1433 895 miser,
1450 856 1508 887 sed
1523 866 1574 888 se-

843 901 991 932 cundum
1006 901 1229 942 philosophos.

889 945 1045 976 Lam-um.
1077 945 1117 975 ad
1142 945 1218 975 Div.
1247 944 1309 974 xiv.
1337 945 1389 974 20.
1421 951 1476 973 vas
1502 943 1574 975 bal·

844 997 956 1026 neare,
972 989 1006 1018 in
1022 999 1086 1028 quo
1103 989 1142 1018 fit
1156 987 1287 1018 lavatio.

885 1032 1060 1062 Lacerare.
1093 1031 1209 1071 Quint.
1242 1034 1290 1061 15.
1323 1032 1470 1061 lacerare
1497 1029 1574 1061 reli-

840 1075 932 1115 quias
949 1076 1046 1106 vitae:
1069 1075 1099 1105 h.
1115 1085 1144 1105 e.
1161 1075 1314 1104 auctione
1331 1073 1483 1104 vendere.

883 1119 1076 1151 Laceratus.
1101 1117 1192 1148 Verr.
1210 1118 1255 1148 iii.
1272 1121 1324 1152 70.
1352 1119 1499 1148 lacerata
1512 1126 1572 1158 pe·

840 1163 952 1200 cunia,
969 1162 1063 1202 cujus
1079 1171 1153 1202 pars
1171 1170 1284 1191 aversa
1300 1166 1361 1191 est.

883 1206 1049 1244 Lam-na,
1063 1206 1161 1236 vestis
1177 1205 1328 1242 crassior,
1340 1214 1405 1243 qua
1421 1214 1440 1234 a
1450 1203 1572 1243 frigore

838 1253 872 1279 et
899 1250 1019 1290 pluviis
1046 1259 1079 1279 se
1107 1249 1141 1280 in
1168 1248 1340 1278 itineribus
1364 1248 1572 1278 muniebant.

840 1292 924 1325 Phil.
942 1293 974 1323 ii.
988 1296 1039 1324 30.
1056 1292 1095 1323 de
1107 1292 1169 1322 hac
1182 1298 1270 1322 veste
1282 1290 1397 1322 multis
1409 1292 1479 1330 agit
1495 1291 1573 1321 Fer-

840 1346 901 1367 rar.
923 1337 959 1367 R.
976 1336 1014 1367 V.
1034 1346 1064 1376 p.
1087 1336 1120 1366 ii.
1136 1336 1158 1366 l.
1175 1336 1196 1366 i.
1222 1346 1250 1365 c.
1268 1337 1295 1365 1.
1313 1335 1344 1366 6.
1369 1345 1417 1374 sq.
1443 1335 1572 1365 Ruben.

839 1381 859 1410 i.
881 1382 912 1411 6.
937 1379 1073 1410 SalmaS.
1098 1379 1140 1410 ad
1154 1379 1273 1419 Seript.
1291 1378 1379 1410 Hist.
1397 1378 1482 1418 Aug.
1497 1378 1572 1418 plu-

840 1424 929 1454 ribus
946 1423 1037 1454 locis.

883 1468 1028 1505 Lacerti,
1045 1467 1080 1496 in
1103 1467 1252 1496 oratione
1276 1466 1341 1496 vim
1365 1463 1570 1505 significant,

838 1521 911 1550 quae
943 1521 963 1540 a
988 1510 1156 1540 tenuitate
1184 1513 1218 1540 et
1244 1509 1431 1540 subtilitate
1461 1509 1567 1546 abest,

839 1560 1008 1584 oratorum
1027 1554 1168 1594 propria.
1193 1554 1288 1584 Brut.
1305 1553 1353 1583 16.
1377 1561 1470 1592 quos,
1482 1551 1572 1582 vale-

836 1598 919 1628 tudo
942 1597 1040 1628 modo
1064 1597 1151 1627 bona.
1172 1596 1228 1633 sit,
1244 1597 1390 1626 tenuitas
1416 1597 1487 1636 ipsa
1509 1595 1568 1625 de·-

840 1641 960 1672 lectat:
986 1650 1190 1680 quamquam
1213 1641 1246 1670 in
1270 1639 1371 1680 Lysia
1388 1643 1468 1669 sunt
1480 1648 1568 1679 saepe

838 1686 940 1716 etiam
957 1686 1084 1722 lacerti,
1097 1684 1144 1714 sic
1159 1688 1199 1714 ut
1216 1683 1300 1713 nihil
1311 1683 1382 1713 fieri
1401 1683 1502 1722 possit
1514 1692 1569 1713 va-

833 1729 969 1760 lentius.
997 1728 1068 1759 ¹‘ad
1084 1728 1160 1758 Div.
1175 1727 1215 1757 iv.
1232 1730 1262 1762 7.
1292 1728 1406 1758 Ιαεενιὲ
1422 1731 1456 1756 et
1470 1727 1566 1756 vires.

879 1772 1031 1804 Lam‘nia.
1054 1772 1112 1802 Or.
1134 1771 1180 1801 iii.
1197 1773 1250 1802 28.
1276 1771 1398 1801 lacinia
1415 1769 1567 1801 obtinere

834 1815 979 1855 aliquidt
1004 1815 1038 1846 h.
1054 1824 1083 1845 e.
1099 1815 1164 1845 vix.

878 1859 1171 1898 Lacuna‚jactura
1183 1856 1361 1897 largitione
1378 1860 1436 1886 aut
1450 1855 1566 1887 fraude

829 1903 929 1934 facta.
953 1903 1046 1934 Verr.
1062 1902 1095 1932 ii.
1113 1904 1165 1934 55.
1191 1902 1344 1932 lacunam
1362 1901 1407 1930 rei
1424 1899 1568 1930 familia-

830 1947 874 1978 ris
889 1946 1032 1987 explere.
1054 1946 1125 1976 Ati.
1140 1945 1198 1976 xii.
1214 1945 1244 1975 6.
1268 1943 1355 1981 vide,
1373 1953 1413 1974 ue
1433 1953 1500 1982 qua
1516 1944 1565 1973 la·

829 2000 915 2022 cuna
931 1991 975 2020 sit
989 1989 1023 2019 iu
1040 1998 1131 2019 auro.

874 2034 1046 2065 Lacunar.
1075 2032 1175 2064 Tusc.
1204 2041 1235 2062 ν.
1265 2032 1317 2063 21.
1351 2034 1402 2060 est
1431 2034 1564 2061 tectum

828 2077 961 2119 templi,
974 2081 1033 2108 aut
1045 2074 1196 2112 triclinii,
1213 2074 1389 2113 magnifice
1406 2073 1565 2105 coelatum

830 2125 890 2152 aut
918 2122 1059 2162 pictum,
1084 2118 1143 2150 sed
1173 2129 1190 2148 e
1221 2117 1343 2148 tabulis
1370 2116 1500 2156 ligneis.
1529 2127 1562 2148 v.

829 2164 967 2196 Salmas.
990 2163 1032 2195 ad
1054 2162 1185 2203 vopisc.
1202 2160 1390 2197 Aurelium,
1405 2161 1459 2191 46.
1485 2165 1511 2190 t.
1528 2161 1564 2192 ii.

829 2220 860 2250 p.
879 2211 951 2243 547.
977 2210 1050 2239 548.
1084 2206 1217 2237 Dicitur
1242 2215 1261 2235 a
1283 2204 1417 2235 lacubus
1440 2203 1562 2244 parvis,

828 2253 862 2282 in
875 2252 986 2291 ligneo
997 2254 1089 2281 tecto
1106 2253 1176 2279 arte
1193 2247 1329 2279 caelatis.
1346 2247 1412 2278 vid.
1428 2247 1560 2278 Servius

827 2295 869 2326 ad
894 2295 969 2326 AEn.
994 2294 1015 2324 i.
1039 2293 1113 2327 726.
1144 2291 1295 2331 Laquear
1318 2291 1449 2321 videtur
1471 2290 1562 2321 idem

828 2339 906 2377 dici,
919 2348 939 2369 a
954 2336 1159 2376 marginibus
1175 2337 1307 2366 lacuum
1319 2334 1561 2372 eminentibuS,

826 2386 861 2413 et
873 2382 961 2413 varie
975 2381 1105 2418 tractis,
1120 2389 1178 2420 pro
1190 2379 1373 2409 formarum
1386 2378 1569 2416 varietate-‚b

850 2435 906 2457 uas
922 2425 1012 2455 lacus
1030 2423 1166 2461 habent,
1182 2421 1280 2452 modo
1295 2420 1444 2458 rotundi,
1461 2420 1561 2452 modo

826 2469 990 2509 quadrati,
1006 2467 1103 2498 modo
1127 2464 1380 2497 rhombiformes
1404 2474 1431 2495 s.
1446 2468 1562 2495 scutu-

825 2513 895 2544 lati.
929 2513 1054 2543 Lucem
1071 2510 1166 2541 affert
1181 2507 1317 2549 aosophi
1332 2507 1425 2539 locus
1441 2508 1480 2539 A.
1495 2508 1562 2539 viii.

827 2560 857 2588 3.
885 2557 915 2587 2.
947 2555 1002 2586 ubi
1029 2553 1150 2584 tahulae
1173 2552 1255 2582 tecti
1278 2551 1439 2582 dicuntur
1462 2551 1563 2582 fuisse

825 2598 964 2638 ἰξισμὲναι
991 2597 1027 2631 u’c
1050 2595 1236 2637 φατνώματα
1265 2595 1318 2625 καὶ
1343 2593 1565 2638 recedunt„

824 2642 943 2685 χρυσοῦ.
982 2650 1055 2680 quae
1084 2645 1136 2670 est
1166 2639 1345 2679 descriptio
1382 2640 1563 2676 lacunaris,

824 2696 850 2717 s.
866 2686 948 2716 tecti
964 2684 1108 2723 laqueati
1125 2695 1131 2713 :
1159 2683 1190 2713 in
1209 2691 1274 2721 qua
1286 2680 1473 2722 φατνῶματα
1485 2687 1565 2713 sunt

824 2729 885 2767 illi,
902 2737 982 2767 quos
1000 2727 1079 2764 dixi,
1097 2728 1198 2757 lacus.
1245 2726 1296 2756 lJe
1322 2725 1371 2755 his
1394 2725 1492 2755 tectis
1509 2729 1562 2757 cst

824 2772 957 2803 erudita
981 2777 1062 2801 nota
1082 2769 1205 2801 Valesii
1229 2768 1271 2799 ad
1294 2768 1427 2800 Eusebii
1450 2767 1564 2799 Vitam

825 2816 1001 2846 Constant.
1025 2814 1072 2844 M.
1098 2813 1142 2844 iii.
1168 2814 1220 2844 32.
1251 2822 1351 2852 quam
1369 2810 1565 2853 compilavit

824 2858 1018 2891 Harduinus
1035 2857 1077 2888 ad
1093 2856 1252 2893 Plinium,
1270 2865 1366 2886 xxxv.
1388 2858 1438 2886 11.

868 2901 991 2934 Lacus.
1023 2900 1119 2932 Brut.
1137 2903 1189 2932 83.
1220 2899 1313 2939 quasi
1339 2899 1378 2929 de
1394 2902 1506 2929 musto
1522 2905 1560 2927 ιο

881 2947 936 2977 ἰ9
