1800 3131
141 84 220 120 114

137 182 290 212 histrione
303 180 443 221 quodam
448 202 457 217 ,
462 183 598 220 propter
611 179 871 210 similitudinem.

138 225 204 255 Off.
231 224 264 254 ii.
294 225 342 255 16.
386 223 531 254 Consule
563 223 724 253 Cicerone
751 223 871 261 aedilis,

139 268 315 309 splendore
341 268 446 298 vincit
478 276 605 298 omnes.
643 267 685 297 ad
714 266 809 306 Quir.
839 277 873 307 p.

139 312 223 343 ned.
242 315 271 342 5.
303 312 345 342 ad
361 314 525 342 Senatum
542 311 582 341 de
600 310 762 341 Cicerone
779 320 873 341 revo-

140 355 248 387 cando
264 355 375 386 refert.
405 354 444 385 ‹Ie
459 352 528 396 ejus
543 364 639 394 opera
662 356 698 384 in
727 354 875 384 Cicerone

137 400 313 430 revocando
326 401 361 429 in
373 400 434 429 hoc
447 399 601 434 motione,
614 402 644 428 et
655 408 693 428 ea
708 399 743 427 in
759 397 872 428 Senot.

135 454 171 484 p.
197 443 240 474 R.
263 444 399 482 aliisque
421 451 498 481 saepe
519 446 803 472 commemoratur.
834 441 875 470 ad

142 487 217 518 Div.
242 487 312 517 xiii.
335 490 388 517 48.
420 485 546 515 Ciliciae
564 484 747 514 Proconsul
764 484 874 523 legem

142 530 269 561 Ciliciae
302 530 490 560 constituit.
526 529 567 558 ad
590 529 665 558 Div.
690 528 712 558 i.
740 531 767 557 l.
805 537 876 566 sqq.

140 573 361 608 Ptolemaeum
383 572 539 603 reducere
556 572 649 611 cupit
668 571 702 600 in
719 580 874 609 regnum.

140 617 183 648 ad
207 617 283 647 Div.
307 617 364 647 xii.
393 619 440 646 14.
482 615 516 645 in
539 616 620 654 fuga
643 613 832 644 Pharsalica
855 622 876 643 a.

139 660 278 692 Rhodiis
303 669 369 690 non
394 659 564 698 recipitur.
588 658 631 687 vi.
655 659 708 689 21.
739 658 773 687 in
789 656 876 687 bello

141 705 230 734 civili
258 704 354 744 perit.
391 702 486 732 Brut.
514 705 566 736 77.
606 710 726 741 parum
754 707 877 731 natura

139 748 258 785 valuit,
274 747 331 778 sed
347 746 534 785 disciplina.

186 792 230 822 P.
257 791 418 821 Lentulus
443 788 614 828 Spinther,
632 788 679 819 fil.
702 788 742 818 ad
759 787 836 819 Div.
854 788 876 818 i.

140 838 172 868 7.
204 834 372 864 laudatur.
395 833 450 862 vii.
476 833 528 864 26.
560 842 678 871 augur.
710 833 800 862 Sext.
824 832 877 866 69.

141 888 250 918 augur
266 878 304 907 fit
319 876 435 906 eodem
460 885 561 913 anno,
579 886 645 914 quo
668 881 783 915 togam
800 875 878 905 viri-

141 921 206 952 lem
239 921 380 960 accepit.
419 920 599 958 quomodo,
625 919 722 949 docet
755 919 877 948 Manu-

139 966 207 995 tius
232 965 274 994 ad
297 965 373 994 Div.
401 964 456 993 vii.
482 963 534 994 26.
564 963 621 992 xii.
651 966 700 993 14.
728 966 778 993 15.
807 971 878 1001 quoe

139 1013 219 1039 suut
234 1009 335 1048 ipsius
351 1008 487 1047 epistola·
501 1019 512 1039 ;
538 1017 578 1036 ea:
593 1007 708 1045 quibus
722 1006 878 1045 iutelligi-

140 1056 210 1089 ταν,
226 1062 297 1082 eum
311 1055 560 1090 proquaestorem
581 1050 732 1080 Trebonii
747 1050 780 1079 in
797 1050 878 1080 Asia

128 1095 252 1136 sitisse,
270 1100 346 1135 post
369 1095 440 1134 ejus
465 1099 607 1124 mortem
633 1103 667 1123 se
692 1093 877 1133 Propraeto-

142 1150 211 1170 rem
230 1138 391 1179 appellat,
407 1141 590 1178 praeturam
607 1136 695 1167 Asiae
712 1147 733 1167 a
748 1138 877 1167 Senatu

139 1184 242 1224 petit,
259 1187 293 1212 et
318 1182 357 1212 de
382 1182 480 1211 rebus
505 1181 607 1220 gestis
631 1182 699 1211 suis
724 1181 875 1220 exponit.

140 1227 183 1257 In
206 1227 317 1257 eadem
341 1227 471 1266 epistola
492 1224 670 1265 signficat,
689 1234 722 1254 sc
738 1226 877 1264 partici-

134 1281 213 1311 pem
229 1270 322 1300 credis
343 1270 536 1300 (Joesarianoe
540 1270 660 1308 juisse.
686 1268 727 1298 ad
738 1268 810 1298 Att.
821 1268 878 1299 xii.

141 1317 194 1346 52.
226 1313 407 1344 divortium
424 1313 506 1343 facit
522 1322 599 1342 cum
617 1310 767 1342 Metella.
809 1312 878 1342 Ad-

139 1362 288 1398 optatum
309 1367 373 1387 esse
395 1367 416 1387 a
439 1356 567 1387 silantia
592 1355 766 1395 Torquato,
782 1366 799 1384 e
813 1355 878 1387 ,Di-

139 1412 197 1432 one
215 1401 347 1431 xxxviii.
359 1411 394 1441 p.
412 1405 465 1434 99.
483 1400 570 1430 docet
583 1399 759 1430 Manutius
769 1400 815 1430 ad
828 1409 877 1440 ep.

139 1446 186 1476 acl
200 1444 281 1476 Dio.
299 1445 320 1474 i.
338 1448 368 1478 7.
385 1448 471 1475 extr.

187 1489 363 1525 Lentulus,
388 1488 427 1517 de
451 1487 534 1518 Har.
557 1486 657 1526 Resp.
686 1489 735 1521 17.
767 1490 879 1517 orator

142 1533 250 1572 gravis
268 1536 303 1562 et
319 1532 481 1561 disertus:
508 1530 544 1560 P.
563 1530 719 1560 Clodium
741 1535 879 1561 accusat

143 1576 183 1606 de
201 1575 418 1615 religionibus
434 1574 579 1605 violatis.
626 1574 696 1615 ‚Qui
718 1576 760 1604 sit
782 1575 878 1605 intel-

142 1620 304 1659 ligendus,
332 1620 442 1649 nescio.
488 1618 730 1649 Freinshemius
760 1617 877 1657 Suppl.

143 1664 220 1695 Liv.
238 1671 311 1693 cin.
327 1665 378 1693 30.
407 1662 452 1693 P.
471 1662 651 1692 Lentulum
671 1661 878 1701 Spintherem

142 1708 218 1738 trib.
229 1708 278 1746 pt.
295 1710 404 1736 vocat:
429 1706 512 1745 quod
527 1710 612 1735 recte
633 1704 813 1735 Crevierius
827 1715 880 1735 re-

128 1750 228 1791 fellit
242 1761 283 1780 ex·
297 1760 342 1786 eo,
355 1750 438 1789 quod
453 1749 642 1789 Spinther-es
650 1750 800 1790 patricii,
816 1752 879 1778 tri-

142 1796 219 1824 buni
229 1794 332 1833 plebis
347 1803 410 1823 esse
426 1803 486 1823 non
498 1797 643 1832 potuere.
690 1792 877 1823 Tribunum

135 1840 186 1879 pl.
202 1842 422 1868 αεσιιεαίονεηι
428 1836 537 1877 fuisse
547 1837 663 1866 diserte
677 1837 781 1866 trudit
792 1836 882 1867 Plu-

141 1883 249 1912 tarch.
266 1883 300 1911 in
322 1880 466 1911 Casare:
488 1880 544 1910 sed
564 1890 678 1910 nomen
694 1890 755 1911 non
774 1881 878 1917 addit,

140 1927 252 1964 ‘igitur
271 1924 434 1954 Lentulus
448 1924 566 1963 aliquis
577 1934 610 1954 eo
626 1934 711 1954 anno
727 1925 880 1954 tribunus

138 1970 247 2006 suerit
259 1977 380 1998 necesse
395 1972 452 2005 est,
461 1967 545 2008 quod
558 1977 621 1997 non
633 1968 713 1998 vidit
725 1967 790 2007 Peg
797 1969 879 1998 hius.

188 2013 353 2042 Lentulus
364 2021 457 2051 puer.
483 2011 557 2041 Att.
571 2012 627 2041 xii.
645 2013 696 2042 93.
714 2015 766 2042 30.
786 2012 879 2042 Tuu-

142 2058 260 2086 stallus
276 2066 324 2094 ep.
343 2055 388 2085 acl
409 2055 599 2085 Middteton.
618 2065 654 2094 p.
683 2058 753 2086 184.
777 2059 879 2095 putat

142 2109 207 2129 esse
218 2100 336 2139 fitium
362 2098 480 2129 Tulliae
497 2108 538 2127 ez·
553 2100 667 2129 ultimo
690 2100 808 2129 marito
833 2099 877 2130 P.

144 2142 297 2179 Lentulo,
313 2152 408 2182 quem
431 2145 460 2172 ei
482 2143 598 2172 tribuit
620 2143 732 2173 Ascon.
748 2143 794 2173 ad
819 2142 877 2174 Or.

140 2187 177 2216 in
200 2186 312 2216 Pis-on.
338 2187 408 2216 init.
457 2185 666 2216 Plutarchus
691 2187 780 2223 (licvit,
804 2197 877 2217 eam

144 2234 309 2259 mortuam
325 2229 415 2271 wag&
430 2228 564 2269 Aha-ag».-
587 2230 671 2269 quod
686 2229 880 2261 Tunstallus

143 2273 183 2303 dc
198 2275 318 2303 marito
333 2275 498 2311 intelligit,
514 2283 575 2303 non
590 2274 629 2303 de
643 2274 742 2304 domo.
787 2274 877 2305 Μον-

144 2321 206 2347 tua
221 2318 305 2346 euim
322 2321 367 2346 est
382 2319 417 2346 in
435 2316 620 2347 Tusculano
629 2319 751 2357 pat-rix.

189 2360 290 2397 Leon,
309 2359 402 2390 Verr.
418 2370 448 2390 V.
467 2362 497 2391 6.
529 2360 747 2399 Megarensis.

189 2404 291 2440 Leon,
308 2403 407 2433 Tusc.
431 2414 461 2433 v.
486 2407 515 2434 3.
548 2403 769 2434 Phliasiorum
786 2405 877 2445 prin-

144 2457 235 2486 ceps,
250 2451 400 2486 tempore
417 2447 624 2486 Pythagorae.
670 2447 781 2488 HuJus
799 2458 877 2479 cum

144 2500 184 2520 eo
200 2491 240 2520 de
255 2490 465 2530 philosophia
480 2500 600 2520 sermo.

192 2534 363 2571 Leonidas,
385 2546 422 2570 ts,
439 2537 494 2574 qui
512 2545 573 2573 pro
591 2536 709 2574 patria
731 2534 877 2566 occubuit

142 2577 189 2607 ad
206 2577 447 2617 Thermopylas.
477 2577 576 2608 Tusc.
601 2579 622 2608 i.
647 2580 700 2609 42.
719 2582 772 2614 49.
804 2578 876 2609 Fin.

145 2621 179 2651 ii.
202 2623 249 2655 19.
267 2624 318 2652 30.

188 2664 358 2701 Leonidas,
375 2663 469 2693 Verr.
485 2673 516 2694 v.
535 2668 563 2695 5.
596 2665 836 2704 Lilybaetanus.

187 2708 354 2744 Leonides,
379 2707 421 2737 ad
449 2707 524 2737 Div.
551 2719 603 2738 xv.
630 2711 681 2739 21.
722 2710 875 2749 princeps

140 2751 398 2781 Atheniensium
425 2755 564 2790 tempore
599 2751 765 2783 Ciceronis.
803 2753 874 2783 Att.

141 2795 205 2825 xiv.
228 2796 276 2825 16.
298 2797 347 2826 18.
377 2805 430 2825 xV.
451 2795 499 2825 16.
531 2795 570 2825 de
589 2795 749 2826 Cicerone
770 2796 815 2826 fil.
833 2797 875 2827 ad

137 2843 271 2911 patrem
308 2838 436 2875 scribit,
474 2848 618 2877 eumque
661 2839 876 2872 mediocriter

153 2882 266 2914 audet.

663 88 810 117 INDEX
840 88 1122 118 HISTORICUS.

966 180 1156 216 Leontium,
1171 179 1253 210 Nat.
1273 179 1317 210 D.
1336 179 1356 209 i.
1375 181 1427 210 33.
1459 179 1658 210 meretricu-

921 223 954 253 la
967 224 1144 264 Epicurea,
1158 228 1234 253 cont
1242 233 1277 253 ra
1291 222 1562 262 Theophrastum
1575 223 1656 254 scri·

921 268 987 307 psit
1004 267 1187 306 eleganter.

968 311 1015 341 M.
1033 310 1188 341 AEmilius
1207 310 1362 349 Lepidus,
1380 310 1438 340 Or.
1455 310 1488 339 ii.
1507 313 1559 343 71.
1578 310 1657 340 Pro·-

924 355 1010 384 vinc.
1027 358 1059 388 9.
1083 354 1208 384 Censor
1223 364 1254 384 a.
1273 360 1408 383 DLxle.
1425 363 1501 383 cum
1519 353 1567 384 M.
1581 352 1656 384 Ful-

926 398 978 427 vio
1013 397 1140 436 Collega
1169 398 1285 427 statim
1320 397 1405 427 redit
1436 397 1469 426 in
1501 397 1655 435 gratiam.

924 441 980 471 Bis
1009 440 1133 470 Consul
1161 446 1195 470 et
1223 440 1374 470 Pontifex
1408 440 1455 471 M.
1502 440 1570 471 Hie
1599 444 1657 477 est,

924 485 980 523 qui
999 486 1151 523 princi-ps
1166 484 1307 514 Senatus
1323 486 1447 524 passim
1471 484 1605 514 dicitur.
1627 494 1657 513 v.

925 538 952 556 c.
969 527 1079 557 Rabir.
1097 527 1191 557 Perd.
1208 532 1238 562 7.
1260 527 1324 557 Hic
1339 534 1385 558 est
1400 529 1512 564 etiam,
1525 528 1581 567 qui
1597 537 1658 568 pro

925 571 1025 601 Dom.
1037 574 1088 601 53.
1106 570 1153 600 Μ.
1162 571 1316 601 AEmilius
1329 573 1515 612 simpliciter
1525 572 1657 602 dicitur.

967 614 1017 645 M.
1050 614 1192 654 Lepidus
1217 614 1369 652 Porcina,
1397 616 1444 645 M.
1473 615 1533 645 Fil.
1559 615 1656 646 Brut.

926 659 978 691 27.
1011 657 1139 688 Consul
1163 667 1240 687 cum
1264 657 1301 686 C.
1319 658 1465 688 Hostilio
1482 659 1657 696 Mancino,

924 712 956 731 α.
983 709 1100 731 Dcxw.
1129 710 1281 730 summus
1309 702 1440 732 Orator.
1477 702 1572 733 Brut.
1602 705 1655 733 525.

923 745 989 784 legi
1009 745 1130 775 Cassiae
1149 745 1285 774 resistit.
1318 745 1375 775 Or.
1393 746 1415 774 i.
1437 749 1486 776 10.
1518 746 1656 784 ignarus

925 788 1039 828 legum
1055 793 1088 818 et
1100 788 1197 826 juris.
1220 789 1258 817 de
1275 789 1331 818 hoc
1346 790 1434 828 capio
1449 790 1547 819 etiam
1561 791 1658 820 illum

925 834 1027 862 locum
1043 831 1083 862 de
1099 832 1156 862 Or.
1173 832 1206 861 ii.
1223 835 1258 865 71
1269 854 1276 861 .

968 876 1018 906 Μ.
1045 876 1199 916 Lepidus,
1215 875 1326 906 Rabir.
1351 874 1448 905 Perd.
1465 878 1496 909 7.
1529 875 1658 907 Consul

926 929 1003 949 cum
1027 920 1068 959 Ω.
1086 919 1206 949 Catulo
1218 920 1276 959 fit.
1302 929 1334 949 a.
1358 919 1398 949 U.
1417 927 1567 950 Dchxv.
1595 919 1659 949 Ca-

924 962 977 992 til.
1004 963 1051 993 iii.
1073 966 1122 993 10.
1152 963 1308 993 inimicus
1333 961 1371 992 L.
1389 961 1503 1000 Sullae,
1522 963 1562 993 de
1585 965 1658 1003 ejus

926 1006 1010 1036 actis
1022 1006 1250 1036 rescindendis
1262 1006 1356 1043 tulit,
1370 1006 1601 1037 intercedente
1615 1007 1658 1048 Ω.

926 1049 1069 1088 Catulo;
1105 1050 1190 1080 uude
1221 1060 1346 1088 magua
1375 1050 1483 1080 seditio
1511 1054 1542 1081 et
1568 1052 1659 1081 civile

926 1094 1041 1124 bellum
1060 1098 1165 1124 ortum
1183 1098 1239 1123 est.
1268 1093 1362 1123 Verr.
1379 1094 1425 1123 iii.
1450 1097 1503 1128 91.
1533 1099 1659 1134 praetor

924 1137 1045 1168 Siciliae
1070 1142 1150 1167 ante
1166 1137 1214 1168 M.
1231 1136 1434 1175 Antonium,
1449 1147 1470 1167 a
1493 1147 1559 1177 quo
1583 1147 1658 1178 gra-

923 1181 1010 1211 viter
1023 1181 1134 1211 vexati
1149 1185 1228 1210 sunt
1245 1180 1359 1211 Siculi.

968 1225 1018 1255 M.
1043 1225 1186 1266 Lepidus
1216 1224 1330 1255 Consul
1351 1235 1426 1255 cum
1450 1224 1493 1255 L.
1518 1223 1659 1256 Volcatio

926 1268 1021 1299 Tullo
1035 1279 1067 1299 α.
1088 1276 1289 1299 nchxxvn.
1319 1268 1390 1298 Att.
1405 1268 1473 1298 viii.
1491 1268 1522 1298 6.
1556 1268 1657 1300 Catil.

925 1313 947 1342 i.
966 1313 996 1344 6.
1028 1312 1068 1342 ad
1085 1312 1157 1342 Att.
1178 1312 1233 1342 vii.
1260 1314 1310 1343 12.
1342 1312 1540 1351 Pompeium
1561 1317 1662 1354 extra

927 1355 1059 1386 ltaliam
1077 1356 1286 1395 sequendum
1302 1359 1414 1395 negat.

967 1400 1018 1431 M.
1035 1400 1190 1440 Lepidus,
1210 1399 1390 1437 Triumvir,
1407 1398 1489 1430 Har.
1511 1399 1611 1439 Resp.
1626 1399 1658 1430 6.

924 1443 1088 1484 pontifex.
1106 1442 1228 1473 Phil.v.
1245 1445 1294 1473 14.
1311 1446 1359 1473 15.
1376 1442 1532 1473 Pontifex
1550 1442 1660 1473 Maxi-

927 1497 1013 1517 uius.
1050 1486 1125 1518 Mil.
1151 1489 1181 1518 5.
1215 1487 1286 1526 ejus
1313 1487 1400 1517 aedes
1427 1496 1448 1517 a
1474 1486 1658 1525 Clodianis,

926 1531 1036 1561 occiso
1068 1530 1198 1568 Clodio,
1225 1535 1476 1571 oppugnantur.
1516 1529 1601 1561 Phil.
1626 1541 1657 1561 v.

929 1577 979 1605 14.
1008 1578 1058 1606 15.
1089 1575 1170 1614 reip.
1194 1579 1230 1604 et
1252 1574 1472 1614 optimatibus
1495 1573 1599 1611 favet,
1623 1581 1659 1605 et

928 1619 1020 1648 Sext.
1036 1618 1234 1658 Pompeium
1252 1618 1414 1655 restituit,
1431 1617 1521 1648 unde
1543 1618 1574 1647 ei
1590 1621 1659 1648 sta-

925 1667 986 1692 tua
1009 1662 1172 1700 equestris
1195 1662 1345 1702 ponitur.
1366 1662 1414 1691 iii.
1430 1665 1461 1696 9.
1490 1661 1660 1702 supplica·

924 1706 974 1736 tio
1000 1706 1030 1735 ei
1054 1705 1258 1736 decernitur.
1289 1705 1332 1735 ad
1354 1705 1431 1735 Div.
1451 1715 1482 1736 x.
1508 1705 1539 1735 6.
1571 1704 1656 1735 Phil.

926 1750 996 1780 xiii.
1018 1751 1051 1780 4.
1081 1749 1123 1779 ad
1146 1758 1263 1789 pacem
1286 1758 1363 1779 cum
1379 1749 1528 1779 Antonio
1544 1748 1658 1779 horta—

925 1798 992 1824 tur.
1022 1792 1075 1823 ad.
1100 1793 1178 1823 Div.
1198 1803 1230 1823 x.
1248 1795 1300 1825 20.
1332 1793 1402 1832 ejus
1420 1792 1501 1822 fides
1517 1793 1658 1823 incerta.

927 1840 979 1868 21.
1011 1837 1152 1876 perfidia
1166 1837 1247 1876 ejus.
1271 1837 1328 1866 xii.
1350 1839 1399 1867 10.
1429 1836 1535 1866 hostis
1558 1846 1578 1866 a
1600 1837 1658 1866 Se·

927 1885 1010 1910 natu
1021 1880 1208 1919 judicatur.
1230 1879 1402 1910 Instaurat
1415 1879 1555 1917 bellum,
1569 1879 1658 1919 quod

924 1924 1117 1954 confectum
1133 1924 1263 1954 fuisset.
1290 1923 1406 1964 Lepidi
1421 1924 1494 1954 duae
1507 1925 1657 1963 epistolae,

924 1970 1032 1998 altera
1042 1968 1087 1998 ad
1100 1966 1290 2005 Ciceronem,
1298 1970 1404 1998 ultera
1413 1967 1458 1998 ad
1467 1967 1503 1998 S.
1515 1967 1560 1998 P.
1563 1967 1656 2010 QJe.

923 2016 1000 2042 sunt
1015 2012 1060 2042 ad
1074 2011 1153 2042 Dio.
1171 2022 1202 2042 x.
1221 2014 1273 2042 34.
1291 2014 1344 2043 35.
1374 2010 1567 2051 Consulfuit
1581 2021 1658 2042 cum

929 2056 961 2086 C.
984 2055 1106 2086 Caesare
1121 2066 1152 2086 a.
1176 2063 1306 2085 nccvu.
1335 2055 1499 2093 Magister
1512 2056 1657 2096 equitum

924 2099 1094 2130 Dictatore
1111 2099 1233 2130 Coesare
1247 2109 1279 2129 a.
1297 2107 1442 2129 Decvnl.
1474 2098 1589 2130 Consul
1603 2098 1656 2130 II.

920 2154 953 2173 α.
971 2151 1089 2173 ocem.
1106 2142 1162 2182 &a

969 2187 1094 2227 Lepiso,
1112 2186 1218 2217 Flacc.
1234 2188 1287 2218 22.
1317 2185 1520 2217 Trallianus.

966 2231 1010 2272 Q.
1037 2230 1155 2270 Lepta,
1173 2230 1215 2260 ad
1237 2230 1313 2260 Div.
1336 2229 1384 2260 iii.
1408 2233 1439 2264 7.
1471 2229 1651 2270 praefectus

923 2274 1056 2304 fabrum
1083 2274 1252 2304 Ciceronis
1279 2274 1314 2303 in
1341 2272 1470 2304 Cilicia.
1509 2273 1552 2304 ad
1577 2274 1657 2306 Div.

923 2319 966 2348 vi.
988 2321 1036 2349 18.
1069 2318 1140 2357 ejus
1156 2317 1244 2348 filius
1261 2316 1381 2357 Lepta.

969 2362 1131 2401 Leptines,
1155 2359 1212 2392 Or.
1236 2363 1288 2392 31.
1322 2360 1552 2399 Atheniensis,
1575 2369 1655 2391 con-

923 2410 978 2435 tra
994 2415 1092 2444 quem
1109 2410 1162 2435 est
1177 2404 1416 2435 Demosthenis
1433 2405 1552 2436 oratio.

968 2449 1132 2489 Leptines,
1155 2447 1240 2479 Phil.
1265 2448 1308 2478 ix.
1332 2450 1362 2479 2.
1394 2457 1569 2488 percussor
1593 2447 1655 2478 Cn.

923 2492 1054 2522 Octavii
1070 2492 1173 2531 legati
1190 2492 1232 2522 ad
1248 2491 1467 2522 Antiochum.

968 2537 1089 2576 Lepus,
1106 2536 1186 2566 Nat.
1204 2536 1246 2566 D.
1263 2536 1298 2565 ii.
1314 2537 1368 2566 44.
1398 2535 1501 2565 sidus.

968 2580 1119 2617 Leffltus,
1134 2578 1227 2609 verr.
1252 2579 1287 2608 ii.
1311 2579 1363 2611 26.
1393 2578 1588 2609 tabellarius
1612 2576 1651 2607 L.

923 2622 1054 2654 Metelli
1071 2624 1105 2653 in
1122 2623 1245 2653 Sicilia.

967 2667 1160 2707 Leucippus,
1178 2666 1258 2696 Nat.
1274 2665 1318 2696 D.
1336 2665 1358 2696 i.
1375 2667 1427 2698 24.
1459 2664 1530 2704 ejus
1547 2665 1655 2695 atomi

923 2711 1228 2750 reprehenduntur.
1259 2709 1361 2739 Acad.
1382 2709 1424 2739 iv.
1442 2711 1494 2743 37.
1525 2708 1566 2739 de
1582 2707 1653 2749 ple-

922 2763 965 2784 no
983 2759 1015 2784 et
1034 2754 1125 2784 inani
1142 2753 1257 2783 omnia
1272 2753 1365 2792 gigni
1382 2752 1515 2782 statuit.

966 2797 1160 2834 Leucothea,
1175 2797 1255 2827 Nat.
1281 2796 1324 2826 D.
1340 2797 1388 2826 iii.
1409 2799 1459 2827 15.
1489 2795 1562 2833 Ino,
1579 2793 1653 2826 Dea

921 2841 1062 2871 marina.
1091 2840 1191 2871 Tusc.
1208 2841 1230 2871 i.
1249 2842 1300 2872 12.
1331 2849 1405 2881 quae
1428 2840 1495 2871 sit?
1527 2839 1571 2871 iv.
1595 2839 1653 2883 34.,

919 2884 1064 2926 Turpilii
1078 2883 1202 2916 fabula.
