1804 3178
616 76 762 106 11&an
795 75 1086 108 LATnuTATIs.

133 159 333 204 Prvposim.
354 175 384 195 v.
412 173 608 207 proponere.
630 163 650 183 θ
666 169 811 204 paratus.

85 202 181 238 Verr.
199 217 228 238 v.
250 212 299 240 13.
329 209 448 240 mulier
467 209 627 249 proposita
648 208 815 238 omnibus.

86 248 316 291 ‘pmpm‘mm
334 258 385 283 est
399 250 490 286 Slm.
514 251 598 291 Top.
615 253 668 282 21.
695 251 812 282 Pan-tit.

86 294 118 323 3.
141 293 206 325 Sed
232 296 301 327 Fin.
324 297 359 327 ii.
387 298 439 327 22.
464 300 516 325 eet
539 294 731 338 veenypim.
755 296 813 326 Or.

86 336 134 367 iii.
150 340 204 370 28.
226 340 366 380 questio
384 339 516 370 infinita
532 346 566 368 et
582 339 674 378 quasi
697 349 810 379 propo-

85 380 160 412 sita.
192 382 211 400 ⁰
225 383 266 413 de
283 382 433 415 consilio.
457 381 538 413 Coel.
555 385 586 414 3.
612 382 694 413 nihil
712 382 808 413 babet

78 427 245 465 pmpoeiei.

130 468 321 509 Pmpoein'o,
348 469 534 500 consilium.
557 469 656 499 Tusc.
685 469 730 499 iii.
760 473 809 501 18.

78 514 249 552 propositio
262 512 361 551 hujus
376 514 466 550 vita»,
479 522 512 543 et
523 514 692 551 cogitatio.
709 515 726 531 θ
740 524 809 545 ma-

77 554 135 594 jor
147 555 340 596 syllogismi.
367 556 435 588 lnv.
452 558 472 587 i.
490 560 540 588 34.
557 561 609 588 35.
625 558 676 587 36.

127 598 280 639 Proprie.
302 601 360 631 ()ι·.
373 601 407 631 ii.
427 604 475 631 14.
495 603 625 641 proprie
640 600 749 630 dicere
765 600 805 630 ‹le

84 650 302 682 unoquoque:
328 643 360 674 h.
376 655 406 675 e.
422 645 472 674 uti
496 645 615 683 cuique
640 645 808 676 convenit.

82 685 174 717 Sext.
197 687 243 718 16.
262 690 392 729 proprie
409 689 574 728 suscipere
591 698 724 717 causam
741 700 747 717 :
774 687 806 718 li.

81 738 113 759 e.
127 733 300 770 tamquam
328 739 442 762 nostra
464 738 561 762 esset.
606 731 659 761 Sic
676 731 804 771 explica

80 773 172 805 Sext.
183 777 236 805 41.
254 775 326 814 quis
343 785 502 815 umquam
518 781 588 805 tam
601 776 728 814 proprie
747 775 806 808 (sic

81 815 147 856 leg·-
160 827 227 848 non
242 824 373 858 promte
386 829 463 849 cum
476 818 616 853 Graevio)
633 818 714 857 reip.
727 827 805 848 cau-

81 869 128 890 sa.
143 861 240 893 ‘Ate
256 872 285 892 v.
301 864 333 894 2.
348 866 459 893 cetera
472 862 624 892 universe
638 861 804 899 mandavi,

81 902 165 936 illud
185 906 327 946 proprie,
353 906 374 936 i.
390 915 420 936 e.
446 906 643 936 nominatim
661 912 694 935 et
711 914 805 946 sepa-

79 949 192 980 ratim.

124 989 294 1033 Proprius.
313 993 353 1024 ad
369 993 444 1024 Div.
462 994 495 1024 ii.
514 996 561 1027 17.
585 991 801 1030 quod-mcum

78 1041 152 1066 erat
162 1038 346 1077 proprium.
370 1037 433 1068 Sed
448 1047 510 1068 scr.
528 1037 669 1077 proprie.
686 1046 715 1066 v.
733 1042 803 1066 not.

79 1077 122 1108 ad
137 1079 214 1110 Div.
232 1081 274 1110 ix.
291 1083 321 1112 5.
344 1081 388 1112 N.
406 1081 447 1111 D.
465 1081 485 1111 i.
502 1082 554 1112 23.

122 1121 354 1164 propugnare.
377 1124 477 1155 Tusc.
493 1135 523 1155 v.
542 1125 601 1158 25-
612 1132 802 1165 propugna-

77 1176 114 1197 re
129 1176 188 1206 pro
205 1174 299 1208 patre
313 1177 384 1198 suo.

124 1208 325 1250 prorogare,
337 1211 478 1242 differre.
494 1211 587 1242 verr.
605 1211 625 1241 i.
643 1213 694 1242 38.
710 1210 800 1242 diem

74 1263 266 1294 prorogare.
290 1257 338 1286 sic
350 1256 534 1296 prorogatio
548 1255 627 1292 diei,
642 1255 712 1285 Att.
729 1254 799 1284 xiii.

77 1299 131 1330 43.
154 1298 219 1329 Sed
233 1309 414 1340 prorogare
439 1304 489 1330 est
517 1299 647 1339 proprie
671 1298 799 1338 populi,

76 1350 136 1381 per
158 1341 267 1382 legem
291 1343 390 1374 alicui
413 1342 662 1382 magistratum,
695 1342 800 1382 impe-

77 1385 178 1423 rium,
193 1387 397 1426 provinciam
425 1386 674 1416 continuantis:
711 1395 799 1416 sem·

78 1438 202 1469 perque
217 1429 353 1468 dieitur,
375 1429 431 1460 ubi
454 1430 664 1460 continuatio
680 1429 718 1460 fit
734 1429 799 1458 sal-

76 1477 146 1503 tem
171 1473 305 1504 decreto
331 1473 454 1513 aliquo,
472 1479 512 1504 ut
535 1473 688 1503 Senatus.
714 1472 798 1503 Pro-

68 1524 202 1555 pagare
227 1522 339 1548 autem
364 1517 652 1548 continuationem
682 1526 798 1555 quam-

75 1568 221 1599 cunque,
237 1565 273 1592 et
296 1569 495 1601 quacunque
517 1559 557 1590 de
575 1569 675 1591 causa
691 1565 799 1590 notat.

74 1602 140 1634 Sed
163 1604 391 1635 inconstantia
412 1603 623 1634 librariorum
649 1603 712 1634 hoc
735 1602 801 1634 dis-

74 1646 203 1678 crimen
219 1657 285 1678 non
303 1653 458 1679 accurate
473 1647 625 1678 servavit.
647 1647 721 1678 Vid.
741 1647 800 1678 Pe-

73 1689 178 1721 rizon.
194 1691 258 1722 An.
275 1692 364 1722 Hist.
380 1702 408 1721 c.
422 1691 452 1721 6.
477 1690 548 1721 Dra
573 1691 649 1720 enb.
673 1690 714 1720 ad
727 1690 798 1721 Liv.

77 1733 147 1764 xlii.
163 1737 216 1765 30.
240 1735 348 1766 Graev.
372 1734 414 1765 ad
433 1734 503 1765 Cic.
529 1743 548 1764 a
596 1733 666 1764 Art.
693 1744 722 1764 v.
752 1737 799 1768 17.

73 1776 288 1819 Oudendorp.
305 1777 345 1809 V.
362 1778 400 1809 C.
417 1777 459 1808 ad
473 1777 610 1808 Sueton.
627 1777 713 1817 Aug.
729 1779 782 1809 23.

117 1820 315 1862 Prmgatio
330 1821 455 1853 dilatio.
473 1821 514 1852 ad
535 1821 606 1852 Att.
623 1821 645 1852 1.
662 1831 690 1851 c.
713 1821 732 1839 ⁴*
749 1820 796 1851 la-

72 1865 139 1895 tior
151 1866 310 1897 extensio.
329 1865 418 1896 Mur.
438 1866 491 1897 23.
509 1866 697 1904 prorogatio
712 1864 794 1905 legis

72 1907 235 1947 Maniliae,
251 1919 298 1940 sc.
325 1915 377 1947 ut,
393 1908 480 1948 quod
502 1908 536 1938 in
560 1918 600 1939 ea
625 1913 792 1939 statutum

72 1957 173 1990 esset,
192 1953 295 1983 etiam
319 1953 353 1983 in
379 1952 445 1983 alio
468 1961 589 1992 genere
612 1952 747 1983 valeret.
764 1962 794 1982 v.

67 1999 139 2026 not.
154 1995 196 2026 ad
210 1995 243 2028 h.
256 1996 277 2027 l.

114 2038 333 2078 proscribere,
351 2039 480 2080 publice
495 2040 658 2080 seriptum
673 2049 793 2080 propo-

72 2092 165 2121 nere,
182 2084 335 2124 inprimis
351 2083 391 2114 de
408 2084 504 2114 rebus
527 2083 710 2114 venalibus.
729 2093 790 2113 un-

50 2134 53 2138 ·
68 2126 109 2158 de
142 2127 267 2158 venalis
304 2132 340 2158 ct
369 2128 573 2168 proscriptus
597 2127 791 2167 junguntur

68 2170 149 2210 Agr.
174 2171 221 2202 iii.
245 2174 277 2204 4.
300 2170 419 2211 Quint.
441 2174 472 2202 4.
504 2171 694 2202 auctionem
714 2180 793 2210 pro-

67 2215 216 2246 scribere.
246 2214 340 2245 Verr.
364 2215 386 2245 i.
406 2218 457 2246 54.
475 2214 675 2256 proscribere
688 2213 789 2244 diem.

68 2257 111 2289 cf.
133 2258 251 2298 Quint.
268 2258 299 2290 6.
323 2258 394 2290 Att.
418 2259 482 2289 xvi.
507 2261 539 2290 4.
561 2258 604 2288 iv.
627 2261 658 2290 3.
676 2260 708 2289 2.
732 2258 790 2290 xii.

64 2303 119 2337 49.
140 2302 195 2332 Sic

111 2344 322 2386 proscriptio,
353 2345 512 2377 venditio.
544 2343 642 2377 Catil.
673 2344 707 2376 ii.
737 2347 787 2376 10.

66 2388 277 2427 vadimoniis,
286 2389 437 2427 judiciis,
442 2388 724 2430 proscriptionibus
734 2388 791 2418 bo-

65 2441 186 2463 norum
202 2432 386 2473 defatigati.
403 2433 445 2464 cf.
464 2433 568 2464 Flacc.
584 2436 636 2465 30.

111 2475 319 2517 Prospectu,
345 2482 554 2517 conspectus.
577 2476 670 2507 Verr.
697 2475 718 2505 i.
733 2477 787 2510 47.

63 2519 98 2550 in
107 2525 314 2561 prospectum
325 2520 438 2561 populi
454 2521 494 2552 R.
513 2520 679 2560 produxit.

108 2563 278 2595 Prostare.
301 2563 452 2594 venalem
479 2574 560 2595 esse.
591 2564 709 2604 Quint.
735 2565 788 2594 31.

64 2615 126 2638 vox
142 2607 214 2647 ejus
229 2608 263 2638 in
278 2608 444 2649 praeconio
456 2613 587 2647 quaestu
596 2607 750 2647 prostitit.

109 2649 304 2684 Proterrere
316 2651 441 2682 Caeein.
455 2655 486 2686 9.
501 2651 588 2681 serro
598 2651 766 2691 proteri-ui
774 2663 784 2682 .-

64 2694 100 2725 ln
114 2693 228 2733 fugam
245 2695 370 2735 conjeci
386 2700 512 2725 terrore
528 2694 616 2724 ferri.
663 2693 711 2724 Ex
724 2692 786 2723 hoc

63 2736 138 2771 loco
159 2736 261 2768 habet
273 2738 395 2779 Aquila
415 2738 511 2770 Rom.
528 2737 568 2768 de
591 2738 707 2778 figuris
728 2736 787 2768 sed

63 2781 183 2811 misere
199 2785 406 2822 corruptum.

1506 73 1587 112 401

858 166 1009 205 pmsFCtl·
1551 172 1561 196 ’κ

900 209 1091 248 Prot-idere,
1108 218 1234 242 cavere.
1259 210 1343 243 Phil.
1362 212 1395 244 ii.
1414 215 1444 245 5.
1469 213 1580 247 multa

857 254 922 283 vita
948 254 1109 284 excedens
1130 256 1283 294 providit.
1301 256 1343 287 cf.
1358 256 1468 289 Rabir.
1487 258 1578 290 Post.
1598 272 1601 275 ·

898 341 1119 372 Provinciam
1133 341 1292 373 delectus.
1308 352 1338 373 ν.
1353 342 1514 375 delectus.

897 384 1104 421 Provocalor,
1121 385 1296 423 gladiator,
1318 388 1373 426 qui
1403 387 1575 428 componi·

850 431 905 457 tur
920 438 995 458 cuin
1011 429 1174 465 Samnite,
1190 435 1228 460 ut
1244 430 1375 461 videtur
1387 431 1498 470 Lipsio
1513 433 1573 462 Sa.-

849 479 939 502 [ιιι-ιι.
966 472 997 502 ii.
1029 474 1076 502 11.
1104 481 1305 512 quamquam
1323 483 1390 504 non
1405 476 1486 505 satis
1508 475 1572 506 sibi

847 514 972 554 liqucrc
988 515 1123 546 fatetur.
1146 517 1236 546 Sext.
1250 517 1301 548 64.

893 559 1098 589 Prose‘mare.
1115 559 1157 590 N.
1175 560 1219 590 D.
1234 560 1268 590 ii.
1286 563 1339 591 44.

894 602 1060 633 Proxime.
1091 613 1166 633 cum
1195 613 1264 633 acc.
1290 603 1362 634 Mil.
1388 605 1441 634 22.
1459 605 1571 644 proti·

847 655 897 675 me
923 645 1009 676 Deos
1035 647 1184 676 acceqsit.
1207 647 1276 678 Att.
1302 648 1322 678 i.
1351 649 1399 679 14.
1417 649 1568 687 proxime

848 688 1051 728 Pompeium.
1097 690 1150 720 Sic
1180 691 1281 720 etiam
1320 690 1432 722 Livius
1469 691 1567 729 dixit,

846 742 919 762 xxx.
941 735 989 763 10.
1012 739 1046 762 ct
1061 733 1150 764 alibi.
1166 743 1196 764 v.
1214 733 1384 764 Drakenb.
1401 734 1444 764 ad
1459 735 1494 765 ii.
1509 737 1565 766 41.

845 776 910 806 xxi.
932 779 958 806 1.
990 777 1114 807 Murct.
1137 777 1213 807 Var.
1238 777 1330 808 Lect.
1358 778 1423 808 xix.
1451 781 1501 812 17.
1524 777 1567 809 ad

846 819 920 849 Div.
945 820 988 850 ix.
1010 822 1057 851 13.
1075 822 1224 860 proxime
1246 826 1345 860 atque
1362 820 1429 852 ille.
1454 820 1520 852 Sed
1535 831 1569 853 v.

844 868 913 894 not.
1543 879 1559 894 ,ε

887 906 1077 945 Prosirnns,
1093 917 1168 938 cum
1182 917 1250 937 acc.
1265 917 1304 937 ex
1320 907 1389 938 Att.
1403 907 1423 937 i.
1440 911 1470 942 9.
1487 908 1564 948 (im-

847 959 900 980 mo
929 951 989 989 14.)
1009 951 1134 991 profert
1161 950 1276 981 Heius.
1299 951 1339 980 ad
1355 950 1450 981 ovid.
1469 951 1506 982 A.
1522 951 1564 982 A.

845 994 866 1023 i.
889 996 957 1028 139.
982 994 1045 1024 Sed
1071 995 1116 1025 ibi
1133 1000 1183 1024 est
1209 994 1412 1024 adverbium.
1436 994 1566 1025 ‘advo-

845 1042 952 1074 catus,
969 1038 1100 1077 adjutor
1115 1036 1153 1068 ac
1166 1038 1319 1068 minister
1332 1038 1451 1068 actoris
1463 1039 1566 1077 inju-

845 1080 941 1110 dicio.
965 1081 1057 1111 Verr.
1083 1082 1117 1111 ii.
1133 1084 1184 1111 44.
1208 1091 1237 1110 v.
1265 1082 1317 1112 64.
1334 1082 1389 1111 ubi
1406 1091 1434 1111 v.
1451 1081 1562 1112 Graev.

845 1128 863 1145 α
882 1124 973 1155 verr.
989 1125 1031 1155 iv.
1049 1128 1079 1156 8.
1110 1124 1260 1164 religioni
1285 1126 1565 1164 suae—protimus

844 1167 909 1197 fuit
927 1180 934 1197 ι
959 1168 1022 1198 i.e.
1046 1177 1178 1199 servans
1197 1167 1376 1207 religionis.

887 1211 1142 1251 Pseudoelayron.
1165 1213 1243 1242 Sen.
1258 1221 1290 1252 p.
1314 1211 1354 1242 R.
1379 1211 1411 1242 6.
1428 1211 1565 1251 pseudo-

843 1255 936 1293 thyro
951 1255 1151 1286 intromissae
1176 1254 1361 1295 voluptates
1379 1267 1386 1285 :
1420 1255 1461 1285 de
1475 1265 1564 1286 scor-

840 1299 883 1328 tis
897 1298 1064 1329 masculis.

887 1342 1189 1382 psychomantium,
1229 1341 1335 1379 locus,
1361 1341 1417 1372 ubi
1447 1350 1563 1373 manes

843 1391 1034 1417 evocantur.
1055 1385 1156 1416 Tusc.
1172 1386 1193 1415 i.
1208 1388 1261 1417 48.
1286 1385 1412 1416 venisse
1428 1386 1463 1416 in
1482 1395 1564 1426 psy-

839 1430 1070 1460 chomantium.
1086 1429 1174 1459 conf.
1187 1429 1260 1459 Div.
1274 1429 1295 1459 i.
1307 1431 1359 1460 58.

886 1473 1073 1510 Public-are,
1096 1472 1266 1513 publicum
1290 1472 1410 1503 facere.
1431 1473 1510 1512 Agr.
1527 1472 1562 1503 ii.

839 1517 892 1546 21.
916 1517 1044 1556 privata
1052 1517 1231 1557 publicare.
1247 1515 1290 1546 cf.
1307 1515 1406 1546 Dom.
1423 1518 1453 1546 8.

884 1558 1034 1598 Publice,
1058 1559 1198 1600 reipubl.
1222 1559 1368 1596 nomine,
1392 1559 1427 1589 in
1455 1559 1563 1590 causis

840 1602 995 1643 publicis,
1024 1604 1065 1634 ad
1100 1608 1266 1634 senatum.
1293 1602 1333 1632 ad
1356 1603 1431 1633 Div.
1454 1613 1507 1633 xv.
1533 1605 1564 1633 1.

833 1648 961 1688 publice
991 1647 1144 1678 scribere.
1177 1647 1212 1676 in
1243 1645 1355 1676 Caecil.
1389 1648 1415 1676 1.
1435 1647 1563 1686 publice

841 1691 962 1721 venire.
979 1690 1022 1721 cf.
1044 1691 1140 1722 Ruso.
1158 1690 1195 1720 A.
1211 1692 1264 1725 39.
1287 1689 1381 1720 Verr.
1398 1689 1431 1720 ii.
1445 1692 1499 1724 47.
1516 1689 1562 1720 iii.

883 1778 1052 1808 Publicus.
1075 1776 1169 1808 Balb.
1200 1779 1249 1808 15.
1267 1776 1412 1816 publica,
1443 1775 1561 1806 dicun-

839 1824 896 1851 tur
909 1820 1099 1861 vectigalia.
1116 1821 1210 1851 Prov.
1226 1820 1325 1850 Cons.
1343 1822 1372 1850 5.
1393 1820 1560 1859 publicani

839 1865 999 1896 dicuntur
1022 1864 1087 1894 frui
1114 1865 1254 1904 publico.
1284 1862 1453 1893 canabina
1469 1863 1559 1893 Post.

883 1951 1037 1983 Puer-ma
1061 1951 1100 1982 de
1117 1951 1254 1991 juvene,
1271 1950 1326 1989 qui
1343 1949 1416 1989 jam
1441 1957 1557 1980 causan

834 1996 869 2026 in
884 1994 956 2026 foro
972 1996 1102 2036 agebat.
1125 1993 1205 2025 Coel.
1221 2003 1250 2023 c.
1273 1996 1298 2023 Ι.

880 2038 1120 2079 Fugiunt-ulus.
1143 2038 1235 2068 Orat.
1261 2037 1314 2070 67.
1336 2035 1376 2066 de
1398 2035 1557 2067 membris

832 2083 991 2114 orationis
1017 2082 1134 2123 parvis,
1155 2089 1228 2119 quae
1251 2079 1433 2110 dictionem
1449 2088 1556 2110 mem-

832 2126 954 2157 bratim
969 2126 1078 2156 fusam
1094 2124 1256 2155 efficiunt.

877 2168 1033 2201 Pulcher.
1056 2168 1146 2200 Mur.
1176 2169 1224 2198 12.
1252 2176 1293 2196 ne
1315 2166 1496 2207 pulchrum
1515 2174 1551 2196 se

832 2223 870 2244 ac
887 2214 1022 2244 beatum
1038 2216 1148 2253 putet.

874 2257 1070 2297 pulegium.
1084 2255 1125 2285 ad
1139 2254 1214 2285 Div.
1231 2253 1295 2283 xvi.
1309 2254 1363 2283 23.
1379 2252 1552 2293 pulegium

831 2301 1004 2332 sermonis.
1021 2300 1054 2330 h.
1069 2309 1097 2329 e.
1114 2298 1272 2328 suavitas.

877 2344 1065 2375 Putem-ius.
1081 2342 1137 2382 qui
1148 2341 1255 2381 pullos
1277 2340 1311 2370 in
1328 2347 1428 2369 cavea
1442 2338 1554 2379 auspi·

832 2388 958 2419 ciorum
977 2396 1078 2417 causa.
1100 2385 1201 2416 habet
1215 2388 1250 2414 et
1266 2388 1373 2414 curat.
1390 2382 1450 2412 διο.
1473 2382 1552 2413 Div.

830 2432 863 2462 ii.
877 2435 929 2463 34.

876 2475 1008 2506 Funus.
1041 2473 1135 2504 Verr.
1157 2471 1200 2502 iv.
1223 2472 1276 2501 25.
1304 2469 1422 2500 tunica
1437 2470 1549 2508 pulla,

830 2524 881 2550 est
896 2518 1070 2549 hominum
1082 2515 1285 2546 tenuiorum.
1301 2522 1331 2544 v.
1341 2511 1432 2553 Lips.
1442 2511 1548 2543 Elect.

828 2563 849 2593 i.
869 2565 918 2593 13.

875 2605 984 2644 Pulpa
999 2611 1098 2634 sensu
1113 2601 1267 2642 obsceno.
1286 2599 1327 2632 ad
1343 2599 1419 2630 Div.
1434 2599 1478 2629 ix.
1494 2599 1548 2630 22.

828 2648 867 2679 de
885 2654 994 2679 scorto
1011 2652 1045 2678 et
1059 2647 1129 2686 ejus
1144 2645 1294 2686 partibus
1309 2642 1472 2680 obscenis,
1488 2651 1547 2672 na·

827 2692 917 2722 tibus
931 2692 991 2721 &c.

870 2735 1021 2766 Pulsare.
1045 2732 1088 2763 N.
1107 2732 1148 2764 D.
1177 2733 1198 2762 i.
1222 2733 1276 2762 41.
1293 2731 1450 2771 pulsatur
1478 2734 1548 2758 ato·

827 2788 957 2809 morum
987 2776 1185 2808 incursione.
1215 2785 1244 2805 v.
1275 2772 1407 2814 pellere.
1439 2772 1480 2801 ib.
1512 2771 1546 2801 ii.

106 2823 277 2856 Protinus.
291 2824 461 2865 deinceps,
478 2828 601 2867 postea.
619 2823 690 2854 Inv.
706 2823 739 2854 ii.
757 2824 789 2855 2.
822 2825 876 2854 23.
901 2831 941 2853 ea
956 2821 1036 2853 vitia
1049 2825 1205 2852 naturam
1220 2816 1450 2861 vehementius
1465 2814 1545 2856 pul-

60 2867 118 2908 !05
135 2869 291 2911 protinus
318 2868 361 2901 ab
390 2868 453 2901 hac
491 2867 666 2910 disciplina
704 2871 784 2900 sunt
824 2870 910 2899 sant.

874 2907 932 2940 nd
