1790 3219
110 90 195 127 430

113 185 280 216 sodalitas.
327 184 408 215 Coel.
440 188 473 219 7.
517 184 644 215 crimen
681 186 860 216 sodalimn:

113 229 202 259 unde
232 228 368 260 verbum
401 228 619 259 criminosum
645 233 707 260 est.
747 229 860 260 Plane.

119 276 168 308 ¹9.

159 316 334 353 sodalitas,
351 315 531 356 collegium
556 316 732 347 sodalium.
763 327 793 346 v.
810 327 862 347 so-

115 360 210 391 dalis.
253 359 337 390 Cato
367 362 416 391 13.
452 360 637 391 sodalitates
662 363 775 391 autem
808 371 861 390 nie

115 407 280 444 quaestore
311 404 503 434 constitutae
543 409 634 435 sunt.
681 403 775 434 Brut.
807 406 861 434 45.

114 447 216 478 homo
231 457 364 478 summa
384 447 571 485 nobilitate,
587 448 799 487 cognatione,
815 457 862 476 so-

114 492 264 527 dalitate,
295 490 447 531 collegio.
485 491 625 521 *mitia
666 490 778 520 Plane.
814 493 862 520 15.

115 545 176 576 per
203 535 290 565 hanc
320 535 588 571 consensionem,
619 544 692 573 quae
724 533 863 563 honeste

116 579 222 618 magis
250 588 351 618 quam
378 588 466 615 vere,
493 579 646 608 sodalitas
675 577 865 607 nominare-

114 627 183 653 tur.
236 622 368 662 Nempe
399 621 458 651 illa
487 621 676 657 consensio,
702 624 741 650 ut
772 625 862 650 recte

117 666 280 703 Graevius,
305 666 404 696 coitio
431 670 502 694 erat
527 663 633 704 epulis
657 669 692 694 et
715 663 864 702 largitio—

117 710 214 740 nibus
253 713 503 740 contractorum
543 708 681 745 civium,
716 708 863 738 ambitus

115 763 229 790 eausa,
253 758 291 782 ut
314 762 374 793 per
396 761 450 781 eos
473 752 580 782 tribus
608 761 863 791 corrumperen-

115 802 183 828 tur.
213 796 276 826 hoe
300 805 405 835 genus
430 795 656 825 consensionis
679 799 777 835 turpe
801 799 864 833 est,

115 840 272 871 sodalitas
290 843 404 869 autem
421 838 574 869 honesta.
620 838 739 878 ltaque
762 839 865 869 hone-

115 890 205 914 stum
232 892 356 913 nomen
379 883 425 912 rei
448 883 539 923 turpi
563 882 735 913 tribuitur.
763 882 805 912 cf.
823 882 863 913 ad

115 928 181 967 Qu.
206 926 258 956 Fr.
276 927 310 957 ii.
334 930 366 957 3.
397 926 641 956 *necessitudo
664 927 752 956 inter
775 936 865 965 qute-

115 976 239 1002 storem
257 974 291 1000 et
306 970 467 1009 legatum.
493 970 624 1000 Verrin.
642 970 662 1000 i.
681 973 733 1004 37.
757 970 814 1000 abs
830 976 865 1000 te

115 1015 225 1045 officia
238 1014 419 1044 sodalitatis
436 1014 577 1053 flagitet.

162 1058 372 1095 Sodalitium,
399 1057 569 1095 sodalitas,
597 1058 709 1088 coitio.
750 1056 864 1087 Plane.

121 1105 171 1133 15.
203 1102 271 1132 Lex
296 1100 440 1138 Licinia,
455 1111 529 1140 quae
554 1106 605 1131 est
631 1101 671 1131 de
697 1101 863 1131 sodalitiis.

118 1157 148 1176 v.
175 1145 248 1175 Ind.
265 1144 346 1184 Leg.
371 1148 406 1175 et
427 1145 590 1176 Budaeum
615 1145 637 1175 l.
662 1155 691 1174 c.
722 1144 865 1174 *eonvi-

118 1190 209 1220 vium
228 1189 404 1220 sodalium.
437 1189 563 1219 Heren.
579 1189 621 1218 iv.
640 1192 691 1219 51.
723 1189 816 1218 venit
831 1189 864 1218 in

118 1233 205 1263 aedes
222 1232 395 1272 quasdam,
409 1232 444 1262 in
461 1232 580 1271 quibus
595 1233 782 1263 sodalitium
795 1236 867 1263 erat

117 1277 235 1307 eodem
252 1276 304 1306 die
321 1276 487 1306 futurum.

163 1320 228 1351 Sol.
258 1320 353 1350 Brut.
371 1324 402 1354 9.
432 1324 640 1359 processerat
662 1319 697 1349 in
714 1320 809 1349 solem
833 1322 868 1349 et

118 1365 303 1405 pulverem,
328 1373 396 1393 non
428 1368 467 1393 ut
494 1373 511 1392 e
542 1362 679 1393 militari
710 1363 869 1393 taberna-

118 1408 208 1446 culo,
225 1407 283 1437 sed
307 1412 346 1437 ut
370 1417 387 1436 e
410 1406 635 1446 Theophrasti
650 1406 868 1437 umbraculis.

118 1452 158 1482 de
181 1451 301 1481 umbra
324 1454 359 1481 ct
381 1450 586 1480 umbraculis
611 1460 671 1480 suo
696 1450 779 1480 loco.
811 1452 868 1488 sol,

119 1505 197 1526 cum
214 1495 343 1525 umbrae
366 1494 564 1534 opponitur,
581 1494 765 1533 significat,
782 1494 816 1524 in
833 1504 867 1525 re

119 1538 270 1576 militari,
295 1547 438 1579 pugnas,
462 1537 578 1577 praelia
598 1547 689 1575 vera,
713 1547 787 1576 quae
811 1548 870 1578 op-

118 1585 292 1623 ponuntur
319 1581 618 1612 exercitationibus
646 1581 867 1612 militaribus:

118 1627 153 1656 in
187 1626 332 1657 oratoria
363 1628 491 1662 autem,
518 1625 685 1654 orationes
718 1625 753 1654 in
785 1625 870 1663 foro,

120 1674 181 1700 aut
207 1669 437 1706 concionibus,
464 1678 538 1707 quae
566 1673 787 1708 opponuntur
814 1669 871 1698 de-

120 1713 390 1750 clamationibus,
409 1713 441 1743 h.
456 1722 485 1742 e.
502 1712 721 1749 orationibus,
739 1722 812 1751 quae
830 1712 870 1742 de

120 1757 218 1788 rebus
236 1757 324 1787 fictis
347 1756 598 1786 exercitationis
622 1765 723 1785 causa
746 1756 871 1786 haben-

120 1805 179 1832 tur
201 1801 236 1830 in
259 1800 384 1830 schola.
414 1799 532 1829 *Mun
555 1802 603 1830 14.
631 1799 728 1829 cedat
754 1800 873 1830 umbra

121 1846 198 1876 soli:
221 1844 254 1874 h.
272 1843 582 1884 &jurisprudentia
597 1843 644 1873 rei
661 1843 813 1873 militari.

167 1888 349 1925 Solarium,
373 1886 598 1926 horologium,
619 1887 766 1927 proprie,
783 1887 872 1926 quod

122 1931 200 1962 solis
217 1931 316 1961 radiis
338 1936 473 1971 tempus
497 1931 654 1967 metitur,
671 1930 728 1960 sed
752 1931 872 1961 deinde

121 1976 240 2013 etiam,
257 1974 345 2014 quod
367 1984 454 2013 aqua
476 1974 565 2004 idem
591 1974 685 2004 facit.
731 1974 874 2005 Utrum-

124 2028 188 2059 que
220 2028 325 2058 genus
352 2018 552 2058 exprimitur
578 2017 659 2048 Nat.
685 2018 730 2048 D.
758 2018 791 2048 ii.
819 2021 873 2050 34.

122 2064 281 2094 solarium
303 2062 356 2092 vel
379 2061 586 2102 descriptum
615 2062 675 2102 (sc.
691 2060 802 2100 lineis)
821 2062 874 2092 vel

123 2117 164 2137 ex
188 2116 286 2146 aqua,
304 2116 369 2145 quo
393 2106 484 2136 horae
508 2105 733 2136 declarantur.
781 2105 875 2136 Sola-

122 2152 213 2181 rium
242 2151 358 2181 Romae
381 2149 447 2179 fuit
472 2149 508 2178 in
533 2149 616 2179 foro.
664 2149 767 2187 Hinc,
792 2160 873 2189 quo-

124 2195 215 2225 niam
239 2195 274 2224 in
289 2193 361 2223 soro
385 2193 539 2223 homines
557 2193 675 2223 urbani
693 2193 782 2222 circa
805 2203 875 2223 me-

123 2237 242 2268 ridiem
274 2237 531 2274 conveniebant,
562 2236 684 2276 partim
723 2237 875 2276 negotio-

125 2291 213 2319 rum,
243 2281 396 2321 inprimis
433 2280 718 2320 pecuniariorum,
749 2282 873 2320 partim

123 2325 184 2355 otii
214 2324 353 2354 fallendi
389 2334 502 2361 causa,
532 2329 572 2354 ut
607 2329 810 2361 mercatores
839 2325 874 2355 in

124 2368 296 2407 emporiis,
318 2369 352 2398 in
377 2367 450 2398 fora
474 2378 547 2404 sua,
571 2377 652 2406 quas
679 2368 794 2398 bursas
818 2378 875 2398 vo-

126 2414 216 2448 cant,
249 2416 283 2441 et
312 2411 436 2451 Lipsiae
467 2411 594 2441 nobiles
624 2411 760 2450 aliique,
786 2418 876 2441 tem-

125 2465 205 2496 pore
229 2459 410 2492 mercatus,
428 2455 463 2485 in
488 2454 726 2494 Compluvium
751 2455 874 2485 aedium

125 2498 434 2537 Aurobacensium3
470 2498 549 2529 hinc
577 2508 655 2538 ergo
686 2499 777 2528 inter
805 2508 876 2529 mo—

127 2542 185 2573 dos
211 2542 288 2571 vitae
314 2542 460 2572 suaviter
484 2542 722 2582 eleganterque
752 2543 876 2572 transi-

127 2584 246 2625 gendae
285 2585 429 2615 refertur
465 2585 507 2615 ad
547 2587 705 2616 solarium
751 2586 876 2616 venire.

127 2629 246 2669 Quint.
275 2630 323 2659 18.
355 2629 439 2659 vixit
464 2639 598 2670 semper
622 2629 750 2660 inculte
774 2634 875 2669 atque

127 2671 284 2710 horride3
308 2676 431 2702 natura
443 2673 534 2703 tristi
551 2683 589 2703 ac
606 2673 780 2703 recondita
791 2673 857 2703 fuit
871 2686 877 2704 :

130 2725 198 2747 non
215 2715 256 2745 ad
271 2716 440 2753 solarium,
458 2714 524 2746 non
548 2717 584 2747 in
608 2727 741 2757 campo,
757 2727 825 2747 non
843 2717 878 2748 in

128 2758 287 2790 conviviis
313 2762 460 2789 versatus
488 2764 550 2790 est.
589 2761 629 2790 ad
656 2760 808 2791 Herenn.
836 2761 878 2791 iv.

132 2807 181 2834 lo.
220 2803 269 2832 ita
297 2802 454 2842 petulans
479 2812 513 2833 es
538 2807 637 2842 atque
660 2814 750 2842 acer,
773 2807 813 2834 ut
836 2814 878 2835 ne

128 2847 171 2878 ad
198 2846 357 2876 solarium
383 2845 519 2885 quidem
546 2846 699 2885 idoneus,
726 2851 765 2878 ut
794 2848 879 2878 mihi

128 2890 274 2929 videtur,
299 2889 359 2920 sed
381 2899 467 2930 pone
497 2899 632 2920 scenam
662 2895 698 2922 et
729 2891 765 2922 in
792 2892 880 2932 ejus—

652 96 799 125 INDEX
830 97 1127 126 LATINITATIS.

906 186 995 217 modi
1011 186 1092 217 locis
1108 186 1310 217 exercitatus
1322 182 1377 216 sis.
1406 184 1600 227 Respicitur
1611 184 1654 216 ael

905 241 961 261 eos
976 231 1141 268 homines,
1160 230 1215 269 qui
1232 229 1356 259 assidui
1372 229 1408 259 in
1426 228 1498 259 foro
1514 230 1555 260 ad
1569 229 1655 260 sola-

907 275 992 304 rium
1018 284 1077 315 pro
1102 274 1215 304 rostris
1243 278 1352 310 erant,
1376 273 1432 312 qui
1463 272 1533 303 scre
1556 276 1656 303 erant

906 318 1057 348 homines
1077 317 1210 354 urbani,
1227 316 1261 347 h.
1281 326 1310 346 e.
1334 315 1457 346 salibus
1481 315 1655 346 abundan-

906 367 957 391 tes
974 365 1008 390 et
1023 361 1167 391 dicteriis
1184 360 1264 390 alios
1281 360 1499 397 incessentes,
1516 369 1654 398 scurrae,

907 414 935 433 v.
954 404 1097 434 Gronov.
1115 405 1154 435 (le
1172 406 1256 434 Sest.
1273 404 1315 434 iv.
1332 407 1363 437 9.
1380 413 1412 443 p.
1428 406 1503 434 318.
1519 412 1567 442 sq.
1600 402 1654 433 Ne

908 448 949 477 ad
977 448 1135 478 solarium
1163 448 1298 486 quidem
1327 447 1466 477 idoneus
1489 456 1568 486 ergo
1592 451 1658 484 est,

909 492 1008 520 nimis
1025 491 1171 522 scurrilis
1189 495 1223 521 et
1243 491 1412 529 mimicus,
1431 491 1478 520 ita
1499 491 1534 520 in
1551 489 1655 520 dicte-

909 535 963 564 riis
993 535 1169 574 impudens
1194 539 1228 565 et
1253 544 1340 571 acer,
1366 539 1404 564 ut
1428 534 1523 564 mimi
1548 539 1582 563 et
1606 532 1657 563 hi-

908 579 1051 607 striones
1080 579 1113 607 in
1141 587 1252 608 scena.
1298 578 1363 608 Sed
1388 577 1470 608 illud
1496 577 1656 609 ,solarium

910 621 944 651 in
971 621 1042 651 foro
1069 621 1110 651 ad
1135 631 1215 651 usus
1242 631 1439 651 communes
1466 621 1532 652 fuit
1557 630 1659 660 aqua·-

910 665 1009 695 rium.
1055 665 1142 696 Nam
1172 664 1300 699 Plinius
1326 665 1387 695 sub
1410 669 1502 695 tecto
1525 665 1659 695 stetisse

909 709 957 738 ait
973 709 1028 738 vii.
1045 714 1130 739 extr.
1157 714 1192 738 et
1208 718 1295 746 aqua
1317 707 1465 738 divisisse
1482 709 1592 738 noctis
1609 713 1659 738 at-

910 762 974 791 que
991 752 1056 782 diei
1080 752 1190 790 horas,
1209 751 1467 790 dedicatumque
1490 752 1592 782 fuisse
1616 751 1658 781 ab

910 796 1064 836 Scipione
1080 796 1204 826 Nasica
1219 805 1248 826 a.
1265 795 1307 825 U.
1326 803 1430 826 Dxcv.
1448 796 1502 825 cui
1519 804 1659 825 consen-

909 841 954 870 tit
972 840 1174 870 Censorinus
1192 850 1220 869 c·
1237 841 1290 870 93.

956 883 1068 921 Soeeoe,
1092 891 1174 913 sunt
1197 883 1299 913 calcei
1323 882 1518 920 mulierum,
1543 886 1578 912 et
1599 880 1660 911 ho-

911 927 1042 957 minum
1061 927 1264 965 molliorum,
1278 926 1368 956 unde
1386 925 1502 957 Clodio
1517 930 1552 956 et
1565 925 1660 956 Verri

911 971 1127 1009 objiciuntur.
1161 969 1242 1001 Har.
1264 970 1364 1009 Resp.
1388 972 1442 1001 21.
1476 971 1565 1000 soleae
1587 979 1662 1000 mu-

912 1014 1041 1045 liebres.
1058 1014 1100 1044 cf.
1113 1014 1269 1045 soleatus.
1286 1013 1372 1044 Gell.
1384 1014 1452 1044 xiii.
1465 1015 1518 1044 ⁶20.
1542 1013 1662 1044 *com-

906 1058 1025 1097 pedes,
1043 1058 1193 1088 Herenn.
1211 1058 1233 1088 i.
1255 1060 1305 1089 13.
1334 1056 1512 1088 Malleolus
1529 1056 1665 1096 judica-

911 1105 965 1132 tus
983 1106 1034 1132 est
1055 1106 1199 1132 matrem
1223 1111 1370 1131 necasse.
1402 1101 1433 1131 ei
1457 1101 1662 1132 damnato-

910 1148 999 1176 soleoe
1028 1146 1147 1185 ligneae
1174 1145 1315 1186 pedibus
1338 1145 1486 1175 induetae
1510 1148 1604 1182 sunt,
1628 1148 1663 1174 et

913 1190 947 1220 in
964 1199 1130 1219 carcerem
1150 1188 1271 1219 ductus
1289 1192 1352 1218 est.
1377 1187 1420 1218 cf.
1438 1187 1510 1219 Inv.
1527 1188 1560 1218 ii.
1580 1191 1633 1219 50.

956 1233 1115 1263 soleatus.
1144 1233 1238 1263 Verr.
1263 1242 1294 1262 v.
1319 1235 1372 1263 33.
1403 1232 1499 1262 stetit
1524 1233 1662 1262 soleatus

913 1281 1036 1317 praetor
1058 1276 1174 1317 populi
1198 1276 1343 1307 Romani
1366 1285 1443 1305 cum
1467 1275 1568 1316 pallio
1583 1284 1662 1315 pur-

913 1331 1016 1361 pureo
1037 1321 1098 1351 &c.
1129 1320 1240 1350 Pison.
1258 1320 1288 1350 6.
1320 1320 1431 1350 nescio
1454 1329 1520 1358 quo
1543 1329 1561 1349 e
1585 1328 1664 1359 gur-

914 1365 1024 1404 gustio
1050 1367 1084 1395 te
1111 1364 1257 1404 prodire,
1284 1363 1437 1394 involuto
1463 1363 1586 1403 capite,
1615 1372 1665 1393 50-

914 1410 1057 1441 leatum:
1093 1418 1237 1448 quorum
1267 1412 1450 1446 utrumque
1480 1411 1553 1437 erat
1578 1405 1666 1437 indi·

914 1452 978 1489 cio,
1004 1452 1160 1482 Pisonem
1186 1455 1329 1492 potasse.
1374 1450 1464 1480 Nam
1490 1451 1527 1481 in
1551 1450 1664 1480 convi·

915 1497 974 1526 viis
991 1495 1109 1526 soleati
1127 1500 1237 1533 erant,
1254 1499 1288 1526 et
1311 1500 1415 1535 caput
1436 1494 1610 1534 tegebant.
1633 1504 1666 1525 v.

913 1539 1049 1570 Abram.
1066 1539 1108 1569 ad
1124 1538 1157 1569 h.
1172 1539 1194 1568 l.

961 1582 1104 1619 Solidus,
1131 1583 1275 1621 integer,
1307 1581 1360 1612 cui
1393 1580 1441 1611 nil
1473 1580 1666 1612 detractum

915 1630 976 1657 est.
1008 1626 1119 1656 Rabir.
1136 1626 1225 1656 Post.
1245 1629 1294 1659 17.
1323 1625 1463 1655 solidum
1479 1633 1578 1655 suum
1596 1626 1670 1656 cui-

916 1680 980 1709 que
993 1670 1130 1700 solvere.
1148 1670 1218 1700 Att.
1232 1669 1274 1699 vi.
1288 1672 1315 1699 l.
1332 1678 1435 1698 usura
1444 1669 1558 1699 solida.
1581 1669 1670 1710 *op-

916 1714 1055 1754 ponitur
1077 1714 1180 1743 etiam
1197 1713 1302 1743 inani.
1334 1712 1445 1742 Pison.
1462 1714 1516 1744 25.
1546 1712 1667 1753 quibus

917 1769 957 1787 ex
975 1757 1072 1787 rebus
1090 1756 1174 1787 nihil
1200 1763 1265 1794 est,
1279 1755 1368 1795 quod
1389 1756 1529 1787 solidum
1550 1760 1668 1787 tenere

920 1802 1035 1841 possis.
1065 1801 1084 1820 ³*
1095 1811 1192 1841 porro
1216 1800 1428 1837 adumbrato,
1442 1800 1551 1840 petita
1567 1810 1588 1831 a
1602 1804 1672 1831 sta-

917 1845 987 1875 tuis
1014 1844 1225 1885 metaphora,
1250 1853 1309 1884 pro
1337 1843 1521 1883 perfectus,
1544 1844 1672 1886 perspi-

919 1898 1012 1919 cuus,
1043 1888 1145 1919 Tusc.
1162 1889 1209 1918 iii.
1225 1889 1257 1918 2.
1285 1887 1389 1917 solida
1411 1897 1464 1917 res
1487 1892 1523 1918 et
1537 1897 1672 1929 expres-

920 1942 969 1969 sa,
998 1942 1066 1962 non
1093 1932 1304 1962 adumbrata.
1343 1930 1458 1961 Plane.
1487 1933 1539 1963 12.
1568 1932 1670 1962 solida

920 1976 1045 2006 indicia
1072 1980 1107 2006 et
1134 1984 1302 2016 expressa.
1332 1975 1390 2005 Or.
1414 1974 1461 2006 iii.
1484 1976 1537 2007 26.
1568 1976 1672 2006 solida

921 2020 1082 2058 suavitas,
1106 2026 1157 2049 est
1185 2029 1237 2056 ea,
1262 2028 1336 2058 quae
1359 2028 1400 2048 ex
1423 2019 1540 2049 assatis
1563 2019 1672 2050 carni-

918 2064 980 2094 bus
997 2063 1134 2102 aliisque
1152 2063 1233 2093 cibis
1249 2061 1462 2092 solidioribus
1473 2063 1670 2103 percipitur.

919 2108 1056 2138 *verus
1074 2107 1178 2137 Fin.i.
1189 2109 1242 2138 21.
1257 2106 1359 2136 solida
1371 2105 1513 2136 utilitas.
1529 2105 1670 2137 *Plana

921 2155 951 2183 8.
977 2151 1115 2181 solidam
1131 2150 1357 2190 frequentiam
1373 2149 1610 2191 praebuerunt:
1636 2150 1670 2181 h.

919 2206 948 2226 e.
967 2204 1078 2225 veram
1098 2198 1133 2224 et
1149 2203 1320 2233 magnam.

965 2238 1159 2269 Solistz'mus.
1192 2237 1269 2268 Div.
1294 2237 1315 2267 i.
1338 2239 1389 2267 15.
1421 2236 1463 2267 ad
1485 2237 1564 2268 Div.
1579 2237 1623 2267 vi.
1640 2238 1672 2270 6.

919 2282 1108 2322 tripudium
1132 2282 1336 2318 solistimum,
1358 2280 1483 2311 dieitur
1507 2281 1542 2311 in
1565 2291 1673 2321 augu-

921 2326 982 2356 rali
998 2325 1187 2366 disciplina,
1205 2334 1282 2355 cum
1307 2323 1392 2365 pulli
1409 2334 1427 2354 e
1443 2334 1543 2355 cavea
1558 2325 1672 2355 emissi

920 2370 970 2400 ita
997 2369 1089 2399 avide
1118 2372 1315 2410 pascuntur,
1339 2371 1379 2398 ut
1403 2368 1469 2398 offa
1490 2377 1531 2399 ex
1555 2378 1612 2398 ore
1635 2369 1671 2399 in

917 2418 1044 2443 terram
1061 2413 1171 2443 cadat.

965 2457 1155 2494 Solitarius,
1179 2457 1310 2487 unicus.
1341 2454 1414 2488 Inv.
1440 2455 1461 2486 i.
1476 2457 1531 2486 44.
1561 2456 1672 2487 solita-

919 2502 1010 2530 rium
1026 2511 1063 2531 ac
1080 2510 1194 2531 rarum
1204 2499 1411 2538 judicatum.

966 2544 1124 2583 Solitudo,
1149 2544 1272 2574 dicitur
1294 2544 1335 2574 de
1358 2543 1411 2580 iis,
1434 2542 1492 2581 qui
1514 2545 1672 2583 potentes

921 2588 1045 2618 amicos
1073 2597 1140 2618 non
1167 2587 1306 2618 habent.
1343 2585 1463 2626 Quint.
1492 2588 1520 2616 1.
1558 2586 1598 2616 de
1625 2586 1673 2616 vi-

921 2631 1006 2663 duis.
1038 2630 1162 2661 Caecin.
1184 2634 1215 2662 5.
1246 2630 1287 2660 de
1310 2630 1421 2670 pueris
1445 2632 1540 2669 patre
1562 2630 1672 2670 priva·

918 2675 973 2705 tis.
1014 2674 1116 2705 Dom.
1143 2675 1195 2705 36.
1233 2673 1274 2703 de
1301 2675 1354 2710 iis,
1380 2682 1525 2712 quorum
1552 2673 1671 2704 domus

922 2728 989 2748 non
1016 2718 1217 2748 celebratur.
1255 2717 1313 2748 Or.
1336 2717 1357 2747 i.
1381 2719 1435 2748 45.
1466 2716 1506 2747 de
1533 2716 1671 2747 homine

921 2761 1032 2800 nihili,
1047 2761 1174 2793 inutili.
1197 2760 1270 2791 Att.
1287 2760 1342 2790 xii.
1362 2762 1412 2790 18.

966 2804 1155 2844 solivagus,
1182 2803 1402 2834 solitudinem
1432 2811 1589 2843 sequens,
1616 2812 1674 2833 ex-

919 2852 973 2879 tra
995 2849 1192 2879 societatem
1214 2849 1340 2878 vivens.
1368 2847 1469 2878 Tusc.
1485 2856 1516 2877 v.
1537 2849 1588 2878 13.
1614 2846 1672 2877 be—

919 2893 993 2924 stioe
1021 2893 1185 2932 solivafoe,
1213 2895 1436 2931 congregata.
1473 2889 1539 2920 Off.
1566 2890 1588 2920 i.
1613 2892 1667 2921 44.
