1790 3219
180 58 263 96 434

231 153 474 194 Spectaculum,
501 155 592 186 loeus
616 156 706 188 unde
728 160 908 198 spectatur.

185 195 276 227 Mur.
302 199 354 228 34.
387 202 421 229 at
446 201 630 239 spectacula
650 205 731 232 sunt
753 202 905 232 tributim

184 240 274 271 data.
301 241 388 272 cons.
412 242 502 273 Sext.
525 246 576 274 58.
598 243 670 275 Liv.
697 245 718 275 i.
746 248 798 276 35.
831 244 850 264 Ψ
866 245 907 275 ad

185 283 258 314 Att.
282 295 314 315 x.
338 287 368 316 2.
403 285 532 317 homini
557 292 670 319 nostra
697 288 909 319 incommoda

184 330 362 368 spec-laculo
379 338 448 359 esse
465 329 600 361 nollem.

232 371 396 411 Spectmffi
415 373 577 412 judicare.
599 374 695 405 Rosc.
720 375 757 405 C.
777 378 826 405 10.
852 384 906 405 ne·

187 423 242 444 mo
260 415 354 446 illum
371 426 410 446 ex
426 419 545 447 trunco
567 418 709 458 corporis
734 419 908 458 spectabat.

189 457 261 489 Att.
278 460 334 489 xii.
351 463 403 493 39.
428 470 464 490 ex
484 471 557 490 meo
581 461 649 491 otio
675 465 771 490 tuum
795 466 906 500 specto.

185 501 204 520 2‘
221 503 312 541 sequi
337 503 483 544 aliquid„
499 514 629 544 cupere.
653 505 763 534 Vatin.
794 507 840 534 10.
866 504 906 534 ad

183 545 412 586 imperatorias
429 547 542 577 laudes
565 558 584 577 a
609 557 711 588 puero
733 552 906 588 spectaras.

183 588 204 607 ¹*
220 600 353 629 operam
381 590 468 621 dare.
492 591 532 620 ad
558 591 630 621 Div.
658 601 687 620 v.
713 593 742 621 8.
777 594 816 621 ut
842 591 907 631 pri-

185 641 279 663 mum
305 634 412 663 forum
430 635 540 673 attigi,
555 635 695 673 spectaui
710 643 853 674 semper,
870 639 909 665 ut

184 676 243 706 tibi
272 687 370 715 quam
397 678 539 707 maxime
567 687 697 717 possem
726 687 796 708 esse
828 687 906 708 eon—

178 720 331 759 junctus.
371 719 462 750 *On
493 721 526 751 ii.
556 724 609 751 40.
639 721 666 751 si
692 721 906 751 barbarorum

185 763 314 799 est,-in
350 763 437 792 diem
474 764 607 802 vivere;
650 768 762 795 nostra
802 765 909 795 consi-

185 805 232 836 lia
256 807 497 847 sempiternum
523 813 657 849 tempus
683 813 827 849 spectare
853 809 908 839 de-

184 849 276 879 bent.

229 892 401 932 Slwctatio,
428 893 612 935 exploratio
637 905 831 932 numorum,
862 905 905 926 an

184 937 322 975 genuini
346 937 414 967 sint
431 942 465 968 et
481 938 587 978 probi,
605 949 720 970 necne.
750 939 843 970 Verr.
860 940 906 970 iii.

183 983 236 1014 78.
271 979 486 1011 deductiones
510 983 608 1013 certis
632 983 823 1014 nominibus
850 983 908 1013 fie-

182 1022 264 1053 bant
281 1034 339 1064 pro
354 1027 546 1063 spectatione
561 1030 596 1056 et
621 1026 760 1067 collybo.
786 1037 816 1057 v.
836 1027 906 1057 Ho-

182 1067 325 1097 tom.ad
354 1067 386 1098 h.
410 1068 431 1098 l.
457 1069 619 1100 ssudaeum
642 1070 684 1100 ad
701 1069 858 1101 Pandect.
874 1070 911 1110 p.

185 1113 255 1144 187.
281 1111 447 1142 Graevium
465 1113 505 1143 ad
532 1113 616 1143 Flor.
633 1114 668 1144 ii.
685 1117 716 1148 7.
741 1113 830 1144 unde
846 1124 905 1153 pro

180 1155 296 1193 quovis
320 1156 549 1195 experimento
565 1157 712 1197 ponitur.
729 1157 816 1189 conf.
831 1167 906 1198 spe-

182 1202 305 1228 ctatus.

225 1241 409 1280 Spectatus,
426 1242 466 1273 de
484 1242 640 1280 metallis,
658 1254 731 1283 quae
747 1247 806 1274 aut
821 1243 903 1284 igni,

180 1288 239 1315 aut
269 1285 378 1326 lapide
412 1286 514 1327 Lydio
542 1287 758 1326 explorantur
775 1300 781 1318 ε
821 1288 904 1318 item

181 1328 220 1358 de
237 1331 361 1366 numis,
379 1331 434 1368 qui
456 1331 598 1370 spectari
625 1331 797 1368 (licuntur,
823 1341 903 1361 eum

179 1371 408 1411 explorantur,
426 1374 518 1413 probi
542 1374 623 1412 sint,
640 1384 756 1405 necne.
787 1374 851 1405 Off.
869 1375 904 1405 ii.

182 1417 231 1445 ll.
245 1415 333 1445 hunc
351 1416 418 1455 igni
435 1422 615 1456 spectatum
630 1419 846 1449 arbitrantur.
857 1418 899 1448 cf.

177 1459 353 1498 spectatio.
371 1459 448 1490 hinc
463 1465 644 1500 spectatum
660 1462 795 1500 dicitur,
812 1462 904 1502 quic-

179 1502 259 1541 quid
282 1503 380 1533 certis
397 1505 647 1544 experimentis,
665 1505 762 1544 quale
776 1506 832 1543 sit,
849 1515 902 1536 co-

178 1546 309 1584 gnitum
327 1551 389 1577 est.
407 1548 442 1577 in
460 1548 571 1578 Caecil.
587 1551 618 1579 4.
651 1553 793 1589 spectata
810 1548 902 1580 fides.

177 1590 235 1619 Or.
259 1590 281 1619 i.
305 1592 357 1624 527.
381 1595 568 1621 ceterarum
598 1592 750 1624 homines
777 1593 902 1623 artium

175 1634 310 1673 spectati
326 1638 360 1663 et
377 1634 518 1674 probati.

223 1675 358 1716 spectio,
375 1677 499 1708 dicitur
514 1678 554 1708 de
571 1679 622 1716 iis,
639 1679 696 1718 qui
712 1685 847 1710 servant
860 1678 900 1710 de

178 1719 270 1750 coelo.
295 1719 379 1750 Phil.
399 1721 431 1751 ii.
447 1724 499 1753 39..
525 1731 583 1753 nos
604 1732 745 1762 augures
762 1723 901 1754 nuncia-

174 1763 301 1793 tionem
324 1763 429 1794 solum
447 1764 620 1804 habemus,
637 1767 789 1798 consules
801 1771 837 1799 et
851 1776 901 1798 re-

175 1805 258 1846 liqui
276 1808 491 1846 magistratus
507 1810 608 1839 etiam
624 1811 823 1849 spectionem.

221 1849 405 1890 Spectrum,
437 1850 550 1882 εἴδωλον
579 1853 833 1893 Epicureorum.
860 1854 902 1884 ad

174 1892 252 1924 Div.
269 1904 322 1924 xv.
347 1895 397 1925 16.
419 1898 466 1929 19.
490 1896 547 1926 sed
577 1907 616 1927 ex
633 1897 733 1937 priori
756 1897 828 1929 loco
851 1898 903 1928 in-

180 1936 286 1976 telligi
304 1942 428 1976 potest,
444 1938 531 1969 hanc
547 1939 721 1971 Calianam
737 1942 901 1982 interpre—

175 1981 342 2010 tationem
370 1982 458 2013 verbi
483 1982 590 2014 Graeci
608 1983 803 2016 Ciceronem
833 1995 901 2016 non

175 2023 340 2064 probasse.

221 2066 370 2107 Specula.
393 2068 468 2100 Act.
497 2069 519 2100 i.
552 2069 645 2101 Verr.
676 2072 725 2103 16.
748 2071 900 2103 homines

176 2110 211 2140 in
226 2114 361 2150 speculis
382 2117 473 2142 sunt.
497 2113 610 2145 Deiot.
626 2117 656 2146 8.
681 2125 793 2155 regem
815 2126 904 2146 sem-

175 2164 233 2194 per
245 2155 278 2184 in
294 2157 428 2195 speculis
442 2156 543 2187 fuisse
557 2169 564 2188 :
591 2157 623 2189 h.
638 2169 666 2189 e.
685 2169 801 2190 omnes
818 2160 900 2190 acti-

175 2207 255 2228 ones
269 2204 346 2228 tuas
363 2200 562 2232 observasse.

220 2240 407 2281 Speculum.
426 2243 496 2274 Fin.
514 2244 548 2274 ii.
569 2247 618 2275 10.
643 2245 803 2284 infantes,
820 2255 902 2286 pue-

172 2285 215 2322 ri,
233 2293 267 2315 et
284 2285 409 2324 bestiae,
427 2297 500 2326 quae
524 2287 689 2328 Epicurus
715 2293 815 2330 putat
830 2300 900 2321 esse

175 2330 303 2368 specula
320 2334 459 2360 naturoe.

219 2371 351 2412 Specus,
369 2374 598 2412 aquaeductus.
617 2375 748 2407 Att.xv.
766 2377 817 2407 26.
833 2386 902 2416 spe-

175 2424 233 2445 cus
259 2417 465 2447 subterranei
493 2419 527 2448 in
549 2425 698 2450 extremo
727 2419 844 2451 fundo.
870 2430 900 2452 v.

175 2456 360 2490 Victorium
379 2461 418 2490 ad
434 2461 466 2491 h.
482 2461 504 2492 l.

222 2502 333 2541 spero,
350 2504 389 2533 de
407 2514 440 2534 re
461 2504 557 2535 mala.
586 2506 643 2536 Or.
668 2506 715 2537 iii.
742 2509 790 2538 13.
814 2512 899 2539 extr.

176 2546 331 2582 quoniam
349 2546 419 2577 hoec
435 2549 514 2578 satis
537 2559 625 2589 spero
647 2551 737 2581 vobis
760 2551 900 2581 molesta

174 2593 210 2617 et
227 2589 345 2627 putida
361 2591 474 2621 videri.

220 2632 308 2671 Spes.
348 2632 440 2664 Verr.
473 2635 519 2666 iii.
554 2638 601 2667 18.
628 2635 706 2675 Agri
737 2636 897 2668 Leontini

177 2680 276 2704 {ntea
293 2686 361 2715 spes
377 2676 446 2707 baec
474 2682 557 2716 erat,
583 2687 623 2709 ut
647 2690 724 2710 eum
751 2682 897 2713 obsitum

175 2718 322 2755 vidisses,
340 2729 481 2751 annonae
499 2723 675 2754 caritatem
691 2733 756 2754 non
772 2735 900 2756 verere-

174 2771 218 2791 re.
243 2762 341 2792 Rosa
365 2763 403 2793 A.
427 2767 478 2795 50.
502 2767 607 2804 major
628 2777 697 2806 spes
723 2769 895 2808 emtionis,

169 2804 212 2841 ‚de
229 2806 408 2836 securitate
425 2808 590 2839 retinendi
606 2811 788 2850 ejus,qu0d
803 2822 893 2843 eme-

170 2848 226 2878 ris.
259 2848 387 2880 Verrin.
405 2851 425 2881 i.
443 2853 495 2882 22.
524 2863 589 2892 quo
606 2854 739 2893 quidem
759 2861 890 2897 tempo-

700 67 846 99 lNDEx
877 69 1171 99 LATINITATIS.

946 169 981 188 re
995 168 1082 199 spem
1098 157 1276 188 maximam
1294 157 1495 197 reliquorum
1513 163 1667 200 peccato·

947 212 1019 232 rum
1035 206 1150 232 nactus
1166 204 1216 231 cst
1230 212 1236 230 :
1251 201 1284 231 h.
1299 211 1328 231 e.
1339 202 1547 241 impunitatis
1560 213 1666 243 spem.

947 245 966 264 ‘
977 246 1048 276 Att.
1064 246 1110 276 iii.
1127 247 1178 276 533.
1202 245 1228 274 si
1245 249 1295 275 est
1311 244 1436 284 aliquid
1452 246 1485 275 in
1501 255 1563 285 spe.

990 288 1137 329 Spicum,
1153 288 1255 328 spica.
1289 288 1371 318 Cato
1391 292 1441 319 15.
1469 288 1579 319 fundit
1596 288 1666 319 fru-

947 341 1021 371 gem
1047 333 1135 371 spici.
1160 331 1238 362 Nat.
1256 331 1296 362 D.
1314 332 1347 361 ii.
1363 334 1416 363 42.
1437 333 1562 372 spicum
1590 331 1666 362 illu-

947 380 1013 404 stre
1029 380 1147 405 tenens
1164 374 1351 415 splendenti
1368 385 1503 415 corpore
1520 376 1621 414 virgo.

991 417 1107 456 Spina,
1134 419 1168 448 in
1189 419 1361 449 scribendo
1385 419 1543 449 dicuntur
1561 418 1666 458 spinae

947 461 986 490 ‹le
1005 461 1102 491 nimis
1124 462 1237 492 subtili
1265 468 1298 492 et
1326 462 1587 492 Diale-eticorum
1612 462 1666 499 je-

939 504 1026 543 juno
1057 504 1237 535 disserendi
1269 515 1399 545 genere.
1434 505 1505 535 Fin.
1538 505 1580 536 iv.
1612 507 1667 536 ⁶28.

943 548 1043 586 spino?
1066 547 1259 579 disserendi.
1292 549 1429 579 Tuscul.
1452 550 1494 579 iv.
1518 552 1547 580 5.
1569 550 1667 588 spinae

946 590 1111 630 partiendi
1128 596 1161 621 et
1174 591 1364 623 definiendi.

990 633 1153 673 Spinosns,
1169 635 1311 665 subtilis.
1334 636 1405 666 Fin.
1427 636 1474 666 iii.
1492 639 1520 666 1.
1544 635 1666 666 subtile

945 687 984 707 ae
999 679 1161 716 spinosum
1182 677 1360 709 disserendi
1389 689 1503 718 genus.
1526 678 1665 709 Tuscul.

946 721 968 750 i.
987 723 1017 751 8.
1043 720 1114 751 haec
1136 721 1226 751 enirn
1243 724 1415 762 spinosiora
1435 723 1525 763 prius
1543 732 1610 760 me,
1628 728 1666 753 ut

946 764 1121 802 confitear,
1137 770 1275 804 cogunt,
1288 775 1386 804 quam
1406 772 1443 796 ut
1459 767 1631 796 assentiar.

991 807 1148 846 Spiritus,
1183 812 1250 839 aer.
1282 809 1382 840 Catil.
1410 809 1432 840 i.
1461 809 1492 840 6.
1531 810 1666 848 spiritus

946 851 1030 881 coeli.
1053 851 1072 870 *ἵ
1087 852 1273 890 contentio,
1299 853 1504 883 animositas.
1525 852 1618 883 Verr.
1644 853 1668 883 i.

946 898 998 925 30.
1012 895 1092 933 quid
1106 905 1167 935 ego
1185 905 1273 926 nunc
1290 896 1326 926 in
1341 897 1480 927 alteram
1498 896 1664 927 actionem

947 938 1009 968 Cn.
1036 938 1218 969 Dolabellae
1233 941 1379 979 spiritus,
1401 939 1481 979 quid
1496 939 1596 977 hujus
1619 938 1669 969 la·

946 991 1074 1022 crymas
1086 986 1121 1012 et
1134 984 1367 1014 concursiones
1379 983 1566 1024 proferam?
1585 983 1667 1013 ‘'su-

945 1026 1072 1065 perbia,
1100 1026 1288 1057 insolentia.
1326 1027 1417 1058 Verr.
1450 1027 1496 1057 iii.
1527 1031 1560 1061 9.
1592 1025 1666 1057 illos

944 1069 1015 1108 ejus
1030 1070 1163 1109 spiritus
1183 1070 1369 1101 Sicilienses
1394 1081 1475 1110 quos
1491 1070 1592 1101 fuisse
1606 1080 1669 1111 pu·

945 1112 1053 1143 tetis?
1078 1112 1160 1143 Sull.
1185 1118 1219 1148 9.
1241 1114 1378 1153 spiritus
1400 1114 1589 1144 attulerunt
1613 1122 1665 1144 res

946 1162 1061 1195 gestie.
1099 1156 1123 1186 F
1125 1156 1205 1186 laec.
1233 1158 1286 1188 22.
1319 1158 1490 1188 remittere
1521 1158 1665 1197 spiritus.

945 1200 1052 1230 Simili
1069 1209 1168 1231 sensu
1185 1200 1308 1231 dicitur
1323 1200 1472 1232 flatus.v.
1489 1201 1607 1232 Heins.
1624 1199 1667 1232 ad

943 1243 1040 1274 ovid.
1056 1243 1128 1274 Art.
1142 1243 1217 1274 Am.
1235 1244 1257 1275 i.
1269 1247 1343 1279 715.

989 1286 1105 1326 Spisse,
1122 1287 1228 1326 tarde,
1245 1298 1322 1319 cum
1343 1286 1549 1318 difficultate.
1573 1285 1669 1319 Brut.

943 1331 995 1362 36.
1010 1332 1106 1371 spisse
1121 1335 1221 1371 atquc
1238 1332 1292 1362 vix
1307 1331 1349 1362 ad
1363 1331 1550 1362 Antonium
1569 1330 1666 1362 Cras·

942 1384 1083 1413 sumque
1099 1384 1322 1415 pervenimus.

989 1417 1130 1458 Spissus,
1147 1416 1276 1457 tardus,
1292 1417 1445 1449 difficilis.
1466 1418 1538 1449 Att.
1562 1428 1595 1449 x.
1615 1420 1665 1449 13..

943 1462 1059 1493 omnia
1080 1462 1189 1493 adhue
1211 1463 1307 1493 tarda
1332 1469 1367 1492 et
1389 1463 1500 1502 spissa.
1522 1461 1588 1503 Ωιι.
1612 1461 1664 1493 Fr.

943 1505 979 1535 ii.
1003 1508 1051 1536 14.
1073 1506 1210 1545 spissum
1225 1516 1304 1537 sane
1327 1516 1410 1546 opus
1427 1510 1462 1536 et
1477 1515 1666 1546 operosum.

941 1549 998 1578 Or.
1016 1549 1062 1579 iii.
1072 1550 1125 1580 36.
1147 1549 1174 1580 si
1190 1556 1241 1581 est
1255 1551 1395 1590 spissius.
1412 1549 1490 1580 ibid.
1506 1549 1542 1580 ii.
1559 1552 1615 1580 53.
1629 1549 1666 1580 in

942 1597 1085 1631 utroque
1100 1602 1221 1632 genere
1237 1594 1401 1634 principia
1413 1592 1523 1630 tarda,
1539 1597 1575 1623 et
1596 1593 1667 1623 exi-

942 1639 998 1666 tus
1013 1637 1103 1674 spissi
1118 1641 1154 1666 et
1169 1637 1320 1677 producti
1335 1646 1407 1667 esse
1422 1635 1558 1666 debent.

985 1678 1221 1719 splendescere.
1256 1680 1340 1710 Cato
1370 1684 1402 1714 9.
1440 1688 1600 1710 canorum
1630 1679 1666 1710 in

941 1732 1021 1752 voce
1037 1724 1224 1763 splendescit
1234 1724 1336 1755 etiam
1353 1724 1388 1754 in
1400 1726 1586 1754 senectute.

985 1766 1171 1807 Splendide‚
1202 1767 1303 1805 clare,
1333 1766 1518 1808 perspicue.
1541 1767 1600 1798 Or.
1629 1767 1665 1799 ii.

944 1810 994 1841 16.
1018 1811 1074 1850 qui
1092 1810 1193 1850 leges,
1214 1811 1667 1851 quijura—-constituerunt,

941 1852 1044 1884 locuti
1062 1859 1143 1885 sunt
1158 1855 1356 1895 simpliciter
1371 1857 1405 1884 et
1418 1854 1592 1895 splendide.

986 1896 1193 1937 Splendidus,
1210 1898 1249 1928 de
1266 1898 1454 1929 hominibus
1484 1897 1519 1927 in
1542 1906 1667 1937 magna

942 1939 1106 1981 dignitate
1129 1942 1258 1982 positis,
1276 1942 1395 1982 gratia,
1410 1941 1547 1979 divitiis,
1563 1950 1666 1980 gene-

941 1994 976 2015 re
1009 1984 1212 2016 florentibus.
1250 1984 1331 2016 Lael.
1361 1986 1392 2016 6.
1424 1984 1587 2015 secundas
1614 1993 1666 2015 ren

940 2028 1167 2068 splendidiores
1174 2029 1256 2060 facit
1269 2027 1512 2060 amicitia.Coe1.
1527 2029 1559 2059 2.
1569 2032 1668 2068 pater

942 2081 1060 2112 parum
1075 2073 1269 2113 splendidus.
1291 2072 1383 2104 Verr.
1400 2072 1434 2102 ii.
1450 2074 1502 2104 28.
1526 2071 1665 2112 splendi-

943 2115 1004 2146 dus
1025 2126 1137 2155 eques.
1179 2116 1197 2136 ⁸⁶
1212 2115 1390 2154 excellens,
1422 2117 1517 2154 cujus
1552 2115 1600 2146 vis
1629 2117 1665 2145 et

942 2161 1137 2199 praestantia
1162 2159 1240 2191 ferit
1269 2159 1382 2190 oculos
1412 2159 1575 2190 omnium.
1599 2158 1664 2189 Off.

941 2203 988 2233 iii.
1005 2206 1035 2234 5.
1057 2203 1350 2244 splendidissimum
1364 2203 1551 2243 ingenium.
1574 2201 1594 2221 Ψ
1611 2211 1666 2232 or-

943 2251 1053 2277 natus.
1069 2247 1166 2278 Brut.
1182 2247 1442 2287 20.³plendidior
1456 2245 1664 2277 consuetudo

942 2288 1111 2328 loquendi.
1148 2289 1244 2322 Brut.
1283 2294 1334 2322 55.
1381 2290 1512 2320 dicendi
1556 2297 1663 2329 genus

940 2333 1140 2372 splendidius
1162 2339 1196 2366 et
1223 2334 1505 2374 magnificentius.
1527 2331 1665 2363 *hone-

941 2381 1024 2407 stus.
1055 2377 1125 2408 Fin.
1143 2377 1177 2408 ii.
1194 2380 1246 2410 21.
1275 2378 1458 2418 disputatio
1481 2376 1664 2417 splendida.

941 2423 975 2450 et
990 2424 1161 2452 certamen
1176 2421 1367 2452 honestum.
1390 2420 1487 2451 Rosc.
1508 2419 1584 2450 Am.
1609 2422 1664 2454 49.

939 2464 1135 2504 splendidior
1150 2475 1250 2495 causa
1264 2464 1428 2496 nobilium
1437 2463 1512 2494 fuit.
1534 2462 1554 2482 ⁴
1566 2463 1665 2500 bene,

940 2507 1028 2538 clare
1053 2517 1188 2547 sonans,
1204 2507 1354 2549 amplum
1384 2513 1420 2538 et
1444 2505 1589 2537 eundem
1613 2510 1665 2536 ta-

941 2560 1019 2581 men
1044 2551 1234 2591 jucundum
1265 2561 1384 2582 sonum
1408 2549 1544 2581 habens.
1567 2550 1665 2580 Brut.

941 2598 992 2626 55.
1018 2605 1079 2625 vox
1110 2605 1187 2626 cum
1221 2605 1357 2635 magna,
1385 2598 1460 2624 tum
1493 2593 1602 2624 suavis
1629 2597 1667 2625 et

938 2638 1120 2678 splendida,
1152 2640 1332 2679 opponitur
1361 2637 1474 2668 fuseae.
1511 2637 1570 2668 Or.
1608 2639 1663 2670 49.

937 2683 1109 2721 splendidis
1142 2683 1331 2713 nominibus
1368 2681 1580 2712 illuminatus
1611 2682 1664 2710 est

938 2735 1065 2763 versus,
1081 2725 1139 2756 sed
1149 2726 1317 2766 proximus
1331 2724 1540 2764 inquinatus,
1550 2724 1663 2754 insua-

941 2770 1076 2799 vissima
1096 2769 1193 2800 litera
1207 2770 1333 2799 finitus.
1350 2768 1389 2799 ‹le
1407 2767 1547 2807 singulis
1562 2776 1663 2807 gene-

938 2813 1028 2843 ribus
1045 2812 1087 2843 cf.
1104 2812 1269 2853 splendor.

979 2855 1148 2896 Splendor,
1165 2855 1296 2888 claritas
1316 2866 1393 2888 cum
1410 2854 1575 2888 suavitate
1591 2851 1665 2883 effi·
