1790 3219
137 56 221 106 478

144 156 195 187 16.
218 164 239 186 a
253 154 331 186 villa
346 153 381 185 in
395 155 551 184 senatum
574 154 829 185 arcessebantur
842 157 878 184 et

143 199 263 230 Curius
279 202 315 229 et
336 199 440 228 ceteri
463 206 576 228 senes:
601 207 642 228 ex
658 208 736 238 quo,
753 199 808 237 qui
824 207 879 228 eos

142 243 369 279 arcessebant,
380 242 518 272 viatores
528 241 608 272 dieti
621 245 712 272 sunt.
723 252 797 281 quae
808 241 879 271 fere

140 285 332 317 adverbum
344 285 480 326 repetiit
492 284 670 316 Columell.
682 285 721 316 R.
737 285 775 316 R.
787 284 880 325 praef.

139 329 173 360 h.
197 329 220 359 1.
237 334 271 360 et
295 329 379 360 Plin.
397 329 441 360 H.
465 328 507 360 N.
531 329 621 359 xviii.
639 332 670 360 3.
701 328 743 358 cf.
768 328 879 358 Vatin.

138 376 171 408 9.
195 373 291 404 Font.
320 376 368 404 13.
393 383 422 403 v.
438 372 552 412 Sigon.
577 372 655 403 Ant.
678 371 751 402 Jur.
779 371 814 401 C.
838 371 878 401 R.

139 416 173 446 ii.
192 420 242 448 15.
272 421 307 448 et
322 417 438 448 Burm.
462 416 503 446 ad
518 415 652 446 Petron.
670 425 697 445 c.
713 419 766 449 97.
798 414 879 444 Via-

137 464 245 491 torum
260 461 404 491 decuriae
417 463 598 491 occurrunt
611 460 645 489 in
659 459 877 498 inscriptione

136 513 191 545 ap.
210 504 376 536 Murator.
393 508 418 534 t.
434 504 455 534 i.
472 514 504 544 p.
523 506 596 534 581.

181 547 333 586 Vibrare,
357 548 488 588 proprie
514 551 566 576 est
592 555 670 576 cum
700 554 823 584 magna
845 544 876 574 vi

137 596 172 622 et
195 591 367 622 celeritate
390 591 563 631 projicere,
582 595 622 619 ut
645 593 877 628 contorquere.

137 635 195 666 Or.
218 635 253 666 ii.
276 639 328 668 80.
360 639 459 673 atque
483 632 645 671 ejusmodi
677 632 776 662 debet
805 641 876 661 esse

135 678 296 719 prolusio,
313 688 380 709 non
397 683 435 707 ut
452 676 656 713 Samnitum,
673 675 729 714 qui
745 676 877 706 vibrant

137 722 249 753 hastas
266 728 345 752 ante
360 729 522 761 pugnarn,
535 719 655 758 quibus
672 720 705 749 in
722 728 877 759 pugnan-

135 765 179 796 do
195 765 280 797 nihil
295 770 451 795 utuntur.
474 763 493 781 *Ψ
505 762 596 800 hinc,
615 767 652 793 ut
667 767 875 801 contortum,

136 811 184 842 sic
208 811 340 840 vibrans
363 808 490 848 passive
516 807 560 847 (v.
577 805 695 837 Heins.
720 806 761 836 ad
777 806 835 836 Sil.
852 807 874 836 i.

137 852 224 892 539.)
251 862 311 893 per
336 850 566 892 metaphoram
597 850 721 880 dicitur
743 860 802 890 pro
826 850 877 880 in-

134 899 272 933 citatus,
306 895 495 925 vehemens.
526 893 622 924 Brut.
654 897 708 928 95.
745 894 876 924 vibrans

134 948 172 972 et
193 939 336 970 incitata
358 939 477 969 oratio.
506 938 600 968 Orat.
618 941 671 971 70.
701 942 786 967 extr.
809 937 878 968 De-

133 983 318 1016 mosthenis
349 991 417 1012 non
443 986 513 1012 tam
539 982 706 1011 vibrarent
729 980 875 1011 fulmina

134 1029 206 1066 illa,
235 1027 299 1058 nisi
330 1026 478 1056 numeris
511 1030 667 1055 contorta
694 1024 876 1054 ferrentur.

134 1073 217 1103 *est
241 1071 343 1101 etiam
370 1079 428 1109 pro
455 1069 590 1099 micare.
621 1068 723 1098 Acad.
751 1069 792 1098 iv.
821 1071 874 1099 33.

133 1125 226 1147 mare
253 1124 331 1144 cum
355 1123 375 1143 a
396 1113 465 1143 sole
492 1111 637 1142 collucet
663 1117 698 1141 et
723 1111 874 1149 albescit,

130 1164 169 1191 et
190 1160 318 1197 vibrat3
352 1166 472 1196 nempe
495 1160 633 1196 propter
654 1155 726 1186 illas
750 1156 873 1186 celeres

131 1203 333 1243 agitationes
356 1210 451 1239 aquae
474 1205 509 1230 et
531 1203 704 1230 tremores.
736 1209 814 1229 nam
839 1203 874 1229 et

132 1248 256 1278 micare
280 1250 331 1275 est
353 1244 485 1285 proprie
505 1243 545 1273 de
562 1242 661 1272 celeri
677 1245 712 1272 et
726 1243 873 1273 tremulo

131 1295 241 1327 motu,
258 1289 315 1328 qui
332 1293 383 1318 est
398 1288 433 1318 in
450 1286 536 1317 luce.
552 1286 616 1316 vid.
633 1286 808 1318 Drakenb.
830 1285 873 1316 ad

130 1334 189 1365 Sil.
206 1334 248 1364 iv.
270 1333 340 1364 156.

176 1378 333 1412 Vicanus,
356 1375 413 1414 qui
436 1375 472 1404 in
494 1374 568 1404 vico
590 1373 733 1404 habitat.
762 1373 871 1404 Flacc.

130 1424 163 1454 3.
185 1419 363 1453 Timolites
385 1420 531 1449 vicanus.
554 1427 586 1448 v.
604 1417 710 1447 Graev.
735 1418 778 1448 ad
800 1417 834 1448 h.
851 1417 873 1448 l.

128 1464 195 1496 Sed
219 1465 295 1495 Div.
311 1463 333 1493 i.
351 1465 403 1494 58.
435 1462 543 1493 vicani
556 1461 762 1501 haruspices,
779 1466 871 1500 sunt,

129 1509 187 1549 qui
218 1509 253 1538 in
284 1506 365 1537 vicis
393 1511 582 1543 versantur,
607 1514 729 1544 eosque
759 1515 874 1545 perva-

128 1556 266 1592 gantur,
290 1554 437 1590 quaestus
461 1558 573 1587 causa,
597 1553 636 1579 ut
659 1549 694 1578 in
717 1549 814 1579 circis
838 1558 873 1578 a·

127 1595 278 1635 strolog-i.

173 1639 339 1675 Wcarius,
354 1646 466 1668 servus
483 1636 567 1667 servi
583 1635 747 1673 lautioris,
759 1635 800 1665 de
814 1645 873 1675 pc·

129 1683 218 1714 culio
235 1686 360 1718 emtus,
371 1680 460 1711 unde
477 1685 513 1710 et
527 1680 652 1720 peculii
668 1689 755 1719 pars.
774 1679 869 1710 Verr.

126 1728 150 1759 i.
176 1727 230 1758 36.
257 1725 411 1756 homines
438 1724 550 1765 (servi)
576 1722 632 1753 alii
655 1722 790 1760 redditi,
813 1723 869 1753 alii

127 1771 230 1801 etiam
240 1779 331 1799 nunc
345 1768 553 1806 retinentur3
570 1766 705 1806 peculia
715 1767 868 1796 omniurn

126 1814 306 1854 vicariique
329 1812 529 1843 retinentur.
561 1810 640 1840 ibid.
665 1810 711 1839 iii.
732 1813 785 1841 38.
815 1810 870 1840 hic

126 1857 318 1897 Diognotus
333 1857 497 1886 vicarium
513 1853 645 1884 nullum
657 1853 772 1891 habet,
786 1853 871 1884 nihil

127 1901 267 1932 omnino
290 1898 425 1941 peculii.
456 1897 518 1928 Sed
543 1898 578 1928 in
601 1897 797 1928 universum
821 1897 871 1927 di—

127 1946 218 1976 eitur
233 1944 273 1974 de
290 1943 459 1979 omnibus,
475 1942 532 1981 qui
549 1940 686 1971 alterius
703 1941 775 1971 loco
791 1951 870 1981 ope-

127 1998 200 2020 ram
223 1991 405 2028 praestant:
430 1986 477 2016 sic
494 1991 692 2025 procurator
706 1989 741 2015 et
756 1985 870 2024 cogni-

125 2036 181 2063 tor
203 2031 325 2062 dicitur
347 2029 446 2060 alieni
468 2029 554 2069 juris
577 2029 722 2059 vicarius
744 2028 869 2059 Caecin.

126 2078 180 2107 90.
203 2082 239 2106 et
254 2083 479 2105 successorem
504 2082 604 2102 suum
622 2072 739 2102 Cicero
756 2072 871 2112 appel-

124 2119 174 2151 lat
200 2118 289 2150 Mur.
314 2121 368 2152 37.
399 2117 561 2148 vicarium
589 2125 659 2146 suae
685 2115 869 2155 diligentiae

125 2164 187 2194 ἃς.

169 2206 293 2244 Vieem,
318 2204 519 2246 pericnlum,
543 2201 787 2240 calamitatem,
815 2203 867 2233 in-

117 2250 256 2290 juriam.
285 2249 380 2280 Verr.
395 2249 417 2278 i.
434 2250 488 2279 44.
517 2246 662 2277 alienam
684 2248 784 2277 vicem
805 2256 865 2286 pro

124 2303 186 2324 sua
208 2293 332 2333 injuria
346 2291 471 2330 dolere,
487 2295 522 2321 et
535 2291 582 2320 sie
598 2295 650 2320 est
665 2300 764 2330 saepc.
787 2290 865 2320 *lo-

124 2346 214 2368 cum.
245 2336 326 2376 Leg.
342 2336 376 2366 ii.
396 2337 445 2370 19.
475 2333 636 2364 heredum
661 2343 762 2364 causa
780 2334 867 2375 (sus-

122 2380 354 2420 cipiendorum
379 2375 565 2417 sacrorum)
585 2376 776 2417 justissima
801 2380 863 2408 est.

122 2423 218 2455 nulla
239 2431 289 2454 est
312 2423 401 2453 enim
427 2431 581 2462 persona,
601 2426 674 2460 quae
698 2421 740 2451 ad
762 2422 863 2451 vicem

121 2468 248 2498 mortui
270 2467 406 2507 propius
429 2464 576 2496 accedat.
599 2464 739 2502 *modo,
759 2474 863 2495 more.

120 2510 192 2542 Att.
207 2520 239 2540 x.
256 2513 286 2541 8.
317 2511 381 2540 nisi
402 2509 488 2540 forte
513 2518 566 2539 me
584 2507 800 2548 Sardanapali
816 2510 864 2538 vi-

121 2564 190 2585 cem
219 2555 255 2583 in
286 2553 410 2583 lectulo
437 2553 522 2583 mori
550 2551 652 2582 malle
682 2551 862 2582 censueris.

121 2597 272 2628 Graevius
296 2601 410 2627 autem
433 2596 535 2626 habet
548 2597 634 2626 vice.-
657 2605 862 2635 quamquam

120 2645 156 2672 et
177 2641 248 2680 ipse
272 2640 306 2670 in
330 2640 432 2670 Codd.
455 2640 580 2679 reperit
604 2639 723 2669 vicem.
751 2649 859 2678 neque

119 2688 171 2715 est
198 2688 317 2714 contra
341 2683 539 2713 Latinorum
567 2682 861 2720 consuetudinem,

121 2728 178 2768 qui
202 2727 249 2757 sic
272 2727 461 2756 accusativo
484 2731 630 2756 utuntur
652 2731 687 2755 et
708 2727 810 2764 nude,
827 2729 863 2756 et

120 2771 253 2811 adjecta
277 2770 525 2810 praepositione,
549 2770 595 2800 in.
619 2769 746 2800 Gellius
771 2781 802 2800 x.
827 2772 858 2800 3.

119 2814 292 2847 Gracchus
314 2822 382 2852 non
402 2813 584 2853 querentis,
601 2822 663 2844 nec
679 2812 862 2855 imploran-

639 64 785 94 INDEX
813 63 1112 94 LATINITATIS·

919 153 978 193 tis,
1004 153 1060 184 sed
1092 153 1284 184 nunciantis
1314 153 1579 194 vicem—inquit.
1616 153 1662 186 Et

919 202 1012 227 amat
1029 197 1155 228 Gellius
1171 197 1219 228 sic
1231 207 1368 238 ponere,
1380 202 1419 229 ut
1430 203 1546 228 monet
1557 198 1661 229 Gron.

918 240 961 271 ad
972 252 1004 270 x.
1017 244 1070 272 25.
1096 241 1222 271 Contra
1235 241 1328 271 addit
1343 241 1523 272 Suetonius
1539 241 1659 272 Claud.

918 288 950 318 7.
974 284 1129 324 praesedit
1145 285 1179 315 in
1198 284 1269 315 Caii
1284 286 1396 316 vicem.
1419 285 1540 317 *Sexn
1557 287 1590 316 4.
1611 286 1661 316 vi·

918 337 986 358 cem
1002 329 1101 358 officii
1115 329 1301 368 praesentis.
1316 329 1374 359 ubi
1389 339 1419 358 v.
1436 335 1507 360 not.

964 370 1134 402 chsima.
1164 372 1235 402 Att.
1260 372 1293 402 ii.
1315 373 1363 402 16.
1390 382 1470 412 agro
1486 372 1659 413 Campano

916 413 1034 452 diviso,
1051 415 1139 454 quod
1161 415 1303 455 vectigal
1327 419 1479 456 superest
1498 415 1657 446 domesti-

918 467 1008 494 cum,
1025 462 1147 497 praeter
1167 461 1351 490 vicesimam
1363 461 1379 490 ?
1402 464 1454 490 est
1477 464 1591 490 autem
1610 467 1660 488 υι-

916 501 1034 531 cesc'ma
1056 511 1132 541 pars
1155 504 1319 542 pecuniae,
1336 513 1402 542 qua
1423 503 1520 533 vendi
1544 506 1657 542 posset

914 553 1042 582 servus,
1066 545 1121 583 qui
1151 548 1405 578 manumittitur
1428 546 1499 577 Liv.
1523 546 1579 577 vii.
1606 545 1657 576 16.

916 587 956 617 de
980 598 1020 618 ea
1043 587 1149 618 Graev.
1174 589 1216 618 ad
1236 588 1268 619 h.
1286 590 1309 620 l.
1329 590 1479 621 laudavit
1501 590 1592 630 Lips.
1612 588 1657 619 ad

914 631 1025 662 Tacit.
1048 632 1136 662 Ann.
1156 632 1224 662 xiii.
1242 635 1296 664 31.
1322 634 1380 664 sed
1402 634 1550 664 Graevius
1567 631 1656 663 male

916 674 981 705 huc
994 674 1096 705 refert
1109 676 1211 706 etiam
1227 677 1411 707 vicesimam
1426 687 1444 707 e
1461 677 1561 708 servis
1577 686 1657 706 ven-

917 718 1016 757 ditis3
1048 719 1082 749 in
1110 729 1175 758 quo
1191 729 1259 750 non
1282 720 1363 751 satis
1389 721 1534 760 inspexit
1557 719 1654 751 illum

914 762 1038 802 ipsum,
1062 772 1162 802 quem
1186 762 1315 801 laudat,
1337 764 1502 804 Lipsium,
1519 764 1576 803 qui
1598 763 1656 794 ἀοι

915 811 982 844 cet,
999 807 1267 846 antiquissimam
1291 817 1362 838 esse
1385 809 1569 838 vicesimam
1584 816 1657 837 ma·

914 850 1174 888 numissionum,
1192 856 1227 881 et
1250 850 1290 881 de
1314 861 1355 881 ea
1377 861 1396 881 a
1413 850 1572 882 Cicerone
1598 849 1652 890 agi

914 893 936 923 l.
963 903 992 923 c.
1019 894 1161 933 vectigal
1191 897 1304 924 autem
1333 905 1351 925 e
1376 895 1478 925 servis
1509 893 1654 925 venditis

913 937 1021 977 primo
1043 937 1153 976 quoad
1176 947 1355 968 numerum
1373 939 1542 968 incertum
1567 947 1653 976 esse,

914 980 1033 1010 deinde
1051 981 1090 1010 ab
1114 980 1267 1020 Augusto
1291 982 1500 1012 institutum.
1520 981 1563 1012 cf.
1581 980 1654 1012 Ma-

913 1025 998 1063 gnit.
1023 1024 1119 1054 Rom.
1136 1025 1169 1054 ii.
1183 1027 1215 1054 4.
1247 1025 1334 1065 Ergo
1349 1025 1389 1056 de
1412 1027 1563 1056 vicesima
1582 1034 1654 1055 ma-

902 1065 1159 1098 ‘numissionum
1175 1073 1313 1098 tantum
1324 1078 1433 1100 sermo
1449 1074 1511 1099 est.
1528 1068 1570 1099 cf.
1587 1068 1653 1099 Cu·-

905 1112 973 1150 jac.
998 1112 1078 1142 ObS.
1094 1112 1137 1141 ix.
1154 1113 1206 1142 524.
1237 1112 1323 1152 inpr.
1347 1111 1463 1143 Burm.
1482 1112 1522 1142 de
1537 1112 1654 1143 Vecti-

911 1154 977 1194 gal.
996 1165 1024 1186 c.
1045 1159 1096 1186 10.
1122 1155 1141 1173 ²*
1153 1155 1246 1186 Verr.
1264 1156 1298 1185 ii.
1314 1159 1367 1190 75.
1396 1156 1512 1186 scribit
1525 1163 1579 1186 ns.
1595 1163 1652 1186 Lx.

910 1199 1014 1229 socios
1031 1199 1212 1239 perdidisse
1224 1209 1264 1229 ex
1275 1200 1426 1230 vicesima
1443 1199 1653 1240 portoriiSy-

911 1243 1048 1273 racusis.
1066 1243 1224 1273 Vicesima
1238 1243 1377 1283 portorii
1388 1248 1440 1273 est
1453 1244 1563 1284 ipsum
1576 1252 1652 1283 por·

909 1287 1050 1323 torium,
1065 1288 1159 1326 cujus
1183 1286 1320 1317 nomine
1344 1286 1486 1317 dabatur
1499 1287 1652 1317 vwesima

909 1340 985 1370 pars
1002 1340 1127 1366 rerum,
1144 1340 1218 1369 quae
1233 1330 1507 1370 exportabantur.
1553 1330 1652 1360 Cete-

910 1383 985 1403 rum
1010 1373 1098 1404 male
1123 1374 1188 1404 huc
1212 1374 1312 1404 refert
1335 1373 1576 1405 Hotomannus
1591 1383 1652 1405 au·

908 1427 983 1447 rum
1006 1419 1260 1455 vicesimariwm
1277 1417 1366 1456 quod
1379 1418 1445 1448 fuit
1460 1427 1478 1447 e
1492 1417 1654 1448 vicesimis

908 1461 1225 1499 manumissionum,
1245 1470 1312 1491 non
1335 1462 1488 1501 portorii,
1503 1465 1544 1492 ut
1567 1460 1650 1491 vidit

907 1504 1041 1546 Lipsius
1058 1505 1100 1535 ad
1113 1504 1222 1536 Tacit.
1239 1505 1303 1535 loc.
1319 1506 1378 1536 cit.

954 1547 1156 1579 Vicissitudo.
1204 1548 1378 1589 permistio
1413 1552 1451 1579 et
1486 1547 1650 1579 confusio.

906 1591 987 1622 Nat.
1019 1593 1064 1623 D.
1095 1593 1130 1623 ii.
1161 1595 1214 1623 33.
1251 1593 1471 1623 vicissitudine
1505 1595 1650 1632 quatuor

907 1644 1070 1673 generum
1098 1645 1274 1676 corporum
1303 1636 1423 1666 mundi
1449 1635 1650 1666 continuata

906 1686 1029 1710 natura
1044 1684 1105 1710 est.

952 1723 1062 1753 Victor
1076 1722 1166 1753 belli.
1190 1722 1280 1753 Mur.
1299 1725 1349 1753 14.
1367 1732 1398 1753 v.
1415 1722 1560 1754 vincere.

951 1767 1108 1804 Victoria,
1124 1766 1164 1796 de
1181 1776 1233 1802 eo,
1249 1767 1305 1805 qui
1321 1775 1456 1796 causam
1471 1767 1507 1796 in
1516 1765 1648 1806 judicio

905 1810 1046 1840 obtinet.
1077 1810 1153 1840 Act.
1175 1811 1197 1840 i.
1213 1810 1306 1840 Verr.
1328 1812 1378 1840 14.
1408 1819 1443 1840 se
1459 1809 1647 1840 avarissimi

905 1853 1050 1884 hominis
1080 1853 1258 1894 cupiditati
1287 1854 1369 1884 satis
1396 1853 1506 1884 facere
1536 1862 1646 1894 posse,

906 1898 1155 1928 nocentissimae
1173 1898 1312 1928 victmw'oe
1326 1906 1394 1927 non
1409 1906 1517 1937 posse.

951 1941 1161 1972 Victoriolas.
1192 1940 1288 1971 Font.
1317 1943 1348 1971 5.
1379 1950 1503 1971 numus
1531 1939 1649 1971 Victo-

904 1985 963 2015 riae
986 1985 1132 2024 imagine
1156 1985 1322 2024 signatus,
1337 1983 1377 2014 de
1400 1994 1466 2023 quo
1490 1984 1576 2016 Plin.
1601 1983 1646 2015 H.

904 2029 947 2060 N.
963 2029 1078 2059 xxxiii.
1096 2032 1126 2060 3.
1152 2029 1259 2059 valuit
1274 2028 1356 2058 duos
1372 2028 1554 2058 sestertios.

950 2072 1092 2103 Victrix.
1123 2072 1194 2102 Att.
1217 2081 1248 2102 v.
1275 2073 1327 2103 2⁷1.
1358 2081 1425 2111 quo
1451 2071 1505 2102 die
1535 2070 1643 2102 literae

901 2118 1050 2147 victrices
1072 2116 1176 2146 Cassii
1193 2116 1227 2145 in
1243 2119 1364 2146 senatu
1378 2115 1526 2146 recitatae
1542 2118 1623 2145 sunt
1635 2126 1644 2144 x

901 2160 935 2190 h.
952 2170 981 2190 e.
999 2160 1130 2190 nunciae
1148 2160 1307 2190 victoriae.

947 2203 1115 2240 Videlicet,
1136 2203 1248 2233 videre
1274 2202 1366 2240 licet,
1391 2202 1488 2232 scito.
1518 2201 1592 2233 Att.
1616 2211 1645 2232 v.

904 2249 954 2278 11.
984 2247 1163 2278 Brundisio
1187 2256 1261 2286 quae
1283 2246 1346 2276 tibi
1369 2245 1519 2286 epistolae
1535 2244 1646 2275 reddi-

898 2295 944 2321 tae
967 2297 1047 2321 sunt
1070 2291 1142 2322 sine
1165 2300 1253 2327 mea,
1270 2294 1344 2320 tum
1367 2290 1513 2320 videlicet
1534 2288 1644 2326 datas,

899 2344 977 2365 cum
1001 2344 1064 2374 ego
1088 2344 1142 2364 me
1164 2343 1233 2364 non
1247 2332 1334 2364 belle
1350 2333 1520 2363 haberem.
1564 2331 1644 2363 Scil.

898 2377 1157 2418 intelligendum
1173 2381 1225 2408 est
1239 2386 1323 2407 esse.
1369 2376 1432 2407 Est
1446 2376 1538 2406 enim
1553 2375 1643 2415 apud

897 2427 1027 2452 veteres
1050 2421 1221 2452 interdum
1242 2421 1485 2451 videlicetcum
1501 2419 1644 2449 infiniti·

897 2474 949 2495 vo.
974 2476 1005 2496 v.
1022 2465 1130 2496 Graev.
1145 2464 1187 2495 ad
1202 2464 1236 2495 h.
1253 2464 1277 2495 l.
1292 2464 1432 2498 Plautus
1445 2463 1578 2494 Asinar.
1595 2462 1643 2493 iii.

897 2512 929 2540 3.
959 2509 1103 2540 videlecet
1131 2508 1300 2546 Solonem,
1323 2507 1413 2546 leges
1436 2511 1476 2537 ut
1497 2506 1644 2541 conseri-2

896 2552 974 2591 bat;
1001 2563 1100 2592 quem
1117 2552 1229 2582 locum
1242 2551 1389 2582 vindicat
1404 2550 1548 2584 Gronov.
1562 2549 1642 2580 Obs.

895 2596 943 2627 iii.
959 2601 991 2630 9.
1015 2606 1047 2636 p.
1064 2599 1137 2631 509.
1161 2595 1204 2626 cf.
1227 2595 1366 2625 scilicet.

943 2639 1074 2677 Videre,
1105 2640 1267 2679 cogitare,
1296 2638 1332 2668 in
1364 2638 1478 2668 animo
1507 2636 1643 2667 habere.

897 2683 955 2714 Or.
988 2684 1010 2713 i.
1046 2684 1098 2714 62.
1144 2683 1251 2722 majus
1287 2681 1446 2722 quiddam
1483 2681 1644 2711 videbam.

898 2727 1154 2757 *considerara
1201 2725 1336 2756 Cluent.
1367 2727 1419 2757 58.
1460 2734 1540 2755 cuin
1569 2723 1645 2756 haee

896 2775 977 2800 sunt
997 2771 1149 2801 videnda.
1181 2769 1388 2809 *explicare
1420 2768 1515 2799 Verr.
1537 2767 1572 2798 ii.
1588 2767 1642 2798 61.

896 2814 961 2845 alio
988 2813 1061 2848 loco
1091 2813 1292 2846 ‹ie-«videro.
1328 2812 1502 2844 ¹*consilio
1529 2811 1642 2850 aliquo
