1804 3178
620 84 666 113 ΙΝ
673 85 767 113 DEX
799 84 898 112 LAT!
906 85 930 111 N
940 87 1052 113 lTATl
1059 87 1091 114 5.

94 178 138 202 eo
157 169 343 202 distrahere
365 180 516 209 conarer,
532 180 577 201 sc.
603 175 642 202 ut
665 181 707 201 ne
730 172 773 202 sit
796 171 826 201 ci

92 214 233 245 amicus.
412 243 418 248 .

138 256 310 289 Distribuo
332 268 391 299 pro
406 257 556 289 describo
579 258 614 288 in
637 267 737 289 sensu
761 259 824 288 im-

91 302 243 340 pen-andi.
282 302 375 333 Verr.
400 302 446 333 iii.
468 304 522 336 70.
559 302 586 332 si
618 302 717 332 lectio
744 311 825 332 sana

92 350 156 375 est.

135 388 334 427 Distu-ibim,
349 388 500 420 adhibita
514 399 676 428 generum
701 390 734 419 in
759 389 823 419 l'or-

93 441 164 462 mas
187 433 431 463 distributione.
470 433 571 464 Tusc.
595 434 628 463 ii.
652 436 682 464 3.
713 433 824 466 distri-

90 476 165 506 bute
188 476 344 508 scribere.
382 475 453 506 lnv.
478 477 513 507 ii.
537 481 588 512 59.
619 478 822 507 distributius

89 523 247 551 tractare.

133 562 344 594 Distributio.
374 563 499 595 Heren.
514 564 560 595 iii.
577 566 608 595 Q,
638 574 744 604 genus
767 574 822 595 vo-

87 605 136 636 cis
150 610 332 638 contentae.

131 648 349 682 Distu-ibatur.
374 651 437 682 Pis.
459 655 508 683 15.
532 652 755 682 distributores
770 658 821 682 ta-

88 691 266 731 bellarum,
282 694 362 724 alias
378 695 576 726 diribitores.
601 706 630 726 v.
647 702 717 725 not.

130 736 321 768 Dim-ictus.
359 739 401 778 Ω.
428 739 478 770 Fr.
503 740 535 770 ii.
571 740 619 770 16.
660 749 681 769 a
711 738 819 769 causis

85 779 273 814 diser-ictum
295 792 377 812 esse.
410 783 451 813 ad
475 782 550 815 Div.
574 783 609 813 ii.
631 785 680 813 15.
711 783 821 813 distri-

82 827 158 855 τηε
183 825 265 857 mihi
291 825 412 856 videris
439 835 523 864 esse,
545 826 634 866 quod
657 832 691 856 et
715 826 819 858 bonus

85 868 166 899 civis
195 873 232 900 et
259 869 365 900 bonus
399 871 526 900 amicus
554 880 611 900 es:
651 869 683 899 h.
706 879 735 900 e.
760 879 819 900 ne-

82 912 164 950 scis,
175 922 335 952 quorsum
352 919 387 943 te
402 917 524 951 vertas,
537 918 651 945 utrum
663 913 704 943 ad
722 914 818 944 Pom-

84 956 213 995 peium,
228 956 317 995 quod
333 961 385 987 est
402 957 479 988 boni
504 958 597 995 civis,
615 966 656 988 an
680 957 722 987 ad
746 957 817 988 (Σει-

82 1008 206 1037 sarem,
229 999 317 1039 quod
340 1010 376 1031 es
398 1001 429 1031 ei
453 1001 590 1032 amicus.
622 1002 818 1032 *districtus

82 1042 244 1074 confundi
267 1053 346 1074 cum
369 1044 548 1075 destrictus
564 1055 665 1086 supra
679 1045 817 1075 demon-

81 1090 227 1117 stratum
244 1093 306 1118 est.

125 1129 381 1170 Dithyrambici.
410 1132 488 1172 Opt.
515 1141 590 1172 gen.
614 1131 678 1162 dic.
699 1136 725 1163 1.
757 1131 818 1164 Est

80 1182 188 1212 genus
204 1178 394 1215 poetarum,
407 1185 428 1205 a
441 1176 656 1216 dithyrambis
672 1175 815 1214 dictum,

79 1215 115 1249 h.
129 1227 159 1248 e.
181 1220 400 1256 carminibus,
416 1220 548 1260 proprie
572 1220 607 1250 in
630 1219 815 1258 Bacchum,

81 1260 202 1292 deinde
219 1263 387 1301 omnibus,
404 1264 439 1293 iu
456 1263 577 1302 quibus
600 1263 716 1294 eadem
739 1264 816 1294 sub-

80 1304 206 1336 limitas
222 1312 258 1336 et
273 1306 415 1337 audacia
429 1312 492 1344 est,
507 1314 608 1346 atque
625 1307 660 1337 in
675 1307 714 1337 iis
730 1306 814 1338 sole-

77 1347 149 1387 bat,
162 1359 236 1388 quae
251 1350 287 1380 in
301 1350 473 1381 Bacchum
488 1356 595 1381 erant.

121 1391 378 1432 Duhyrambus,
401 1404 508 1434 genus
540 1394 643 1435 pedis.
684 1394 740 1426 Or.
765 1395 813 1427 iii.

119 1479 227 1518 Ditio,
243 1479 284 1511 de
301 1480 375 1513 diis,
404 1481 486 1521 ch.
504 1482 537 1512 ii.
552 1485 583 1516 7.
613 1491 654 1512 ea
668 1492 741 1520 quae
758 1492 815 1522 ge-

74 1529 207 1562 rantur,
227 1524 367 1555 deorum
391 1526 462 1565 geri
485 1526 528 1563 vi,
542 1526 671 1563 ditione,
689 1535 727 1555 ac
752 1536 814 1556 nu-

77 1567 182 1598 mine.
214 1568 287 1599 *de
310 1579 362 1606 eo,
379 1570 433 1599 cui
456 1569 543 1600 alter
566 1570 727 1600 obnoxius
751 1575 813 1600 est.

75 1610 170 1642 Verr.
186 1610 215 1643 'i.
234 1614 288 1646 37.
320 1612 478 1651 Scaurus,
495 1613 551 1652 qui
577 1614 638 1643 Cn.
655 1613 812 1644 Dolabel·

78 1653 145 1686 lam
167 1656 352 1694 accusavit,
375 1657 478 1687 istum
504 1657 539 1687 in
562 1667 623 1687 sua
645 1662 810 1696 potestate

74 1708 115 1729 ac
132 1699 250 1730 ditione
264 1700 395 1730 tenuit:
421 1699 453 1730 h.
471 1710 500 1730 e.
525 1701 574 1731 ita
596 1701 625 1730 ei
649 1701 810 1732 obnoxius

73 1741 154 1781 suit,
171 1748 223 1781 ut,
238 1753 314 1783 quae
331 1742 442 1781 vellet,
460 1752 578 1775 contra
598 1744 808 1776 Dolabellam

71 1785 201 1818 diceret
214 1796 273 1826 pro
287 1788 495 1818 testimonio.

114 1829 300 1862 Divertere.
323 1840 354 1861 v.
371 1831 554 1862 devertere.

113 1873 374 1905 Dia-erticulum.
409 1874 499 1905 Part.
528 1879 580 1910 39.
612 1875 807 1907 ‹livet-cicula

71 1918 219 1958 peccatis
242 1918 334 1956 darc,
351 1919 372 1949 i.
387 1929 417 1949 e.
441 1920 509 1950 vias
532 1919 714 1959 effugiendi
738 1929 806 1960 poe-

70 1970 142 1992 nas.

113 2004 286 2044 Dividere,
332 2005 552 2046 distinguere,
604 2006 805 2037 discerncre.

69 2046 152 2088 Leg.
169 2049 191 2079 i.
210 2050 260 2080 16.
291 2049 400 2089 legem
425 2051 546 2080 bonam
570 2060 590 2080 a
608 2051 697 2081 mala
713 2050 807 2081 nulla

68 2090 138 2122 alia
158 2093 222 2123 nisi
246 2096 375 2125 naturae
391 2103 510 2124 norma
523 2094 667 2125 dividere
689 2104 804 2134 possu-

67 2143 155 2167 mus.
183 2137 242 2168 Or.
266 2139 320 2170 32.
355 2137 511 2177 ambigue
535 2137 625 2168 dicta
645 2138 746 2168 dividi
769 2142 804 2168 et

65 2179 238 2220 explanari
252 2185 398 2222 oportet.
421 2181 490 2211 *ad
505 2181 582 2212 Div.
594 2181 615 2211 i.
632 2183 663 2212 2.
688 2186 803 2222 postu-

65 2221 173 2254 latum
190 2229 254 2263 est,
272 2230 311 2255 ut
334 2224 445 2255 Bibuli
463 2226 631 2255 sententia
645 2225 802 2256 diffidere-

66 2270 147 2298 tur.-
170 2267 204 2298 h.
219 2278 250 2299 e.
274 2272 325 2306 ut,
341 2270 499 2308 quoniam
515 2269 686 2300 sententia
699 2268 801 2299 Bibu-

65 2309 90 2342 li
105 2320 158 2342 res
181 2311 264 2343 duas
280 2313 484 2350 contineret,
500 2322 642 2352 quarum
657 2311 799 2344 alteram

65 2354 261 2395 probarent,
276 2356 418 2387 alteram
442 2366 508 2386 non
526 2357 630 2395 item;
655 2355 695 2386 de
708 2360 802 2387 utra-

66 2407 132 2438 que
155 2399 326 2439 sigillatim
349 2399 600 2436 decerneretur,
617 2409 658 2430 ne
681 2403 741 2430 aut
763 2410 801 2430 u-

65 2445 222 2482 tramque
238 2443 377 2484 probare
401 2450 460 2474 aut
484 2444 619 2483 rejicere
642 2452 800 2483 cogeren-

62 2488 132 2516 tur.
162 2486 204 2516 de
220 2487 283 2518 hoc
302 2497 393 2518 more
409 2487 576 2518 senatorio
591 2487 798 2528 postulandi,

65 2532 106 2560 ut
141 2531 311 2562 sententia
354 2532 535 2567 diffidatur,
574 2541 603 2560 v.
650 2530 797 2561 Brisson.

63 2571 174 2604 Form.
191 2574 227 2605 ii.
243 2578 295 2610 59.
325 2580 361 2605 et
381 2576 466 2606 viros
481 2575 568 2605 doct.
584 2574 626 2604 ad
642 2573 726 2605 Plin.
742 2584 795 2614 ep.

61 2615 133 2646 viii.
154 2619 204 2649 14.

107 2659 284 2692 Divinare.
308 2661 443 2702 elegans
459 2666 510 2692 est
527 2661 619 2692 locus
636 2661 748 2692 Divin.
763 2661 796 2690 ii.

65 2705 98 2735 3.
130 2703 311 2736 dicendum
335 2706 417 2737 mihi
439 2712 491 2736 est
505 2706 544 2735 ad
561 2716 613 2743 ea,
630 2715 703 2744 quoe
720 2710 800 2734 sunt

64 2755 86 2776 a
106 2749 140 2777 te
163 2747 266 2786 dicta,
289 2750 347 2780 sed
370 2751 429 2787 ita,
454 2749 537 2780 nihil
561 2754 600 2780 ut
622 2750 798 2783 affirmem,

61 2799 210 2828 quaeram
227 2794 353 2831 omnia,
369 2794 526 2825 dubitans
543 2793 739 2834 plerumque
763 2797 800 2820 et

61 2833 146 2867 mihi
176 2835 246 2876 ipse
277 2837 441 2868 diffidens.
488 2837 521 2868 Si
553 2837 644 2867 enim
673 2834 798 2874 aliquid

59 2878 144 2909 certi
168 2877 338 2920 haberem,
354 2881 443 2920 quod
465 2881 626 2919 dicerem,
642 2888 704 2920 ego
727 2879 796 2919 ipse

1517 80 1595 125 :3511

867 172 1063 210 divinarem,
1076 174 1130 212 qui
1147 184 1216 204 csse
1230 174 1467 205 ‹livinaomu-n·
1487 187 1570 217 inc-gu
1585 191 1590 207 ;

869 214 902 246 11.
917 225 946 245 e.
963 225 1013 245 res
1029 216 1182 247 obscuras
1205 224 1239 248 et
1262 218 1404 248 incertas
1423 226 1514 250 certo
1529 220 1592 251 sci.

869 259 895 288 ri
912 264 947 289 et
964 258 1105 298 intelligi
1122 265 1228 299 possc',
1243 261 1330 300 quod
1345 261 1384 291 de
1408 261 1528 293 suturis
1543 264 1591 294 di-

867 302 933 332 vini
950 301 1077 332 dicunt.

912 345 1096 382 Divinatio,
1110 346 1143 376 in
1162 345 1230 376 foro
1246 352 1309 384 cst,
1322 358 1397 377 cum
1415 347 1454 377 de
1471 349 1591 378 consti·

865 389 993 420 tuendo
1010 396 1200 420 accusatore
1216 391 1395 429 qua‘ritur3
1425 391 1513 429 quod
1536 401 1589 429 ge-

866 443 929 464 nus
955 443 1064 464 causae
1095 443 1155 462 cnr
1179 433 1332 463 divinatio
1359 432 1501 471 dicatur,
1525 444 1590 466 uon

866 478 1082 507 consentiunt
1112 475 1341 507 Graminatici.
1378 476 1442 506 vid.
1471 478 1590 508 Ascon.

865 530 995 559 argum.
1026 520 1251 552 Divinationis
1283 521 1317 550 in
1350 519 1534 557 Caecilium,
1557 525 1592 551 et

864 563 949 595 Gell.
967 564 1008 595 N.
1026 564 1065 595 A.
1084 564 1117 594 ii.
1134 566 1165 595 4.
1199 564 1354 594 Occurrit
1378 563 1438 593 hoc
1455 564 1589 596 verbum

863 609 965 638 etiam
981 607 1023 638 ad
1037 608 1113 639 Div.
1130 608 1198 637 viii.
1216 610 1246 638 8.

906 651 1039 689 Divinis,
1055 651 1095 682 de
1119 651 1320 681 divinatione
1337 660 1446 680 rerum
1464 648 1590 680 futura-

863 705 951 732 rum,
968 696 1021 726 cui
1038 698 1175 724 eventus
1192 693 1378 734 respondet.
1407 695 1483 724 Div.
1501 694 1522 724 i.
1539 697 1589 724 55.

865 738 973 769 multa
987 739 1093 769 dit-ine
1115 747 1281 779 praesensa
1303 742 1337 767 et
1360 737 1518 778 praedicta
1540 747 1589 767 re-

863 783 975 823 periri.
1016 782 1085 812 Att.
1119 793 1148 812 x.
1179 785 1210 813 4.
1250 790 1420 820 nunquam
1452 780 1491 810 de
1522 790 1590 820 rep.

863 826 927 856 nisi
950 826 1057 856 divine
1079 826 1239 866 cogitavi:
1272 824 1305 855 11.
1330 835 1359 854 e.
1383 833 1591 864 quacunque

862 869 998 910 praedixi
1018 869 1053 900 in
1068 879 1137 909 rep.
1151 872 1324 908 evurutura,
1341 874 1535 898 evenerunt.
1561 877 1589 898 v.

860 914 966 944 Graev.
982 912 1024 943 ad
1043 913 1075 943 h.
1091 912 1114 944 1.

904 957 1087 995 Divinitas,
1111 960 1231 986 natura
1254 954 1377 992 divina,
1398 954 1499 985 Deus.
1529 954 1588 986 Di-

860 1001 928 1031 vin.
951 1001 985 1031 ii.
1006 1004 1054 1030 11.
1083 999 1170 1039 quod
1193 999 1324 1029 animus
1348 1000 1507 1039 arriperet
1530 1003 1591 1030 ant

861 1045 1028 1085 exciperet
1040 1045 1247 1074 extrinsecus
1259 1053 1297 1072 ex
1309 1043 1490 1079 divinitate,
1499 1042 1589 1072 unde

860 1098 975 1119 omncs
992 1088 1120 1118 animus
1136 1086 1270 1116 haustos
1284 1086 1490 1116 haberemus.
1514 1085 1589 1115 “di-

860 1131 996 1161 vinario.
1031 1131 1106 1162 Div.
1133 1131 1166 1160 ii.
1193 1132 1245 1161 38.
1275 1134 1360 1159 extr.
1390 1129 1429 1159 de
1458 1129 1588 1170 pupulis

861 1175 1020 1212 barbaris,
1034 1185 1053 1204 a
1067 1174 1185 1214 quibus
1200 1172 1359 1203 divinatio
1376 1173 1511 1202 inventa
1528 1182 1589 1213 pu-

859 1219 1012 1249 tabatur:
1039 1217 1148 1258 placet
1168 1218 1271 1257 igitur
1293 1216 1510 1246 humanitatis
1534 1227 1589 1246 ex-

859 1266 968 1302 pertes
983 1262 1164 1293 divinita-tis
1179 1267 1330 1293 auctores
1346 1259 1486 1290 habere?
1505 1259 1588 1290 ‘ex-

860 1305 1029 1342 cellmua,
1052 1304 1218 1337 excellens
1244 1304 1359 1339 virtus.
1397 1303 1454 1333 Or.
1477 1302 1511 1332 ii.
1536 1306 1587 1337 39.

859 1349 946 1380 unde
962 1354 1049 1381 esset
1071 1348 1131 1381 illa
1151 1352 1249 1381 tanta
1271 1351 1332 1378 tua
1354 1346 1388 1378 in
1412 1346 1518 1377 causis
1537 1346 1586 1376 di-

856 1395 986 1428 vmitas,

900 1437 1081 1475 Divinitas,
1105 1435 1144 1467 de
1173 1435 1389 1471 divinatione,
1413 1433 1466 1463 cui
1490 1442 1588 1464 even-

855 1485 912 1511 tus
928 1481 1108 1512 consentit.
1137 1480 1231 1510 Orat.
1248 1479 1268 1508 i.
1286 1482 1317 1512 7.
1347 1476 1454 1508 multa
1468 1475 1587 1507 divini-

855 1530 908 1555 tus
923 1535 943 1554 a
956 1524 1062 1555 tribus
1080 1523 1144 1554 illis
1164 1521 1391 1552 consularibus
1415 1519 1587 1560 deplorata

855 1568 1020 1599 narrabat.
1051 1568 1110 1598 διο.
1143 1565 1268 1596 *vern
1284 1565 1330 1595 iii.
1346 1565 1399 1598 76.
1428 1564 1585 1594 divinitus

855 1613 888 1642 in
913 1611 1065 1642 fraudem
1091 1610 1250 1647 incidere,
1273 1608 1306 1639 h.
1330 1618 1359 1639 e.
1385 1616 1483 1648 poena
1504 1617 1584 1646 qua-

856 1656 932 1686 dam
950 1666 970 1686 a
985 1655 1046 1686 deo
1062 1655 1220 1686 immissa.

896 1699 1052 1737 Divinus,
1075 1698 1131 1738 qui
1160 1695 1317 1738 praeclare
1341 1693 1466 1734 aliquid
1491 1693 1583 1724 facit.

851 1743 891 1784 Ω.
918 1743 969 1773 Fr.
995 1743 1029 1773 ii.
1053 1745 1083 1773 8.
1114 1744 1249 1771 senatus
1274 1738 1428 1778 frequens
1451 1738 1582 1767 dic-inus

850 1787 915 1817 fuit
937 1787 970 1817 in
993 1785 1237 1826 supplicatione
1261 1781 1466 1821 deneganda.
1497 1782 1582 1811 *va-

850 1834 911 1861 tes.
941 1831 1054 1861 Divin.
1079 1830 1112 1859 ii.
1137 1831 1167 1859 3.
1198 1827 1253 1867 qui
1277 1826 1380 1856 divini
1402 1824 1581 1855 habentur.

850 1874 892 1905 cf.
908 1874 951 1904 ib.
968 1874 989 1904 i.
1014 1876 1065 1904 53.
1096 1871 1202 1903 Graev.
1226 1870 1267 1900 ad
1291 1869 1360 1900 Ant.
1383 1878 1413 1898 x.
1438 1870 1469 1898 4.
1501 1867 1580 1897 ¹*res

849 1919 972 1956 dimna,
989 1927 1047 1957 pro
1062 1915 1235 1946 sacrificio.
1265 1913 1340 1944 Div.
1358 1912 1391 1942 ii.
1411 1914 1460 1941 10.
1492 1909 1575 1941 nihil

849 1962 949 1992 levari
966 1971 1000 1992 rc
1015 1961 1126 1990 diviua
1143 1962 1264 1999 potest.
1295 1955 1372 1986 ibid.
1401 1955 1515 1985 omnia
1530 1952 1577 1983 le-

849 2007 921 2036 vius
952 2014 1080 2041 casura,
1108 2003 1204 2034 rebus
1235 2001 1350 2031 divinis
1379 1997 1574 2038 procuratis.

847 2049 866 2067 ‘
879 2049 949 2079 Fin.
965 2049 998 2078 ii.
1021 2050 1067 2078 12.
1098 2045 1240 2077 scientia
1255 2044 1440 2074 divinarum
1459 2044 1493 2071 et
1515 2040 1576 2071 hu-

848 2102 1022 2123 manarum
1049 2100 1171 2121 reruni.
1208 2087 1308 2118 Tusc.
1331 2095 1360 2116 v.
1384 2089 1416 2116 3.
1447 2084 1575 2115 divina-

845 2147 922 2167 rum
953 2142 987 2166 et
1016 2135 1238 2165 humanarum
1270 2139 1378 2160 rerum
1408 2128 1573 2167 cognitio:

846 2187 899 2211 est
923 2179 1073 2210 definitio
1099 2175 1269 2217 sapientia:
1296 2184 1321 2203 s.
1343 2171 1573 2212 philosophiae,

845 2224 885 2255 de
912 2233 977 2263 qua
1003 2231 1110 2263 pauca
1139 2217 1278 2250 dicenda
1304 2216 1472 2251 videntur,
1493 2215 1573 2244 tiro-

846 2277 927 2298 num
959 2275 1068 2296 causa.
1113 2263 1248 2294 Scilicet
1277 2269 1327 2290 res
1349 2259 1466 2291 divina·
1490 2263 1571 2288 sunt

843 2311 992 2352 physica,
1008 2319 1081 2348 quae
1097 2312 1132 2338 et
1147 2305 1350 2342 theologiam
1368 2300 1571 2338 naturalem,

844 2364 943 2394 quam
960 2357 1092 2390 vocant,
1104 2361 1143 2381 cx
1161 2348 1264 2380 veteri
1277 2347 1468 2391 partitione,
1480 2354 1570 2375 com-

844 2399 1052 2439 plectuntur.
1102 2394 1202 2432 (Nam
1227 2396 1353 2422 veteres
1375 2393 1444 2420 tres
1461 2393 1571 2429 partes

843 2439 1059 2482 philosophiae
1089 2437 1268 2474 faciebant,
1291 2442 1431 2475 quarum
1463 2432 1573 2473 prima

843 2491 915 2516 erat
937 2494 989 2515 ars
1012 2479 1207 2520 disserendi,
1225 2480 1245 2510 i.
1269 2488 1298 2509 e.
1321 2476 1508 2512 dialectica,
1526 2474 1572 2504 al-

842 2534 915 2559 tera
930 2528 971 2558 de
995 2530 1127 2562 natura,
1142 2524 1245 2555 tertia
1267 2522 1306 2552 dc
1330 2519 1501 2557 moribus.)
1522 2527 1572 2548 res

844 2572 1000 2602 liumanae
1026 2575 1140 2604 autem
1164 2565 1340 2598 dialectica
1362 2568 1396 2593 et
1419 2562 1573 2592 doctrina

843 2616 884 2646 (le
908 2614 1054 2645 moribus
1077 2613 1247 2645 dicuntur.
1277 2609 1335 2639 Or.
1351 2609 1403 2638 34.
1433 2605 1571 2636 manin·-

843 2667 894 2689 stc
925 2659 1037 2690 divina
1059 2656 1218 2686 dicuntur
1240 2662 1298 2693 pro
1324 2649 1477 2692 pliysiciS.
1525 2648 1572 2678 Ea

842 2702 994 2733 definitio
1023 2705 1136 2730 autern
1161 2707 1228 2728 non
1252 2700 1303 2726 est
1329 2704 1349 2725 a
1374 2692 1491 2723 Stoicis
1517 2692 1572 2722 de-

846 2756 937 2776 mum
962 2743 1166 2783 excogitata,
1188 2739 1245 2771 scd
1268 2749 1288 2769 a
1309 2738 1443 2768 Socrate
1467 2734 1575 2785 prufe-

844 2795 912 2826 cta,
929 2794 963 2818 et
979 2789 1118 2818 fortasse
1141 2785 1204 2816 hoc
1229 2783 1299 2824 ipso
1323 2785 1373 2812 est
1396 2780 1574 2818 antiquior.

845 2833 931 2864 Nam
949 2831 1010 2861 etsi
1024 2831 1151 2871 primus
1168 2827 1223 2859 illc
1239 2826 1424 2857 doctrinam
1441 2830 1570 2870 morum

844 2874 1061 2918 philosophias
1081 2871 1247 2913 adjunxit,
1263 2875 1378 2900 tamen
1400 2866 1573 2896 dialectica

927 2928 948 2949 .,.
966 2921 984 2949 4
