1804 3235
261 217 597 289 INDEX
650 215 1458 292 GEOGRAPHICUS.

121 491 337 549 ABDERA,
354 511 430 542 urbs
447 509 611 545 Tliraciae,
629 519 737 540 crasso
753 509 847 546 cti-lo,

121 556 306 587 Democriti
323 556 439 596 patria.
458 556 562 585 Roma
578 554 706 584 Abdera
722 553 763 583 ad
778 554 848 583 Att.

121 600 163 629 iv.
185 601 233 630 16.
257 599 392 635 dicitur,
409 605 543 638 propter
564 605 733 636 stupori-m
757 607 850 626 sena-

118 647 242 673 torum.
260 652 290 672 ν.
309 642 380 672 lnd.
398 644 452 671 (ir.
471 640 655 683 ἁέδηςιτικὸι.
678 640 771 670 Unde
787 641 851 670 Ab·

118 686 248 722 det-iter,
266 685 306 715 de
323 685 400 716 Nat.
419 685 517 715 Deor.
536 686 555 714 i.
575 688 626 715 23.

161 729 306 768 Abydus,
321 728 478 769 oppidum
498 727 648 766 Troadis,
667 727 707 757 ad
724 726 850 757 Helles-

117 778 274 814 pontum,
291 784 309 802 e
326 773 458 811 regium.¹
475 772 571 801 Sesti.

159 816 365 852 Acarnania,
383 826 457 855 pars
480 815 616 845 Groeuiae
638 823 749 843 versus
765 814 850 843 occi-

118 858 255 890 dentem
277 859 319 889 ad
342 869 431 889 mare
456 858 584 888 lonium
610 859 697 887 inter
715 857 852 887 Ambra-

118 903 209 933 cium
227 903 337 932 sinum
354 909 387 932 et
404 902 583 932 Acheloum
602 901 751 930 fluvium.

161 947 272 977 Achai
288 953 322 976 et
337 947 463 982 Achivi,
482 944 593 985 populi
613 945 762 980 Graeciae,
781 953 855 983 pro-

116 990 189 1029 prie
212 990 268 1028 qui
290 989 448 1019 Achaiam
465 988 615 1019 incolunt
638 988 672 1018 in
697 987 855 1028 Pelopon-

117 1042 208 1064 neso.

158 1076 333 1113 Achaicus,
350 1074 425 1106 Act.
443 1076 464 1105 i.
482 1076 514 1105 in
532 1075 624 1105 Vei-r.
642 1076 673 1107 2.

160 1120 299 1156 Achaia,
316 1120 485 1160 provincia
508 1119 669 1156 Romana,
694 1117 853 1158 Pelopon-

117 1169 235 1194 nesum
259 1168 293 1193 et
316 1162 477 1193 Graeciam
501 1164 631 1202 proprie
658 1163 705 1191 sic
728 1163 851 1192 dictam

117 1215 194 1237 cum
203 1207 425 1246 circumjectis
437 1206 552 1236 insulis
569 1207 755 1236 continens.
774 1205 851 1236 Pro-

117 1250 188 1291 prie
205 1260 278 1290 pars
296 1250 524 1291 Peloponnesi,
543 1250 665 1280 isthmo
681 1249 799 1279 vicina.

159 1294 325 1332 Acherini,
350 1293 370 1324 l.
403 1295 449 1324 iii.
475 1294 507 1323 in
531 1293 622 1324 Vei-r.
646 1296 699 1324 43.
732 1292 851 1323 Siciliae

115 1336 272 1377 populus,
298 1338 427 1377 exiguae
458 1338 615 1374 civitatis,
642 1336 699 1366 sed
729 1337 852 1375 ignotae

115 1381 284 1411 veteribus
308 1381 507 1411 auctoribus.
555 1380 670 1419 ltaque
693 1380 852 1410 Cluverus

115 1423 180 1454 Sic.
197 1423 276 1454 Ant.
295 1425 328 1454 ii.
341 1426 372 1455 2.
389 1434 502 1454 vocem
513 1424 666 1454 vitiatam
681 1428 790 1463 putat,
804 1430 851 1461 et,

116 1467 278 1508 probante
301 1467 488 1504 Harduino,
513 1467 692 1506 legendum
718 1467 854 1506 conjicit

114 1510 266 1542 Scaevini
283 1521 303 1541 a
315 1512 452 1548 Schera,
464 1511 544 1541 urbe
561 1510 679 1541 Siciliae
697 1511 852 1540 mediter-

113 1563 224 1585 raneae
240 1565 352 1585 versus
367 1555 643 1595 septentrionem,
657 1555 745 1584 inter
761 1554 853 1594 Hyp—

113 1606 187 1628 sam
204 1602 239 1628 et
255 1599 451 1629 Crimissum
474 1598 623 1628 fluvium.
648 1599 709 1638 Ap.
735 1597 852 1628 Silium

114 1641 182 1671 viii.
221 1643 295 1677 269.
335 1647 541 1672 memoratur
571 1642 673 1681 pubes
703 1642 852 1680 liquentis

112 1685 241 1723 Acheti,
253 1695 312 1725 pro
324 1695 389 1724 quo
401 1685 488 1716 Dan.
502 1685 660 1715 Heinsius
675 1685 851 1723 scribebat,

117 1727 228 1759 Pubes
242 1730 385 1768 ingentis
405 1729 540 1761 Aclteti1
569 1729 625 1768 qui
640 1729 709 1768 ipse
734 1728 852 1759 fluvius

114 1776 174 1802 aut
190 1771 281 1803 locus
297 1773 431 1812 ignotus
444 1778 510 1802 est:
528 1772 616 1802 unde
633 1771 714 1802 illud
731 1782 853 1802 nomen

114 1817 204 1846 varie
226 1820 389 1847 tentatur.
437 1815 546 1846 Pubes
569 1816 685 1846 Acheti
715 1820 854 1856 possunt

114 1858 179 1889 dici
205 1859 365 1890 Achetini.
411 1859 455 1890 Et
481 1859 619 1889 fortasse
645 1860 692 1889 sic
718 1859 851 1899 scripsit

115 1899 243 1933 Cicero.
275 1904 339 1934 Sed
351 1903 542 1933 nildefinio.
578 1903 735 1933 Ceterum
746 1903 850 1933 semel

113 1944 168 1976 hic
191 1946 310 1977 dixisse
332 1947 495 1977 sufficiat:
529 1945 606 1976 Non
633 1946 739 1976 valere
763 1946 849 1976 hanc

112 1989 291 2027 rationem,
309 2000 374 2029 qua
395 1991 430 2020 in
447 1989 634 2029 hujusmodi
659 1990 848 2020 nominibus

111 2032 299 2073 Geographi
310 2039 345 2063 et
357 2033 472 2064 Critici
487 2043 574 2073 saepe
592 2038 753 2063 utuntur:
778 2034 851 2064 Hoc

111 2084 229 2106 nomen
259 2077 294 2106 in
324 2078 414 2107 nullo
444 2078 508 2107 alin
535 2081 667 2107 auctore
697 2079 848 2115 occurrit,

112 2127 190 2158 ergo
218 2121 373 2151 vitiatum
400 2124 458 2158 est,
482 2124 514 2150 et
542 2121 577 2150 in
599 2125 712 2151 notum
734 2130 850 2151 nomen

110 2164 319 2194 mutandum.
337 2164 420 2203 Quis
431 2164 521 2194 enim
534 2164 727 2201 contendat,
737 2165 850 2194 omnia

109 2205 183 2236 loca
197 2207 318 2247 exigua
327 2214 362 2237 et
373 2207 512 2238 obscura
523 2207 655 2245 Siciliae,
669 2213 728 2238 aut
739 2207 849 2245 cnius-

111 2260 254 2290 cumque
278 2251 434 2290 regionis,
456 2256 642 2281 memorata
662 2261 732 2281 esse
763 2252 848 2281 Gco-

110 2293 244 2334 graphis
275 2295 433 2333 antiquis,
457 2299 516 2324 aut
546 2293 617 2324 aliis
644 2295 846 2325 auctoribus.

110 2337 144 2367 Si
168 2337 215 2367 nil
237 2338 366 2375 variant
397 2337 490 2368 MSS.
515 2337 679 2377 meliores,
696 2343 755 2368 aut
777 2338 849 2378 ipsa

109 2381 196 2412 ratio
227 2381 401 2411 manifeste
439 2381 557 2411 vitium
589 2381 740 2411 lectionis
770 2391 848 2411 con-

108 2424 228 2462 vincit,
238 2425 284 2454 nil
295 2424 506 2454 tentandum.
533 2424 586 2454 Sic
596 2425 728 2464 judicat
743 2425 847 2456 etiam

110 2465 283 2499 Drakenb.
300 2468 341 2498 ad
356 2467 428 2498 Liv.
445 2468 512 2498 viii.
533 2470 581 2499 152.

151 2511 376 2548 Acmonenses,
392 2521 442 2552 pr.
461 2511 565 2542 Flacc.
586 2515 635 2543 15.
652 2511 768 2542 incolae
784 2511 847 2541 Ac—

110 2556 225 2584 moniae
247 2554 396 2594 Phrygiae
429 2564 569 2593 magnae.
614 2554 654 2584 ln
685 2554 848 2585 Hieroclis

109 2596 314 2636 Synecdcmo
338 2597 462 2637 ιὶκμῦνα
488 2598 621 2629 dicitur.
651 2598 692 2628 ad
716 2609 746 2637 q.
770 2597 792 2628 l.
816 2608 847 2628 v.

110 2639 362 2681 wesselingiu's,
387 2641 425 2671 V.
443 2642 480 2671 C.
525 2641 599 2672 Alia
621 2647 672 2672 est
690 2642 848 2672 Acmonia

110 2683 224 2715 Daciae
239 2684 387 2723 Traiani.
425 2684 551 2716 Vitiose
566 2685 640 2715 edd.
658 2690 740 2716 vett.
757 2694 846 2724 quae-

109 2727 185 2758 dam
202 2727 430 2759 AEnwnensee.

153 2771 336 2809 Aer-adina,
367 2771 418 2801 vel
449 2770 654 2810 Achradina,
685 2771 720 2802 in
749 2770 844 2802 Verr.

108 2812 165 2844 lib.
183 2814 225 2844 iv.
244 2819 295 2847 53.
313 2825 387 2855 pars
401 2815 649 2855 Syracusarum.

153 2857 363 2897 Acrag5anoe,
379 2858 445 2888 vid.
461 2859 678 2897 Agragianoe.

153 2901 347 2939 Aer-onoma,
357 2901 398 2932 ad
407 2901 479 2932 Att.
492 2903 559 2932 xiii.
571 2905 627 2938 40,
639 2902 729 2932 locus
742 2902 847 2931 incer-

110 2946 178 2975 tus.
223 2944 370 2988 Pithoeus
386 2944 422 2977 in
438 2946 587 2985 margine
609 2945 684 2977 libri
699 2945 751 2977 sui
767 2945 846 2977 scri·

896 507 959 547 psit
975 517 1058 538 sara
1069 508 1273 547 Arlwrmatia,
1286 511 1384 550 quod,
1397 514 1437 542 six
1447 525 1463 543 c
1480 523 1517 543 cx
1535 514 1625 552 inge-

897 552 964 586 nio,
988 552 1053 580 siu·
1085 563 1124 582 ex
1157 552 1238 583 libro
1264 563 1326 591 est,
1352 566 1416 586 non
1448 558 1624 589 absurdum

897 602 988 633 puto.
1037 594 1122 625 Nan:
1140 597 1332 628 Acheruntia
1358 601 1431 628 uros
1447 601 1572 640 Apulia·
1591 604 1624 632 in

898 638 966 667 alto
982 647 1058 668 saxo
1069 639 1216 677 jacebat,
1234 642 1319 671 unde
1336 643 1447 673 nidum
1464 645 1626 675 Acherun-

899 683 951 710 16ae
967 682 1111 721 appellat
1129 682 1296 714 Horatius.

942 726 1084 762 Actium,
1102 727 1177 756 urbs
1194 736 1227 757 et
1245 731 1503 768 promontorium
1529 731 1628 763 Acar—

897 769 1003 798 naniae
1020 779 1120 808 prope
1142 772 1250 801 sinum
1275 772 1499 809 Ambracium,
1517 786 1629 815 popina

897 811 1204 843 iuti-roctaviuniei
1214 815 1627 850 Antoniumnobilitatum.

941 856 1071 886 Aetium
1093 857 1248 895 (Imm-yut,
1266 859 1305 888 ad
1329 861 1398 890 Ati.
1417 862 1471 891 xii.
1488 864 1518 892 2.
1563 861 1629 892 Lo-

896 907 954 928 cus
971 908 996 928 s.
1015 905 1127 939 portus
1144 901 1258 931 insulae
1272 903 1434 943 (ξονι-μα’,
1446 907 1498 935 cui
1512 906 1628 936 insulas

901 951 1022 972 nomen
1052 943 1218 982 adjicitur,
1243 954 1283 975 ne
1314 957 1390 977 cum
1413 947 1508 978 Actio
1531 949 1631 980 Acar-

900 987 1007 1016 naniae
1024 987 1255 1018 confundatur.

942 1030 1140 1066 Aculanum,
1158 1031 1198 1061 ad
1214 1031 1284 1063 Att.
1304 1042 1354 1062 xv.
1372 1035 1402 1063 ⁶2.
1423 1040 1544 1074 putant
1560 1047 1631 1068 esse

898 1072 984 1103 idem
1002 1084 1077 1104 cum
1101 1073 1282 1112 AEcntuuo,
1300 1077 1386 1114 quod
1405 1085 1455 1109 est
1471 1081 1629 1120 oppidum

898 1117 932 1146 in
957 1117 1115 1157 Hirpinis.
1161 1120 1224 1149 Sed
1247 1120 1419 1150 Manutius
1447 1131 1559 1162 negat,
1583 1124 1632 1154 lo·

899 1170 976 1190 cum
998 1170 1116 1191 sanum
1140 1172 1223 1199 esse,
1247 1169 1281 1193 et
1305 1165 1437 1202 conjicit
1465 1166 1630 1197 Hercula-

897 1212 989 1242 num,
998 1205 1085 1243 quod
1098 1215 1161 1234 non
1174 1205 1270 1245 longe
1283 1207 1376 1238 abest
1387 1218 1406 1238 a
1419 1208 1629 1249 Pompeiano:

897 1257 956 1286 pro
971 1247 1182 1279 AEcnlanum
1201 1250 1322 1280 dicitur
1344 1257 1378 1280 et
1402 1252 1581 1292 lit-(auum,
1595 1255 1631 1285 iu

899 1289 1051 1322 Itinerar.
1069 1292 1191 1322 Anton.
1207 1293 1263 1323 ubi
1280 1293 1344 1323 xid.
1363 1294 1629 1336 wesselingium.

899 1334 985 1364 conf.
1003 1334 1102 1365 Goesii
1119 1335 1190 1366 lnd.
1210 1337 1242 1366 in
1262 1338 1376 1377 script.
1394 1338 1432 1368 R.
1450 1340 1528 1378 Agr.

941 1378 1127 1409 Adi-danum
1151 1390 1254 1418 mare,
1273 1381 1314 1410 ad
1336 1382 1406 1411 Att.
1431 1392 1461 1412 x.
1486 1387 1516 1417 7.
1545 1384 1633 1422 quod

897 1422 996 1461 vulgo
1027 1423 1233 1453 Adriaticum
1263 1424 1395 1455 dicitur.
1445 1427 1497 1456 Sic
1528 1428 1633 1459 etiam

898 1463 1020 1495 dicitur
1035 1467 1069 1495 in
1087 1466 1251 1504 Pisonem,
1268 1476 1303 1498 et
1319 1468 1406 1507 apud
1423 1462 1611 1501 Horatium.

940 1509 1253 1547 Adramiteuus‚0r.
1270 1521 1301 1550 p.
1320 1511 1424 1543 flacc.
1446 1516 1494 1544 13.
1512 1515 1537 1543 si
1556 1524 1635 1546 vera

897 1551 996 1582 lectio
1019 1560 1118 1590 esset,
1142 1559 1229 1583 esset
1251 1555 1291 1584 ab
1321 1555 1514 1593 Adi-amitis,
1538 1566 1632 1597 parte

897 1596 1099 1634 Sabaeorum,
1111 1598 1143 1626 in
1156 1597 1276 1628 Arabia
1285 1598 1384 1628 felici.
1398 1610 1409 1627 i
1419 1600 1461 1629 id.
1475 1599 1631 1632 Boc-hart.

899 1640 937 1669 G.
963 1639 993 1670 S.
1019 1650 1050 1680 p.
1076 1641 1096 1670 i.
1122 1640 1141 1670 1.
1167 1641 1200 1670 ii.
1233 1652 1261 1671 c.
1293 1645 1341 1673 13.
1391 1643 1455 1673 Sed
1486 1654 1551 1674 non
1583 1651 1636 1676 est

899 1683 1048 1721 dubium,
1073 1685 1165 1723 quin,
1190 1686 1378 1716 auctoribus
1409 1687 1515 1717 doctis
1542 1689 1632 1727 viris,

897 1726 1074 1766 legendum
1091 1728 1152 1758 sit:

940 1771 1210 1810 Adramyttenus,
1235 1772 1276 1802 ab
1298 1772 1514 1813 Adramytteo
1537 1785 1563 1805 s.
1587 1775 1631 1805 A·

898 1814 1091 1854 dramyttio,
1109 1815 1210 1845 nobili
1226 1815 1342 1856 Mysiae
1358 1817 1438 1847 urbe
1455 1818 1488 1848 in
1505 1820 1633 1849 mariti-

898 1868 954 1888 ma
968 1868 1035 1888 ora.

937 1902 1167 1940 Adrumetum,
1181 1913 1240 1942 pro
1252 1902 1356 1933 Flacc.
1374 1903 1533 1943 oppidum
1546 1905 1633 1936 Afri·

895 1955 941 1974 cae
958 1946 1110 1985 propriae,
1128 1946 1308 1986 Byzacenae
1326 1944 1502 1987 provinciae
1519 1955 1632 1988 caput.

895 1989 959 2018 Sed
989 1998 1055 2019 non
1086 1995 1137 2019 est
1167 1990 1401 2027 dubitandum,
1433 1992 1512 2029 quin
1552 2002 1630 2023 cum

895 2032 1024 2062 Graevio
1055 2033 1282 2073 recipiendum
1313 2034 1357 2063 sit
1388 2045 1405 2063 e
1433 2035 1626 2073 camerarii,

896 2075 1021 2112 Ursini,
1039 2076 1137 2116 Sylvii
1160 2078 1351 2114 conjectura
1371 2078 1628 2116 Adramyttium.

895 2119 982 2158 Quid
997 2120 1086 2149 enim
1103 2121 1319 2151 Adrumctum
1335 2121 1453 2151 Africae
1478 2122 1519 2151 ad
1544 2122 1629 2152 1¹1·ae-

892 2168 999 2193 torem
1017 2164 1101 2193 Asiae
1117 2165 1251 2202 ejusque
1269 2163 1413 2203 legatum
1428 2165 1439 2194 ?
1469 2163 1629 2197 Ceterum

893 2207 927 2236 in
941 2208 1074 2237 nomine
1085 2207 1288 2245 Adramyttii
1299 2208 1347 2237 ita
1360 2209 1487 2238 variant
1499 2215 1627 2238 veteres

893 2249 980 2287 libri,
997 2257 1035 2281 ut
1052 2260 1119 2280 non
1137 2252 1271 2287 mirum,
1289 2253 1315 2281 si
1333 2250 1520 2288 hujusmodi
1537 2261 1629 2282 error

894 2286 927 2323 in
940 2294 1008 2324 Civ-
1021 2304 1132 2324 ronem
1144 2295 1286 2333 irrepsit.
1300 2305 1328 2324 ν.
1343 2294 1471 2324 Duker.
1484 2295 1525 2324 ad
1535 2294 1629 2325 'rhu-

893 2337 964 2377 cyd.
982 2348 1012 2367 v.
1034 2341 1061 2368 1.
1079 2342 1114 2367 et
1130 2337 1323 2377 wesseling.
1340 2337 1382 2368 ad
1399 2338 1523 2369 Anton.
1547 2336 1627 2369 ltin.

892 2391 925 2421 p.
943 2384 1016 2414 335.

935 2426 1060 2462 AEdzci,
1079 2423 1190 2464 populi
1207 2424 1240 2453 in
1257 2423 1364 2454 Gallia
1379 2420 1606 2464 Lug-dunensi.

935 2468 1097 2507 AEgoeum
1114 2477 1218 2504 nem-e,
1241 2468 1329 2497 inter
1343 2468 1454 2498 Asiam
1471 2474 1505 2498 et
1522 2468 1628 2498 Euro-

894 2521 970 2551 pam
985 2525 995 2550 ;
1023 2512 1100 2541 hinc
1128 2511 1290 2541 Graeciam
1317 2511 1627 2552 Macedoniamque,

893 2554 984 2585 illinc
1001 2555 1131 2585 Cariam
1148 2560 1182 2584 et
1199 2554 1340 2592 Ioniam,
1357 2554 1505 2585 adluens.

935 2597 1201 2637 AEgimninsula
1218 2599 1250 2627 in
1267 2598 1340 2627 sinu
1358 2597 1526 2634 Saronico,
1539 2599 1629 2629 inter

893 2641 1017 2672 insulas
1039 2642 1175 2672 Graeciee
1187 2641 1348 2679 minores,
1364 2642 1453 2672 circa
1467 2641 1628 2683 Pelopon-

893 2694 1021 2715 nesum.

934 2728 1119 2767 AEginetae,
1151 2727 1190 2758 de
1221 2727 1315 2758 Offic.
1347 2726 1394 2758 iii.
1429 2731 1477 2759 11.
1510 2726 1627 2758 incolae

890 2772 1007 2802 insulae
1023 2772 1163 2811 AEginae.

934 2814 1094 2852 AEmilia,
1120 2815 1162 2846 ad
1189 2815 1264 2846 Div.
1289 2826 1320 2846 x.
1344 2814 1405 2854 Ep.
1429 2817 1481 2847 30.
1504 2812 1565 2844 Via
1591 2814 1628 2845 in

892 2856 1000 2888 Gallia
1021 2858 1208 2898 Cispadana
1229 2869 1249 2888 a
1265 2859 1434 2889 Placentia
1449 2857 1490 2888 ad
1505 2857 1626 2887 Arimi-

893 2910 988 2939 num,
1005 2901 1054 2932 ita
1068 2902 1170 2941 «licta,
1188 2903 1266 2944 quia
1280 2903 1321 2935 ab
1343 2901 1476 2933 AEmiuo
1499 2899 1625 2949 Lepido

891 2950 998 2977 strata
1012 2950 1075 2978 est.

968 2997 991 3020 υ
1007 2990 1026 3021 2
