1800 3131
155 174 235 213 228

160 275 217 301 tur
239 273 458 304 commentari.
481 272 500 292 ²*
514 274 665 315 particip.
688 278 885 305 commenta-

162 320 226 353 ms,
243 315 368 356 passive
395 317 488 348 Brut.
513 321 565 349 88.
588 327 648 348 sua
668 323 885 349 commentata

163 363 199 389 et
214 359 346 400 scripta.

212 402 504 435 commentariolus.
540 404 611 436 Fin.
636 405 677 435 iv.
702 408 733 435 4.
763 415 804 435 ne
829 415 885 435 ne-

163 454 253 476 cesse
277 448 320 477 sit
344 447 458 478 iisdem
480 448 520 478 de
536 448 633 479 rebus
647 458 778 489 semper
792 449 886 487 quasi

164 489 290 521 dictata
312 491 501 530 decantare,
524 502 630 531 neque
649 502 669 522 a
689 497 885 522 commenta—

162 534 251 564 riolis
273 535 341 565 suis
364 535 543 566 discedere.
567 535 600 565 h.
620 546 648 565 e.
667 546 687 565 a
702 535 834 572 libellis,
851 536 885 564 in

164 587 244 617 quos
261 582 427 619 praecepta
441 579 481 609 de
497 578 705 619 philosophia
716 579 885 609 memoriae

163 630 264 651 causa
279 623 515 661 congessimus.

213 665 477 696 Commentarius.
504 665 614 696 Rabir.
633 665 726 695 Perd.
740 668 769 696 5.
797 665 885 695 Com-

164 710 318 739 mentarz'i
343 719 473 748 regum,
496 715 577 739 sunt
599 709 686 745 libri,
710 709 743 738 in
768 709 885 748 quibus

164 752 252 791 leges
276 754 335 783 &c.
360 762 475 791 regum
498 752 630 792 scriptae
652 755 744 790 sunt,
768 757 807 782 ut
831 752 888 782 illa

161 796 356 825 constitutio
372 795 410 825 (le
421 795 604 833 judicando
618 795 797 835 perduelle.
822 795 885 825 Sed

168 839 394 869 Conmzenlarii
425 840 458 869 in
487 848 607 878 genere
634 844 714 869 sunt
740 839 827 876 libri,
850 839 884 869 in

161 883 280 921 quibus
293 884 461 912 memoriae.
474 892 574 912 causa
585 892 635 913 res
651 883 884 922 perscribimus

162 936 388 965 quascunque,
410 926 499 956 unde
524 925 563 955 de
587 926 708 956 tabulis
732 931 885 966 accepto-

162 979 235 998 rum
260 974 292 998 et
317 964 549 1009 expensorum,
566 969 606 999 de
621 969 744 1000 tabulis
762 970 885 1000 Censo-

162 1013 229 1049 riis‚
247 1012 336 1042 libris
354 1014 553 1043 Pontificum
570 1022 656 1053 saepe
673 1013 805 1043 dicitur.

208 1056 433 1087 Commentatio
458 1066 517 1096 pro
541 1056 758 1086 meditatione
778 1060 812 1087 et
828 1066 884 1086 ex-

158 1100 368 1138 ercitatione,
382 1110 410 1130 v.
424 1101 645 1130 commentari.
662 1099 763 1131 Tusc.
781 1100 815 1130 ii.
833 1103 881 1131 18.

157 1142 214 1174 Or.
238 1144 259 1173 i.
277 1146 329 1174 33.
353 1143 452 1174 Tusc.
469 1144 491 1174 i.
508 1147 560 1174 30.
587 1148 672 1174 extr.
688 1148 881 1175 commenta-

155 1188 198 1216 tio
224 1188 351 1218 mortis.
384 1187 463 1218 ibid.
494 1188 540 1218 iii.
575 1187 624 1218 16.
660 1190 882 1218 commentatio

155 1231 304 1270 parendi.

207 1274 357 1305 Commta.
398 1274 477 1305 Nat.
507 1275 550 1305 D.
582 1274 603 1305 i.
636 1277 685 1304 ll.
726 1275 876 1305 animum

156 1327 226 1347 esse
246 1328 304 1358 per
320 1324 475 1349 naturam
492 1328 603 1348 rerum
619 1327 752 1348 onmem
769 1319 880 1349 inten-

155 1365 229 1391 tum
246 1366 280 1392 et
292 1366 533 1393 commeant-em.

206 1406 449 1436 (onmoercium.
473 1405 565 1435 Verr.
583 1405 628 1435 iii.
647 1408 698 1436 40.
725 1415 879 1436 commer-

155 1450 242 1479 cium
259 1449 293 1478 in
310 1460 349 1479 eo
365 1460 444 1489 agro
460 1449 706 1479 panormitanis
724 1458 788 1479 non
804 1454 854 1480 est
870 1462 876 1479 τ

153 1502 213 1533 pro
230 1496 394 1532 potestate
409 1493 542 1522 emendi
559 1502 653 1531 agros
668 1505 674 1522 z
702 1493 741 1522 cf.
762 1493 795 1523 ii.
814 1496 866 1524 50.

204 1536 399 1567 commetiri.
420 1536 489 1566 Inv.
503 1537 523 1566 i.
537 1537 589 1568 2⁷6.
601 1537 778 1566 commetiri
801 1547 879 1567 cum

156 1585 321 1620 tempore,
336 1580 368 1610 h.
386 1590 414 1610 e.
432 1589 636 1620 comparare.

163 1626 165 1628 '
202 1624 393 1654 (imminui.
422 1623 495 1653 Att.
522 1624 562 1653 iv.
590 1626 620 1653 3.
659 1633 693 1652 re
726 1622 879 1653 familiari

153 1669 338 1698 comminui.
358 1666 377 1686 ³*
389 1667 453 1697 Off.
466 1666 499 1697 ii.
516 1669 564 1696 11.
586 1676 685 1705 quem
703 1666 739 1696 C.
756 1666 879 1697 Laelius

154 1716 277 1751 praetor
298 1711 396 1750 fregit
415 1714 449 1740 et
464 1710 663 1740 comminuit.
688 1713 708 1731 ἢ*
724 1710 878 1740 notabilis

153 1758 205 1784 est
228 1755 330 1784 etiam
354 1754 425 1784 haec
448 1753 567 1790 forma,
585 1753 626 1783 ad
650 1754 714 1783 Div
738 1754 806 1783 xiii.
830 1755 878 1785 12.

155 1807 222 1828 non
246 1804 285 1828 ut
308 1797 434 1836 aliquid
456 1797 496 1827 de
516 1796 807 1827 commendatione
823 1796 881 1828 illa

152 1843 384 1872 comminuam.

204 1885 398 1915 Ommziseea.
414 1884 494 1915 Nat..
508 1884 550 1915 D.
563 1884 595 1914 ii.
609 1887 660 1916 51.
676 1885 879 1915 commiscen-

155 1929 270 1959 dorum
287 1938 463 1968 corporum
478 1927 591 1959 libido.

203 1972 392 2003 commissio.
424 1972 495 2002 Att.
518 1972 583 2001 xvi.
606 1974 635 2002 5.
665 1973 881 2002 commissione

155 2014 348 2046 Graecorum‘
385 2015 608 2054 frequentiam
646 2024 714 2044 non
753 2014 877 2046 fuisse:

153 2064 234 2089 sunt
258 2059 326 2089 ludi
350 2059 469 2095 Graeci,
487 2058 673 2088 certamina
686 2058 880 2090 Graecorum

153 2103 186 2132 in
206 2103 323 2141 quibus
339 2103 446 2132 Graeci
463 2102 628 2139 homines,
641 2105 700 2132 aut
718 2107 807 2133 certe
822 2102 881 2132 ha-

153 2147 226 2176 bitu
250 2147 367 2176 Graeco
389 2147 647 2176 committuntur.
671 2145 788 2185 Itaque
808 2156 880 2186 per-

154 2191 203 2229 git
227 2189 360 2220 Cicero:
392 2190 480 2229 quod
503 2189 637 2228 quidem
663 2198 716 2219 me
740 2190 880 2220 minime

152 2233 283 2264 fefellit.
308 2233 378 2263 Scis
401 2234 506 2270 enim,
523 2233 602 2272 quid
622 2242 683 2272 ego
699 2232 739 2263 de
756 2233 880 2264 Graecis

155 2277 242 2307 ludis
259 2277 459 2307 existimem.
476 2276 562 2306 conf.
587 2276 666 2306 ibid.
682 2286 733 2307 xv.
752 2277 805 2307 26.

201 2321 427 2351 Commissura.
450 2320 530 2351 Nat.
547 2320 588 2350 D.
606 2320 640 2350 ii.
658 2323 709 2351 55.
730 2320 882 2351 Commis—

151 2373 239 2394 suroe
253 2364 376 2394 ossium
394 2365 453 2393 ἃς.

200 2408 412 2438 Committere.
438 2407 461 2436 F
464 2407 510 2437 in.
525 2406 572 2436 iii.
585 2409 616 2437 2.
632 2405 718 2438 ludis
734 2408 880 2438 commis-

149 2453 210 2481 sis:
237 2452 257 2481 i.
275 2462 302 2480 e.
321 2452 448 2490 coeptis.
471 2449 705 2490 *Simpliciter
727 2460 786 2491 pro
809 2461 879 2481 sce-

148 2493 199 2524 lus
216 2496 421 2524 committere.
445 2494 541 2524 Rosc.
562 2494 636 2523 Am.
654 2497 706 2525 ⁶20.
731 2504 809 2525 cum
826 2504 881 2524 ve-

148 2538 286 2568 risimile
309 2538 374 2568 erit
396 2537 539 2577 aliquem
552 2539 754 2568 commisisse.
769 2538 788 2556 ’κ
799 2538 881 2568 Clu-

148 2586 219 2611 ent:
232 2585 284 2615 37.
304 2583 502 2612 committere
512 2581 670 2618 multam,
683 2591 743 2620 pro
754 2581 878 2620 facere,

145 2635 211 2664 quo
235 2624 343 2655 multa
365 2625 485 2664 dignus
510 2625 568 2654 tias
593 2625 652 2654 διο.
678 2625 767 2654 Hinc
790 2635 878 2665 saepe

146 2669 268 2698 dicitur
291 2678 349 2708 pro
373 2678 424 2705 co,
449 2668 537 2707 quod
560 2677 619 2698 nos
644 2667 809 2698 dicimus:
841 2679 875 2699 es

144 2711 315 2742 versehen.
332 2715 370 2741 ut
393 2712 484 2741 Verr.
501 2713 522 2742 i.
537 2714 590 2741 43.
615 2721 715 2741 nemo
730 2714 875 2742 commit-

142 2760 234 2786 teret.
257 2754 276 2773 *ι
288 2755 384 2784 Rosc.
402 2755 476 2786 Am.
495 2758 524 2786 5.
549 2756 763 2785 committitur
780 2755 871 2793 judi-

140 2799 230 2828 cium
248 2798 336 2828 inter
351 2799 497 2836 sicarios,
515 2808 574 2838 pro
590 2798 743 2829 habetur.
769 2798 869 2829 ducto

137 2846 235 2882 tropo
258 2852 278 2871 a
299 2851 425 2881 pugna,
450 2851 523 2880 quae
550 2843 705 2872 committi
735 2842 870 2873 dicitur.

136 2885 156 2903 *²
170 2882 371 2916 Sich'wohin
385 2894 511 2923 wagen.
534 2884 631 2915 Rosc.
649 2885 684 2915 A.
703 2888 756 2917 23.
779 2896 868 2916 com-

136 2930 264 2960 mittere
281 2939 313 2958 se
331 2929 364 2958 in
382 2928 548 2958 conclave.
571 2928 664 2958 Verr.
679 2929 712 2960 ii.
730 2932 761 2960 4.
786 2939 870 2959 com-

136 2974 263 3003 mittere
285 2982 319 3003 sc
342 2972 376 3003 in
398 2975 615 3012 conspectum
633 2972 755 3011 populi.
779 2973 869 3004 Sext.

673 184 819 215 INDEX
840 185 1134 216 LATINITATIS.

929 278 982 307 54.
997 285 1031 305 se
1048 275 1178 306 theatro
1192 273 1379 314 populoque
1403 274 1500 305 Rom.
1521 276 1650 306 commi·-

928 320 1015 349 scrz't.
1045 318 1064 337 ’κ
1081 319 1223 358 Elegans
1254 323 1304 348 est
1327 319 1429 348 etiam
1453 318 1524 349 haec
1555 319 1651 349 ratio.

926 362 1020 393 Verr.
1038 362 1058 392 i.
1076 364 1128 393 3⁶2.
1151 365 1346 392 committere
1368 361 1578 392 incommoda
1593 372 1654 392 sua

928 405 1058 444 legibus
1073 410 1107 436 et
1116 405 1263 443 judiciis.
1280 406 1312 435 h.
1329 417 1358 435 e.
1374 415 1439 435 non
1455 407 1563 445 ipsum
1581 406 1653 436 vin-

930 449 1053 486 dicare,
1083 450 1140 479 sed
1167 449 1296 488 judicio
1330 449 1482 489 persequi
1514 449 1650 487 injurias

930 501 1016 522 suas.
1046 493 1140 523 *Est
1169 493 1271 523 etiam
1302 503 1361 533 pro
1391 492 1541 532 perdere,
1573 502 1650 522 cum

931 537 1172 574 committimus,
1195 542 1234 566 ut
1260 537 1385 575 aliquid
1409 540 1535 576 pereat.
1558 536 1651 566 Verr.

929 579 949 608 i.
975 582 1022 609 10.
1054 580 1088 610 ii.
1116 582 1165 610 14.
1196 580 1359 610 hereditas
1382 581 1562 617 commissa,
1579 579 1654 609 eine

930 622 1118 660 Erbschaft,
1136 622 1189 652 die
1211 623 1369 653 verfallen
1392 625 1446 654 ist.
1469 624 1523 653 Sic
1547 623 1654 653 Flave.

931 665 983 697 21.
1017 667 1183 696 commissa
1213 667 1345 697 fiducia.
1373 669 1428 698 ein
1458 666 1654 697 verfallenes

932 709 1051 746 Pfand,
1066 709 1261 750 hypothecae
1283 713 1466 748 commtssoe,
1481 715 1522 741 ut
1544 715 1594 740 est
1612 710 1654 739 ad

931 753 1006 783 Div.
1024 753 1092 782 xiii.
1109 754 1160 784 56.
1183 753 1262 783 hinc
1278 753 1555 794 duciturelegans
1570 755 1656 784 ratio

931 806 991 836 pro
1016 796 1115 826 Dom.
1132 799 1184 831 57.
1208 796 1339 827 devotio
1356 798 1507 827 convicta
1520 802 1554 828 et
1568 807 1652 827 com.-

931 840 1051 877 missa3
1083 850 1158 870 cum
1184 840 1307 870 accidit
1328 840 1373 877 id,
1390 841 1478 880 quod
1499 846 1578 871 voto
1599 851 1654 871 su-

929 887 1042 923 scepto
1055 894 1074 913 a
1085 884 1157 914 Diis
1173 884 1330 923 consequi
1345 884 1522 914 voluimus.

980 928 1196 958 Commodare.
1236 927 1331 958 Verr.
1364 928 1406 958 iv.
1433 930 1487 958 4⁶3.
1529 937 1651 957 nomen

931 980 1030 1001 suum
1055 971 1154 1001 alicui
1174 971 1215 1000 ad
1231 971 1487 1001 translationem
1504 971 1652 1001 criminis

914 1046 921 1051 .
929 1015 1138 1045 commodare.
1157 1014 1176 1033 *ζ
1185 1025 1243 1054 pro
1255 1016 1506 1052 accommodare,
1519 1014 1561 1044 ad
1573 1015 1651 1044 Div.

930 1058 997 1088 xiii.
1015 1061 1066 1089 53.
1091 1059 1120 1088 ei
1137 1063 1170 1088 te
1187 1059 1369 1089 commode&

976 1101 1150 1132 Commode.
1181 1102 1223 1131 ad
1244 1103 1321 1132 Div.
1346 1102 1390 1132 xi.
1413 1103 1465 1133 23.
1496 1101 1655 1132 commode

929 1144 968 1174 de
993 1145 1102 1184 aliquo
1126 1146 1260 1175 sentire.
1284 1155 1344 1185 pro
1363 1145 1484 1185 lepide,
1501 1150 1652 1176 venuste.

928 1189 1020 1219 Verr.
1036 1189 1077 1218 iv.
1094 1192 1154 1219 43..
1170 1188 1295 1228 aliquid
1315 1189 1423 1219 facete
1446 1194 1481 1219 et
1495 1189 1653 1220 commode

926 1232 1046 1262 dicere.

977 1276 1199 1306 Commoditas.
1224 1275 1392 1306 Inv.i.25.
1415 1276 1559 1316 corporis
1569 1286 1653 1306 com·

929 1320 1078 1356 modium,
1103 1320 1123 1350 i.
1148 1329 1177 1349 e.
1208 1318 1363 1349 habilitas
1393 1320 1435 1349 ad
1466 1329 1515 1349 res
1546 1321 1651 1350 varias

928 1363 1082 1402 agendas.
1120 1363 1216 1393 Rosc.
1247 1363 1320 1393 Am.
1352 1366 1382 1393 4.
1418 1363 1457 1393 de
1485 1362 1653 1401 elegantia

928 1407 1105 1437 orationis:
1132 1416 1240 1445 neque
1263 1407 1344 1436 satis
1359 1407 1518 1436 commode
1533 1416 1586 1436 me
1602 1407 1651 1436 di-

928 1461 1001 1480 cere
1026 1460 1119 1490 posse
1144 1450 1419 1489 intelligo—nam
1436 1450 1654 1480 commoditati

927 1495 1196 1533 ingenium——est
1228 1493 1482 1533 impedimento.
1528 1493 1581 1523 Sic
1612 1493 1652 1524 de

928 1537 1176 1577 pulchritudine
1200 1537 1317 1567 domus
1341 1538 1526 1576 acceperim
1550 1537 1614 1568 Off.
1631 1537 1652 1568 i.

927 1585 979 1614 39.
1012 1580 1054 1610 ad
1076 1591 1173 1611 usum
1198 1581 1468 1614 accommodanda
1483 1589 1534 1610 cst
1549 1581 1653 1611 aedifi-

927 1625 1024 1655 caudi
1048 1624 1247 1664 descriptio:
1273 1631 1308 1654 et
1330 1628 1445 1654 tamen
1465 1624 1659 1654 adhibenda.

927 1668 1101 1708 dignitatis
1116 1669 1407 1708 commoditatisque
1421 1668 1608 1708 diligentia.

976 1712 1192 1748 Cbnnnodzmn,
1213 1712 1285 1742 adv,
1300 1712 1364 1750 vix,
1377 1711 1485 1742 modo.
1501 1711 1570 1742 Att.
1584 1712 1652 1742 xiii.

931 1758 979 1788 19.
1031 1755 1234 1785 Commodum
1271 1755 1466 1785 discesserat
1504 1754 1652 1785 Hilarus.

927 1799 1005 1828 ibid.
1018 1799 1216 1828 commodum
1228 1808 1375 1838 egeram,
1386 1797 1654 1837 diligentissime.

975 1842 1191 1872 Commodum.
1212 1842 1283 1872 Fin.
1295 1852 1324 1871 v.
1337 1844 1388 1871 21.
1402 1842 1510 1881 prima
1523 1849 1652 1872 naturae

927 1887 1114 1916 commoda:
1154 1890 1236 1916 sunt
1262 1886 1454 1925 habilitates
1482 1886 1654 1925 propensi-

926 1939 1086 1969 one-sque,
1110 1939 1184 1968 quae
1206 1930 1323 1968 primae
1346 1939 1380 1958 se
1404 1930 1439 1959 in
1462 1928 1653 1959 hominibus

927 1978 1098 2010 exserunt,
1130 1978 1291 2012 tanquam
1329 1972 1479 2002 studium
1510 1972 1651 2010 sciendi,

926 2027 1005 2047 cum
1035 2016 1224 2046 hominibus
1254 2016 1405 2046 versandi
1436 2016 1495 2046 διο.
1531 2015 1653 2056 *quod

926 2060 1019 2090 nobis
1043 2060 1279 2090 commodatum
1293 2063 1353 2090 est.
1371 2060 1464 2090 Verr.
1481 2060 1522 2089 iv.
1539 2063 1571 2091 3.
1595 2059 1652 2099 qui

925 2104 1036 2134 forum
1063 2104 1234 2134 commodis
1255 2103 1440 2144 hospitum,
1464 2112 1531 2133 non
1551 2103 1650 2134 furtis

926 2148 1121 2178 nocentium
1149 2151 1319 2177 ornarent.
1350 2147 1415 2177 vid.
1444 2147 1582 2177 Salmas.
1610 2147 1652 2177 dc

927 2191 1026 2221 Usur.
1043 2201 1072 2222 c.
1089 2195 1119 2225 7.
1151 2191 1170 2209 *Ε
1182 2191 1320 2231 praemia
1335 2191 1493 2220 militum.
1512 2190 1553 2220 ad
1575 2190 1653 2221 Div.

926 2235 969 2265 xi.
988 2236 1018 2265 2.
1035 2238 1119 2265 extr.
1137 2234 1225 2274 quod
1242 2235 1281 2264 de
1296 2234 1464 2264 commodis
1479 2238 1652 2264 veterano-

926 2288 1000 2308 rum
1025 2278 1153 2309 laturus
1176 2282 1275 2308 esset.
1305 2277 1568 2317 *opportunitas
1591 2277 1652 2307 διο.

925 2322 966 2351 ad
989 2322 1058 2352 Att.
1076 2322 1140 2352 xvi.
1159 2324 1189 2353 2.
1212 2322 1411 2352 commodum
1426 2326 1580 2351 nostrum
1596 2330 1654 2350 ex-

924 2370 1058 2405 pectare
1072 2365 1182 2396 debet.
1196 2365 1386 2395 *Commodo
1395 2365 1526 2395 videtur
1538 2364 1652 2394 adver-

925 2408 1058 2439 bialiter
1081 2409 1158 2450 poni
1174 2418 1233 2448 pro
1248 2408 1409 2438 commode
1424 2408 1466 2438 ad
1489 2408 1565 2438 Div.
1581 2408 1603 2438 i.
1622 2411 1650 2438 1.

926 2453 960 2482 in
979 2452 1083 2489 libris,
1100 2453 1156 2492 qui
1173 2452 1310 2489 habent,
1327 2451 1416 2490 quod
1431 2452 1590 2481 commodo
1603 2450 1653 2481 fa—

924 2506 999 2525 cere
1013 2497 1127 2535 possis.
1145 2496 1207 2527 Sed
1220 2495 1276 2525 alii
1293 2495 1434 2531 addunt,
1447 2494 1652 2535 reipublicae‚

924 2539 977 2569 vel
1008 2539 1205 2579 intelligunt
1230 2544 1304 2576 tuo,
1333 2538 1422 2577 quod
1452 2538 1531 2568 alibi
1559 2538 1653 2568 addit

924 2583 1067 2613 Cicero:
1106 2583 1186 2613 ibid.
1216 2583 1280 2612 xvi.
1312 2585 1340 2612 1.
1379 2582 1467 2621 quod
1495 2581 1654 2612 commodo

923 2627 1114 2657 valitudinis
1130 2630 1198 2656 tuae
1214 2626 1286 2656 fieri
1301 2625 1417 2665 possit.

972 2670 1170 2706 Commodus,
1195 2669 1301 2705 mitis,
1332 2669 1388 2707 qui
1412 2678 1473 2698 nec
1496 2667 1593 2698 facile
1616 2668 1651 2698 in

921 2713 1018 2744 rebus
1037 2713 1176 2750 levibus,
1193 2722 1254 2742 nec
1271 2712 1369 2742 nimis
1387 2712 1551 2742 irascitur.
1583 2711 1649 2751 Qu.

923 2756 974 2787 Fr.
998 2758 1019 2788 i.
1048 2760 1074 2787 l.
1104 2760 1152 2788 13.
1187 2760 1286 2794 atque
1311 2755 1345 2785 in
1368 2755 1430 2785 hoc
1455 2764 1575 2794 genere
1603 2755 1652 2796 (in

921 2798 1107 2838 irascendo)
1134 2799 1242 2829 multo
1264 2803 1299 2828 te
1323 2808 1394 2828 esse
1419 2800 1491 2836 jam
1515 2807 1650 2828 commo·-

919 2844 1041 2874 diorcm
1068 2843 1302 2881 mitioremque
1329 2842 1505 2872 nunciant.
1530 2842 1647 2871 Partit.

919 2889 970 2917 22.
1003 2897 1054 2916 res
1070 2886 1239 2917 commodae
1253 2893 1288 2915 et
1303 2886 1518 2916 incommodae.

967 2930 1177 2962 Gsmmorarzt.
1195 2930 1252 2961 Or.
1265 2931 1317 2960 40.
1335 2930 1370 2960 in
1383 2929 1553 2961 sententia
1562 2937 1647 2960 com·

920 2983 1055 3004 moran.
