1800 3131
143 184 224 221 244

143 277 233 318 quod
248 281 299 310 est
313 279 348 309 in
364 287 403 308 eo
418 286 589 308 summum
601 283 636 309 et
646 280 868 320 praecipuum,

141 322 327 363 plurimum
342 322 444 358 valet,
461 322 496 351 in
511 331 577 361 quo
592 323 639 352 rei
658 333 791 353 summa
807 328 869 354 est.

143 365 240 398 Brut.
250 367 302 400 29.
319 375 388 395 rem
401 366 549 396 continet.
565 365 681 396 Partit.
691 368 744 401 29.
760 367 874 396 defen-

145 409 248 440 sionis
264 409 409 439 rationes
424 410 583 440 continent
597 419 723 440 causas,
747 409 817 440 Pin.
831 411 873 440 iv.

147 453 178 484 6.
202 452 291 492 quod
305 454 442 483 continet
457 452 712 493 philosophiam.
739 453 757 471 ²*
772 453 873 483 Conti-

146 497 220 527 neri
242 499 294 526 est
315 496 431 534 etiam,
454 496 598 536 pendere
629 506 669 526 ex
692 507 726 526 re
750 496 873 534 aliqua,

147 540 336 570 conservari
360 540 400 570 ab
424 540 547 578 aliquo.
577 540 677 570 Dom.
697 543 749 573 37.
780 549 874 569 meus

148 583 275 614 reditus
291 586 400 613 vestro
411 583 538 622 judicio
554 584 747 613 continetur.
766 582 872 612 Marc.

148 630 181 661 9.
212 627 283 657 vita
313 636 448 666 corpore
479 629 514 656 et
541 626 659 665 spiritu
685 626 876 656 continetur.

146 669 212 701 Off.
229 670 264 700 ii.
280 672 333 702 24.
354 670 447 700 nulla
458 679 509 699 res
521 669 754 699 vehementius
769 679 874 709 remp.

145 715 296 751 continet,
327 723 426 752 quam
458 712 550 742 fides.
598 714 618 733 *θ
636 712 794 743 Contineri
825 716 876 743 est

146 767 256 797 porro,
273 757 395 786 versari
411 757 445 786 in
462 766 496 786 re
521 755 640 794 aliqua.
670 755 763 786 Verr.
779 756 826 786 iii.
847 759 874 786 1.

146 800 209 830 hac
226 810 307 830 cura
318 800 533 829 retinebatur.
550 799 770 839 *reprimerffi
783 803 874 830 coer-

148 854 233 874 cere.
264 842 345 873 Har.
370 852 455 882 resp.
476 845 503 872 1.
532 842 701 872 furentem
724 843 877 874 exultan-

145 891 282 925 temque
296 885 450 916 continui.
475 885 679 916 *abstinere
701 887 758 917 Or.
775 887 808 917 ii.
822 890 875 918 20.

145 931 197 962 sin
221 929 318 969 plane
342 929 533 959 abhorrebit
555 933 589 959 et
614 930 679 960 erit
700 930 875 968 absurdus,

145 980 185 1004 ut
208 983 242 1003 se
266 974 437 1010 contineat,
462 976 522 1003 aut
547 972 589 1002 ad
611 973 703 1003 aliud
725 974 875 1006 studium

143 1015 336 1047 transferat.
358 1016 377 1034 *²
387 1017 540 1054 reticere,
552 1017 731 1054 custodire,
743 1027 785 1047 ne
801 1027 876 1058 pro-

145 1061 284 1090 feratur.
315 1060 373 1090 Or.
389 1060 423 1090 ii.
442 1062 493 1091 55.
519 1061 679 1090 continere
693 1060 793 1091 dicta.
818 1061 874 1091 Or.

148 1105 170 1134 i.
185 1106 238 1137 47.
270 1107 308 1133 ut
323 1113 373 1141 ea,
387 1113 461 1142 quae
473 1105 623 1141 continet,
640 1113 747 1142 neque
764 1104 827 1134 adh
834 1115 874 1135 uc

145 1146 477 1188 protulit—»explicet
496 1147 602 1185 nobis,
619 1153 654 1177 et
669 1147 726 1177 illa
741 1147 874 1178 dicendi

145 1191 305 1230 mysteria
321 1191 491 1220 enunciet.
518 1191 587 1221 Att.
603 1191 670 1221 xiii.
688 1194 722 1221 ‘ll
733 1214 740 1221 .
767 1197 806 1222 tu
822 1198 874 1222 ta-

145 1244 225 1265 men
241 1234 416 1264 commode
439 1234 568 1271 feceris,
583 1235 611 1264 si
634 1234 776 1274 reliquos
796 1236 871 1277 (int.

143 1276 258 1316 libros)
292 1279 497 1308 continueris.
528 1278 600 1308 *ad
630 1278 706 1309 Div.
737 1279 791 1309 vii.
822 1283 870 1314 19.

143 1322 383 1352 exercitatione
418 1331 637 1361 consequere:
678 1322 712 1351 in
743 1333 809 1361 qua
838 1328 872 1353 te

143 1374 204 1395 nos
221 1367 459 1395 continebimus.
490 1366 587 1396 Brut.
610 1369 662 1400 97.
693 1368 816 1396 contine
837 1370 872 1396 te

142 1409 178 1438 in
201 1410 268 1439 tuis
291 1409 490 1449 perennibus
513 1409 643 1439 studiis.
678 1408 697 1427 ’κ
714 1410 874 1440 Contineri

142 1452 285 1491 denique
302 1452 473 1490 dicuntur,
493 1462 567 1491 quae
584 1453 682 1482 firma
696 1458 788 1491 sunt,
805 1463 872 1484 non

142 1503 358 1535 rumpuntur.
387 1495 468 1526 Nat.
491 1496 533 1527 D.
557 1497 591 1526 ii.
617 1499 669 1531 Ξῖ.
700 1496 739 1526 de
766 1507 873 1527 mem-

139 1539 252 1569 branis
284 1539 476 1569 oculorum:
517 1539 637 1570 deinde
675 1540 801 1579 firmas,
832 1546 872 1571 ut

138 1584 390 1613 continerentur.

188 1626 446 1665 Contingere‚de
476 1636 511 1657 re
541 1626 640 1657 mala.
672 1627 736 1658 Off.
759 1628 792 1658 ii.
819 1631 868 1658 14.

140 1669 183 1700 ad
196 1670 273 1701 Div.
288 1671 330 1700 xi.
351 1671 400 1701 16.
431 1680 451 1700 a
473 1670 614 1700 Gabinio
630 1670 728 1701 Cons.
745 1672 870 1711 relega-

139 1718 195 1744 tus
223 1719 286 1751 est,
313 1714 402 1752 quod
428 1718 505 1744 ante
530 1715 563 1744 id
584 1718 719 1754 tempus
743 1716 805 1745 civi
828 1716 868 1746 R.

139 1759 272 1796 contigit
286 1758 423 1787 nemini.
453 1758 494 1788 cf.
512 1757 611 1788 Catil.
627 1759 648 1788 i.
665 1762 696 1792 7.
721 1758 821 1789 Tusc.
838 1770 869 1790 v.

139 1801 170 1831 6.
206 1800 295 1831 Nam
326 1800 406 1831 alias
438 1801 563 1832 dicitur
593 1801 634 1831 de
664 1812 698 1832 re
728 1802 808 1832 laeta
833 1807 867 1832 et

137 1843 236 1874 bona.

189 1886 393 1918 continuare.
427 1887 506 1926 Agr.
538 1889 584 1918 iii.
614 1892 646 1919 4.
676 1891 867 1921 continuare

138 1940 248 1970 agros,
273 1938 337 1968 est,
360 1941 437 1961 cum
465 1931 562 1961 multi
586 1931 683 1963 fundi
709 1937 867 1964 coemun-

138 1979 207 2012 tur,
219 1979 259 2004 ut
274 1984 333 2014 per
348 1974 487 2014 longum
504 1976 650 2015 spatium
664 1976 775 2007 nullus
789 1977 867 2007 alie-

137 2027 201 2048 nus
218 2018 339 2048 nostris
356 2018 553 2057 interjectus
577 2019 630 2049 sit.
679 2020 867 2052 continuavi

138 2062 237 2091 verba
252 2061 423 2100 dicuntur,
439 2072 517 2092 cum
540 2063 639 2093 verba
658 2063 769 2103 phrasi
785 2066 866 2104 jun-

139 2110 277 2144 guntur,
294 2105 346 2135 vel
368 2106 493 2146 periodi
517 2112 708 2138 struuntur.
738 2108 795 2138 Or.
821 2109 867 2139 iii.

137 2152 190 2183 37.

187 2191 397 2223 Continuatio.
429 2192 486 2223 Or.
516 2193 562 2223 iii.
590 2197 638 2225 13.
669 2196 866 2226 continuatio

137 2236 326 2274 verborum,
350 2240 402 2267 est
424 2236 590 2276 periodus.
617 2237 696 2267 Nat.
713 2238 756 2269 D.
773 2240 795 2269 i.
813 2242 866 2270 20.

137 2281 335 2310 continuatio
355 2289 544 2317 causarum,
560 2281 616 2320 qui
640 2281 737 2311 hodie
761 2292 866 2313 nexus

137 2322 272 2353 dicitur.
295 2324 372 2354 Div.
386 2324 420 2353 ii.
433 2325 484 2358 69.
508 2326 706 2355 continuatio
721 2330 865 2364 naturae,

137 2371 189 2396 est
211 2367 396 2405 συμπάθεια.
426 2367 507 2397 Nat.
530 2367 572 2398 D.
596 2368 617 2398 i.
638 2371 670 2398 4.
702 2376 752 2399 cst
774 2371 864 2400 enim

139 2409 339 2440 admirabilis
352 2412 546 2441 continuatio
561 2412 726 2450 seriesque
739 2423 864 2451 rerum,

137 2460 178 2482 ut
192 2453 258 2482 alia
273 2464 313 2483 ex
329 2453 394 2484 alia
416 2464 501 2484 nexa
523 2459 558 2484 et
581 2465 696 2486 omnes
720 2456 809 2487 inter
831 2466 865 2486 se

138 2500 225 2536 aptae
240 2496 471 2536 colligataeque
489 2498 674 2528 videantur.

188 2539 348 2571 Continuo.
376 2541 474 2572 Rose.
495 2541 569 2571 Am.
593 2545 646 2573 33.
677 2551 744 2572 non
767 2545 866 2574 conti-

137 2593 214 2620 nuo,
227 2584 252 2613 si
270 2594 323 2613 me
338 2585 373 2614 in
391 2594 525 2624 gregem
539 2586 733 2616 sicariorum
748 2591 864 2618 contu-

139 2626 176 2664 li,
193 2636 266 2656 sum
285 2627 434 2658 sicarius.
463 2629 502 2658 cf.
521 2630 578 2659 Or.
593 2629 627 2659 ii.
644 2633 698 2660 48.

188 2670 396 2711 Concor-quere
431 2672 553 2702 dicitur
587 2674 719 2713 proprie
754 2673 794 2703 de
825 2684 864 2705 eo

137 2717 233 2743 motu
263 2713 380 2752 hastae,
405 2720 464 2745 aut
495 2716 723 2756 cujuscunque
746 2717 866 2756 jaculi,

137 2766 203 2794 quo
235 2757 265 2786 ei
296 2760 455 2797 majorem
482 2760 548 2789 vim
574 2768 673 2798 atque
697 2761 863 2800 impetum

137 2799 304 2838 addimus,
328 2804 366 2831 ut
396 2803 561 2832 rotatione
589 2803 709 2842 gladio.
753 2805 864 2843 Atque

135 2843 163 2872 is
180 2847 291 2873 motus
306 2853 409 2883 eaque
429 2847 569 2884 agitatio
595 2848 645 2884 fit,
660 2857 720 2886 pro
734 2849 864 2878 ratione

128 2887 336 2926 jaculorum,
354 2892 413 2918 aut
429 2899 544 2927 manu,
559 2895 618 2920 aut
635 2891 792 2921 machina
805 2891 864 2922 ali-

136 2939 214 2968 qua,
253 2939 326 2969 quae
365 2931 444 2961 hinc
480 2936 690 2964 tormentum
729 2935 864 2965 dicitur.

130 2972 300 3016 Exempla
312 2975 427 3006 crebra
437 2979 517 3010 sunt
528 2977 616 3017 apud
629 2982 754 3017 poetas.
772 2979 862 3010 Hinc

651 192 798 221 INDEX
827 192 1122 223 LATINITATIS.

912 282 964 318 fit,
976 287 1028 319 ut,
1041 282 1198 321 quicquid
1210 280 1350 312 celerius
1362 285 1515 313 movetur
1525 285 1560 313 et
1574 280 1645 312 fera

911 329 981 364 tur,
998 327 1155 365 quicquid
1174 325 1404 356 vehementius
1419 329 1552 366 propter
1567 326 1642 356 bre-

913 369 1051 399 vitatem
1065 376 1124 399 aut
1140 370 1343 399 celeritatem
1356 369 1639 408 pronunciationis

912 412 1003 449 ferit,
1027 423 1100 451 quae
1123 414 1286 443 acutiores
1308 418 1388 442 sunt
1410 412 1642 451 brevioresque

913 456 1153 493 conclusiones,
1164 457 1281 495 quibus
1292 466 1387 496 paene
1397 456 1516 493 resisti,
1524 464 1642 494 quam-

913 499 960 528 vis
972 498 1076 536 falsis,
1085 504 1200 529 tamen
1209 510 1274 530 non
1286 505 1408 540 potest,
1419 499 1451 529 id
1460 508 1559 529 omne
1568 507 1640 528 cmi-
1681 507 1684 509 ’

912 543 1064 581 torqueri,
1088 547 1267 573 contortum
1291 543 1432 573 dicatur.
1477 541 1641 582 Exempla

913 594 953 615 ex
965 586 1140 626 praecipuis
1152 587 1327 625 generibus
1339 587 1409 616 haec
1421 589 1537 615 sunto:
1559 585 1640 615 Nat.

913 628 956 658 D.
973 628 995 658 i.
1016 631 1064 658 10.
1095 629 1211 668 globus
1235 630 1359 660 dicitur
1380 639 1504 667 magna
1526 627 1641 658 celeri-

913 675 985 701 tate
1014 675 1225 712 contorqueri.
1255 673 1311 703 Or.
1343 673 1378 703 ii.
1415 676 1460 707 17.
1492 672 1549 711 qui
1580 672 1641 712 (sc.

913 714 1013 744 homo
1036 715 1089 744 vel
1110 715 1256 755 animus)
1272 720 1444 756 tamquam
1469 715 1640 746 machina-

910 758 1004 788 tione
1024 757 1147 797 aliqua,
1161 762 1236 789 tum
1260 760 1301 789 ad
1323 760 1548 796 severitatem,
1562 763 1639 788 tum

913 802 955 831 ad
977 802 1207 832 remissionem
1230 803 1347 840 animi,
1370 808 1445 833 tum
1472 803 1516 833 ad
1536 802 1642 833 tristi·

912 846 996 875 tiam
1020 846 1079 875 &c.
1110 850 1162 876 est
1182 847 1445 886 contorquendus.
1473 847 1567 877 Orat.
1586 849 1640 880 70.

913 893 997 919 extr.
1024 889 1260 920 Demosthenis
1286 899 1354 920 non
1377 893 1448 919 tam
1475 890 1643 919 vibrarent

912 932 1058 962 fulmina
1071 933 1140 970 illa,
1157 933 1220 963 nisi
1245 933 1393 963 numeris
1410 937 1553 963 contorta
1574 932 1641 962 fer-

913 979 1039 1006 rentur.
1071 976 1170 1007 Tusc.
1187 977 1233 1006 iii.
1249 977 1301 1008 26.
1333 976 1373 1006 de
1392 976 1550 1006 AEschine
1571 975 1642 1006 De-

906 1019 1124 1056 ,mosthenem
1139 1026 1335 1050 accusante:
1361 1030 1441 1059 quas
1456 1019 1640 1050 sententias

915 1062 1065 1102 colligit?
1091 1074 1164 1102 quae
1186 1064 1286 1094 vcrba
1308 1063 1516 1103 contorquet?
1540 1066 1579 1093 ut
1601 1062 1642 1092 li-

913 1116 986 1136 cere
1003 1107 1131 1145 quidvis
1154 1107 1278 1137 rhetori
1301 1107 1482 1146 intelligas.
1510 1106 1588 1137 Div.
1605 1106 1641 1136 ii.

913 1152 963 1180 51.
994 1150 1130 1180 videsne
1153 1152 1269 1190 igitur,
1285 1161 1359 1189 quae
1383 1150 1484 1181 dubia
1504 1150 1584 1187 sint,
1601 1158 1642 1180 ea

912 1194 1000 1223 sumi
1015 1203 1075 1233 pro
1090 1195 1188 1224 certis
1211 1198 1309 1233 atque
1333 1194 1520 1225 concessis?
1546 1193 1641 1223 dein-

911 1237 951 1266 de
967 1242 1173 1276 contorquent
1188 1242 1223 1268 et
1238 1239 1287 1268 ita
1306 1237 1529 1268 concludunt:
1560 1237 1640 1268 Non

911 1281 1016 1320 igitur
1031 1281 1090 1311 &c.
1115 1282 1157 1311 cf.
1174 1285 1347 1319 contortus,
1364 1285 1514 1312 contorte.

960 1324 1116 1356 Contorte.
1149 1325 1190 1355 ad
1207 1326 1286 1356 Her.
1302 1325 1323 1355 i.
1339 1329 1371 1359 9.
1398 1324 1530 1354 Invent.
1546 1324 1568 1354 i.
1585 1325 1639 1356 20.

910 1368 1000 1398 inter
1030 1374 1198 1408 praecepta
1227 1368 1384 1398 narrandi
1411 1372 1479 1398 est:
1515 1366 1640 1407 nequid

909 1413 1117 1451 perturbate,
1134 1412 1258 1452 nequid
1274 1416 1412 1442 contorte
1430 1412 1579 1442 dicatur:
1603 1410 1639 1442 h.

910 1465 939 1485 e.
963 1456 1112 1485 obscure.
1143 1456 1196 1486 Sic
1219 1456 1275 1486 Or.
1293 1457 1315 1485 i.
1334 1458 1386 1486 58.
1414 1465 1466 1485 res
1489 1458 1641 1485 contorta·

909 1502 944 1528 et
967 1498 1127 1529 difficiles.
1173 1499 1233 1530 Est
1255 1504 1370 1529 autem
1393 1499 1433 1529 de
1457 1509 1497 1529 eo
1517 1507 1640 1538 genere

909 1542 1135 1580 obscuritatis,
1161 1542 1248 1582 quod
1273 1553 1314 1572 ex
1341 1542 1446 1572 nimia
1474 1541 1639 1572 brevitate

909 1586 1026 1623 oritur,
1043 1586 1130 1625 quod
1145 1587 1250 1616 oratio
1274 1587 1372 1616 nimis
1397 1587 1502 1616 brevis
1526 1585 1640 1622 citius,

909 1639 1009 1668 quam
1039 1630 1182 1669 intelligi
1218 1634 1341 1670 potest,
1370 1629 1638 1669 praetervehitur.

907 1672 1008 1703 Tusc.
1032 1674 1076 1703 iii.
1104 1677 1154 1704 10.
1183 1673 1454 1703 commemoratis
1484 1672 1637 1702 brevibus

907 1720 941 1746 et
957 1717 1042 1756 aptis
1059 1717 1149 1747 inter
1163 1727 1197 1747 se
1221 1716 1489 1746 conclusionibus
1511 1715 1640 1745 Stoico-

907 1769 1002 1789 rum:
1041 1761 1112 1790 haee
1139 1760 1386 1790 concluduntur
1408 1759 1594 1790 contortius
1618 1768 1639 1788 a

908 1804 1039 1834 Stoicis.

956 1847 1112 1877 Contorz'io
1143 1846 1301 1884 dexterae,
1328 1845 1409 1876 Her.
1434 1847 1477 1876 iv.
1507 1849 1556 1880 19.
1586 1848 1639 1876 est

907 1891 954 1920 vis
971 1896 1006 1920 et
1029 1892 1120 1921 nisus
1138 1891 1323 1928 jaculandi.
1353 1890 1424 1920 Fat.
1441 1893 1472 1921 8.
1508 1889 1637 1920 Cantor-

907 1936 1004 1965 tiones
1020 1935 1193 1971 orationis,
1211 1934 1250 1964 de
1268 1933 1536 1964 conclusionibus
1552 1933 1639 1963 diffi-

908 1978 1077 2008 cilioribus
1093 1983 1128 2008 et
1142 1977 1315 2008 fallacibus
1334 1977 1521 2018 Chrysippi.

955 2021 1167 2052 Contortulus.
1196 2021 1297 2052 Tusc.
1314 2021 1348 2052 ii.
1368 2024 1417 2052 18.
1449 2019 1637 2051 contortuloe

908 2065 1149 2096 conclusiones.

955 2108 1129 2139 Contortus.
1162 2109 1219 2139 Or.
1240 2109 1262 2139 i.
1279 2112 1330 2140 58.
1362 2118 1414 2138 res
1429 2111 1580 2138 contortoe
1601 2109 1638 2137 et

906 2151 1067 2182 difficiles.
1096 2152 1197 2182 Tusc.
1212 2162 1243 2182 v.
1261 2155 1312 2187 27.
1339 2155 1487 2182 contortae
1502 2149 1637 2180 conclu-

906 2197 1026 2226 siones.
1057 2196 1158 2225 Acad.
1183 2195 1226 2226 iv.
1250 2196 1302 2227 24.
1332 2199 1476 2226 contorta
1498 2198 1534 2224 et
1557 2203 1638 2223 acu-

906 2239 996 2269 leata
1009 2239 1227 2279 sophismata.
1254 2239 1297 2270 cf.
1313 2240 1347 2269 in
1364 2243 1583 2278 contorquere,
1600 2240 1636 2268 et

906 2288 1054 2314 contorte.

956 2326 1083 2357 Contra.
1114 2326 1192 2366 Agr.
1223 2325 1258 2356 ii.
1286 2328 1339 2357 33.
1364 2330 1479 2366 petere
1508 2327 1637 2361 contra,

907 2369 1030 2400 dicitur
1045 2370 1084 2400 de
1099 2370 1386 2409 competitoribus.
1410 2368 1587 2399 Muren.4.
1607 2367 1637 2397 si

906 2418 1005 2454 turpe
1021 2420 1133 2454 putas,
1148 2418 1183 2443 te
1199 2413 1373 2450 advocato,
1390 2412 1486 2442 illum
1510 2411 1636 2450 ipsum,

907 2467 1007 2496 quem
1023 2462 1137 2487 contra
1159 2457 1300 2493 veneris,
1317 2465 1418 2486 causa
1440 2454 1574 2485 cadere:
1600 2453 1635 2485 h.

907 2511 935 2531 e.
953 2511 1052 2540 quem
1069 2500 1243 2539 injudicio
1259 2500 1370 2538 aliquo
1381 2497 1637 2538 oppugnaveris.

906 2554 935 2575 v.
952 2545 1087 2575 Manut.
1104 2543 1146 2573 ad
1167 2543 1201 2573 h.
1219 2543 1240 2574 l.
1273 2543 1407 2573 Cluent.
1428 2544 1482 2572 48.
1512 2541 1540 2571 si
1563 2540 1636 2579 quis

905 2592 1020 2618 contra
1036 2587 1145 2618 dicere
1161 2586 1278 2617 vellet:
1303 2588 1324 2616 i.
1342 2596 1372 2616 e.
1387 2594 1555 2615 accusare.

954 2631 1147 2667 Contracho,
1164 2630 1318 2660 brevitas.
1342 2629 1413 2659 Att.
1429 2639 1460 2658 v.
1471 2631 1504 2658 4.
1523 2636 1636 2657 meam

903 2675 939 2704 in
968 2685 1008 2705 eo
1035 2674 1273 2715 parsimoniam
1299 2673 1474 2703 contractio
1502 2670 1636 2710 paginae

904 2718 1043 2748 indicat.
1068 2717 1185 2748 Partit.
1197 2717 1229 2747 6.
1251 2717 1462 2747 contractione
1477 2713 1636 2744 orationis

905 2762 945 2791 fit
957 2762 1148 2792 obscurum.
1180 2761 1380 2791 *contractio
1402 2767 1480 2789 cum
1503 2757 1544 2787 de
1564 2757 1635 2786 ani-

904 2815 960 2834 mo
986 2805 1121 2842 dicitur,
1144 2808 1195 2834 est
1217 2803 1322 2837 πάθος
1345 2803 1457 2839 triste,
1480 2805 1541 2831 aut
1562 2801 1638 2839 ejus

905 2849 1054 2879 effectus.
1084 2848 1185 2878 Tusc.
1200 2848 1241 2878 iv·
1259 2850 1311 2878 31.
1344 2846 1460 2876 eodem
1484 2844 1564 2874 vitio
1584 2846 1637 2874 est

905 2892 1022 2922 effusio
1031 2892 1134 2922 animi
1143 2891 1178 2920 in
1188 2890 1319 2927 laetitia,
1327 2900 1392 2929 quo
1400 2890 1436 2919 in
1444 2887 1556 2918 dolore
1564 2896 1638 2917 con·

905 2937 1032 2966 tractio.
1048 2935 1127 2965 ibid.
1137 2934 1158 2964 i.
1168 2937 1220 2969 37.
1236 2933 1325 2973 quod
1335 2934 1370 2964 in
1386 2933 1448 2963 hoc
1463 2933 1552 2962 inest
1563 2939 1638 2960 om»

908 2980 959 3010 nis
975 2979 1080 3010 animi
1095 2980 1282 3016 contractio,
1298 2987 1338 3008 ex
1355 2980 1449 3008 metu
1464 2973 1594 3010 mortiS.
