1804 3178
630 108 775 138 mnssx
806 109 939 138 LA'rm
948 111 1099 140 ΙΤΛΊῚΕ.

108 200 326 236 opponuntur
360 197 513 238 pecunie
546 200 683 236 ραι-κω.
722 196 833 227 Plane.

109 239 163 269 28.
180 248 307 277 nomen,
324 241 411 280 quod
426 245 538 278 urg-et,
553 240 741 270 dissolvere.
755 240 833 272 item

108 279 234 314 tolvei-e
258 284 329 315 Att.
346 286 387 314 vi.
404 286 436 315 2.
459 283 577 322 Quint.
598 287 629 314 4.
646 284 766 321 quibus
783 293 836 313 no-

110 326 252 357 minibus
267 327 443 367 pecuniam
460 326 568 356 curari
584 332 748 367 oportere.
766 328 835 356 Λα.

112 368 182 399 xiii.
214 372 266 404 29.
291 380 403 401 nomm
419 368 574 409 explicat.
596 370 660 399 xvi.
677 370 708 399 6.
724 380 835 400 ιιοηωη

109 412 239 452 expedi.
269 414 303 451 2)
321 413 461 443 debitor.
485 413 555 442 Att.
572 422 600 442 v.
617 414 669 442 21.
684 422 760 442 nam
779 418 836 443 aut

113 454 201 486 bono
213 457 341 487 nomine
355 456 546 486 centesimis
557 463 736 486 contentus
752 463 835 490 erat,

112 503 173 528 aut
203 509 271 530 non
298 499 398 536 bono,
430 505 609 538 quaternas
637 501 835 529 centesimas

108 542 275 581 operabat.
291 543 326 581 3)
344 543 455 582 capita
481 542 514 571 in
540 542 663 572 tabulis
688 545 833 582 scripta:

109 583 242 615 Posteri.
264 584 359 615 Verr.
377 586 397 616 i.
414 586 466 616 36.
490 586 524 616 in
540 586 661 616 codicis
687 592 836 616 extrema

107 636 185 658 cera
198 636 311 658 nomen
329 628 483 659 infimum
497 630 530 659 in
548 630 711 668 flagitiosa
733 629 836 660 litura

110 669 203 701 fecit.
225 671 344 711 Quint.
366 675 416 702 11.
434 674 613 702 nominibus
624 674 722 703 certis
738 682 836 712 gran-

107 712 185 744 dem
212 716 389 754 pecuniam
415 715 524 746 debet.
551 716 594 746 cf.
628 716 670 746 ad
700 717 775 746 Div.
805 726 834 746 v.

107 757 161 788 20.
183 767 297 789 nomen
314 765 386 789 erat
401 760 561 789 sestertiis
580 769 653 789 xxx.
684 759 780 790 Rosc.
799 759 834 789 C.

113 802 142 831 1.
159 809 226 831 non
244 802 346 832 refert
371 812 472 842 parva
497 804 627 832 nomina
644 803 678 832 in
695 803 834 832 codices.

108 844 218 883 Atque
230 845 309 875 hinc
325 846 526 876 translatum
544 852 595 876 est
611 846 652 875 ad
665 845 730 876 alia
745 846 836 876 simi-

108 885 164 917 lia.
188 887 282 919 Verr.
301 889 335 919 ii.
361 891 414 920 42.
438 889 495 919 ubi
518 899 626 919 sermo
641 893 691 919 est
715 889 754 918 de
774 889 836 919 Co-

111 930 183 961 dice
198 931 322 968 Verris,
340 933 373 962 in
401 941 500 971 quem
518 932 621 962 relata
648 940 744 962 erant
760 938 836 962 acta

108 973 143 1004 in
162 975 397 1014 jurisdictione
425 975 603 1013 Siciliensi,
616 986 730 1006 nomen
755 976 835 1005 diei-

108 1022 178 1055 tur,
204 1028 264 1058 pro
279 1028 412 1049 summa
427 1028 548 1057 causse,
578 1020 620 1049 ibi
640 1020 833 1059 perscripta,

108 1069 135 1090 Β.
161 1060 281 1101 elogio,
303 1068 350 1099 et,
367 1066 405 1092 ut
427 1072 502 1092 mox
519 1073 547 1093 c.
565 1066 618 1094 43.
643 1064 710 1102 ipse
727 1069 834 1100 vocat,

109 1104 269 1144 periculo.
288 1116 316 1136 v.
328 1105 474 1145 elogium
491 1116 523 1136 n.
542 1108 572 1137 2.
598 1111 632 1136 et
650 1106 833 1146 periculum

110 1150 187 1179 n.3.
211 1148 382 1179 Videtisne
398 1154 508 1179 totum
540 1149 601 1180 hoc
627 1159 753 1185 nomen,
779 1150 834 1179 ubi

107 1190 191 1222 facit
204 1201 316 1223 eoram
339 1192 488 1222 delatum
506 1193 698 1229 Sthenium,
712 1202 782 1222 esse
798 1193 832 1222 in

109 1233 222 1266 litura.
235 1245 311 1266 mox
326 1248 332 1265 :
358 1237 414 1275 qui
429 1236 606 1266 defendere
623 1246 689 1266 non
712 1240 834 1275 potest,

109 1282 144 1308 te
167 1287 235 1309 non
254 1278 316 1319 (in)
335 1280 437 1320 ipsius
461 1279 589 1309 Sthenii
612 1280 738 1310 nomine
763 1279 836 1310 lite-

110 1331 163 1352 ras
179 1322 330 1362 publicas
347 1323 531 1362 corrupisse
546 1334 555 1361 ς
579 1332 638 1362 pro
654 1332 719 1361 quo
736 1332 812 1352 mox
826 1334 833 1351 :

111 1365 145 1395 in
162 1365 291 1396 Sthenii
320 1366 476 1406 periculo.
499 1365 653 1396 Teneant
669 1366 770 1396 etiam
792 1367 836 1396 ti-

110 1418 206 1439 rones
223 1409 309 1439 hanc
331 1409 527 1440 formulam:
553 1409 595 1439 ad
610 1409 686 1440 Div.
704 1409 757 1439 vii.
778 1411 833 1440 ⁶23.

110 1453 225 1492 accepi
256 1452 371 1482 Aviani
404 1453 528 1490 literas,
562 1453 597 1482 in
627 1453 746 1491 quibus
773 1452 835 1482 hoc

113 1501 186 1526 erat
202 1495 484 1533 liberalissimum,
512 1498 642 1526 nomina
667 1506 701 1525 se
729 1496 836 1526 factu-

110 1548 200 1576 rum,
215 1549 283 1578 qua
297 1549 359 1578 ego
381 1539 500 1569 vellem
517 1539 579 1569 die.
626 1537 666 1568 In
688 1549 754 1578 quo
778 1549 836 1578 ap-

111 1586 208 1622 paret
228 1584 361 1613 nomina
378 1581 499 1622 facere
533 1592 603 1612 esse
648 1583 835 1619 creditoris,

111 1634 189 1656 eum
207 1635 275 1656 non
298 1627 423 1665 accipit
446 1626 636 1666 pecuniam,
663 1626 721 1656 sed
746 1635 837 1656 sum-

111 1676 204 1699 mam
227 1669 261 1699 in
285 1669 408 1700 tabulis
435 1669 561 1706 scribit,
577 1674 670 1699 certa
694 1669 746 1699 die
769 1670 837 1699 exi-

111 1712 267 1751 gendam.
293 1712 360 1744 vid.
382 1713 521 1743 Salmas.
546 1713 646 1743 Usur.
662 1712 693 1742 6.
716 1713 779 1743 Sed
796 1712 836 1742 de

110 1755 273 1793 debitore,
301 1757 359 1795 qui
389 1765 456 1786 non
496 1759 658 1796 praesente
695 1757 839 1796 pecunia

111 1799 208 1836 emit,
231 1798 364 1830 videtur
386 1809 456 1830 esse
483 1800 578 1830 Offic.
608 1799 655 1829 iii.
683 1803 731 1831 14.
756 1800 838 1829 emit

112 1841 214 1872 homo
229 1842 370 1883 cupidus
386 1847 420 1873 et
433 1843 581 1883 locuples
600 1844 702 1880 tanti,
717 1844 834 1882 quanti

112 1885 251 1926 Pythius
263 1885 382 1924 voluit,
397 1891 433 1916 et
447 1887 530 1916 emit
547 1887 747 1917 instructos:
784 1896 837 1916 no-

112 1930 204 1959 mina
218 1929 312 1967 facit,
326 1931 499 1969 negotium
513 1929 659 1960 conficit.
675 1934 710 1960 et
725 1930 772 1960 sie
788 1930 837 1959 in·

112 1976 315 2012 terpretatus
340 1977 391 2003 est
417 1973 468 2003 Fr.
498 1972 690 2003 Fabricius:
716 1982 837 2012 neque,

111 2016 138 2046 si
155 2015 202 2046 ita
216 2016 350 2056 scripsit
372 2016 500 2053 Cicero,
517 2017 617 2046 aliter
632 2017 702 2046 fieri
720 2020 836 2056 potest.

111 2058 210 2100 Quod
226 2069 303 2089 cum
319 2059 445 2089 videret
459 2059 491 2090 J.
506 2059 556 2089 Fr.
578 2059 777 2097 Gronovius,
792 2059 838 2090 le-

113 2102 260 2142 gendum
286 2104 444 2134 censebat
459 2115 466 2132 :
493 2102 630 2143 Pythius
642 2104 774 2134 nomina
790 2103 838 2133 fa-

60 2152 65 2159 *
112 2146 179 2176 cit:
205 2146 366 2186 probante
382 2146 521 2177 Graevio.
545 2146 661 2185 Neque
677 2145 838 2176 aliterex-

111 2189 225 2229 pedire
250 2198 308 2220 nos
339 2199 527 2229 possumus,
543 2190 569 2219 si
593 2194 700 2220 ratam
718 2189 837 2220 habea-

114 2242 190 2263 mus
221 2231 313 2263 illam
343 2233 550 2272 opinionem,
595 2242 669 2272 quae
705 2235 836 2263 nomina

110 2275 221 2308 facere
246 2281 382 2306 tantum
409 2276 605 2306 creditorem
631 2281 756 2306 censet.
779 2276 838 2306 Fa-

111 2327 187 2350 teor
202 2325 330 2356 tamen,
346 2319 428 2350 mihi
452 2328 518 2351 non
536 2320 584 2349 ita
599 2319 774 2350 absurdam
793 2320 838 2350 vi·

113 2362 183 2394 deri
215 2362 355 2393 Fabricii
387 2363 710 2403 interpretationem,
738 2366 773 2393 et
798 2373 837 2394 ex

112 2405 280 2446 analogia,
296 2411 330 2436 et
344 2407 375 2436 vi
389 2407 575 2443 verborum,
587 2408 718 2436 nomina
730 2406 837 2436 facere

112 2450 216 2480 etiam
233 2449 274 2480 de
287 2449 436 2480 debitore
453 2450 516 2480 diei
529 2459 634 2489 posse.
647 2449 734 2489 Quid
747 2449 838 2480 enirn

113 2496 166 2523 est
190 2494 324 2523 nomina
353 2493 474 2530 facere,
498 2503 575 2522 cum
605 2493 645 2522 de
675 2493 838 2523 creditore

113 2535 250 2574 dieitur,
266 2537 329 2567 nisi
346 2537 379 2566 in
393 2537 473 2573 suis,
490 2536 574 2566 forte
589 2537 692 2566 etiam
709 2537 743 2566 in
759 2535 841 2566 alio-

113 2588 205 2617 rum,
219 2579 344 2610 tabulis
365 2580 508 2610 scribere
536 2589 649 2610 nomen
668 2578 838 2616 debitoris,

114 2626 151 2652 et
167 2632 282 2653 nomen
298 2623 449 2663 pecuniae
467 2624 500 2653 in
513 2623 664 2662 expensis
678 2623 691 2652 ?
718 2622 807 2662 Quid
824 2623 835 2652 ?

117 2674 229 2695 noune
244 2666 346 2696 etiam
363 2666 494 2696 debitor
507 2666 621 2696 scribit
638 2675 752 2696 nomen
769 2675 840 2695 cre-

115 2707 246 2744 ditori&
261 2713 297 2739 et
311 2719 425 2740 nomen
451 2719 604 2746 summae,
622 2710 655 2739 in
682 2709 764 2746 suis,
793 2713 839 2746 et,

115 2750 143 2783 ni
159 2760 242 2791 opus
268 2756 333 2789 est,
355 2753 458 2783 etiam
484 2752 625 2783 aliorum
651 2752 788 2789 tabulis,
806 2757 840 2782 et

115 2793 252 2832 quidem
274 2795 310 2825 in
334 2797 503 2836 acceptis?
531 2795 599 2827 Cur
614 2805 693 2836 ergo
710 2805 776 2826 non
791 2795 840 2835 ip-

114 2845 150 2867 se
172 2846 304 2877 quoque
324 2839 428 2878 possit
450 2839 582 2870 dicere:
606 2841 738 2870 nomina
753 2838 841 2868 face-

115 2881 176 2911 re?
203 2880 291 2913 Nam
313 2884 444 2914 nomina
459 2882 569 2914 facere
591 2882 675 2915 nibil
691 2886 743 2914 est
767 2891 843 2924 pro-

1518 109 1599 147 365

879 197 962 237 prie,
987 209 1086 237 quam
1122 204 1249 233 nomina
1277 205 1432 242 scribere,
1461 216 1595 246 ponero-

876 241 930 271 Sic
946 242 1016 273 Att.
1032 244 1098 272 xiii.
1117 248 1162 274 Η.
1176 246 1344 284 phu-estne
1361 249 1434 284 tibi,
1448 251 1535 280 mitti
1552 251 1593 281 ad

876 283 1073 321 Varronem,
1092 288 1180 325 quod
1197 291 1397 329 ¹scripsimus.
1414 293 1475 322 etsi
1492 294 1594 324 etiam

876 327 918 357 ad
935 334 967 358 te
990 329 1115 367 aliquid
1141 333 1292 370 pertinet.
1311 344 1385 364 nam
1403 336 1499 371 scitu,
1515 339 1547 365 te
1565 338 1597 367 ei

877 370 1007 410 dialogo
1024 373 1220 410 adjunctum
1234 385 1302 405 esse
1318 378 1466 408 tertium.
1482 379 1600 418 opinor

878 414 981 451 igitur
1004 417 1270 447 consideremus:
1295 420 1355 448 etsi
1381 423 1506 451 nomina
1524 423 1598 461 jam

877 457 966 487 faeta
990 463 1094 497 sunt;
1118 459 1174 490 sed
1193 460 1242 489 vel
1261 461 1369 492 induci
1397 464 1445 493 vul
1475 467 1597 496 mutari

878 508 1029 540 possunt.
1054 501 1211 533 Ceterum
1240 513 1350 541 usum,
1367 513 1404 535 ut
1431 507 1463 537 in
1487 509 1599 539 multia

876 543 963 581 aliis,
992 545 1033 575 ad
1071 556 1173 577 unani
1203 555 1331 586 partem
1362 550 1486 580 flexisse
1513 551 1600 582 hane

878 587 1034 624 formam,
1047 594 1081 619 et
1104 591 1223 630 saepius
1243 591 1464 631 usitatiusque
1476 593 1516 623 de
1532 604 1601 625 cre-

878 631 984 660 ditore
1012 632 1150 670 dietam,
1184 633 1272 664 haud
1303 636 1503 674 negaverim.
1535 638 1599 669 vid.

881 672 956 703 Vas.

922 717 1165 756 Nomenclator‚
1182 729 1306 758 senus,
1323 722 1378 760 qui
1395 722 1543 760 domino,
1554 724 1604 754 in·

877 761 991 799 primis
1030 763 1218 800 candidato,
1259 766 1395 795 nomina
1430 766 1601 798 obviorum

877 805 1039 843 suggerit,
1057 812 1093 835 ut
1121 808 1255 836 nomine
1272 817 1332 838 suo
1349 818 1515 848 quemque
1543 820 1602 850 ap-

878 847 1001 887 pellare
1018 849 1132 888 possit,
1146 850 1234 888 quod
1251 856 1323 880 erat
1340 852 1490 882 blandius
1504 865 1514 892 ς
1541 863 1602 884 un-

877 891 917 921 de
933 890 1112 930 aliquando
1135 893 1205 930 lege
1222 894 1366 924 ambitus
1384 895 1602 935 prohibitum,

877 938 915 963 ut
939 942 990 964 est
1012 935 1100 975 apud
1126 935 1269 966 Livium.
1293 938 1362 969 Att.
1391 939 1431 968 iv.
1458 942 1485 969 l.
1511 939 1600 972 Mur.

882 978 935 1007 36.
959 977 1036 1008 binc

922 1021 1156 1059 Nommzclatio,
1188 1033 1264 1054 cum
1295 1024 1438 1064 aliquem
1466 1027 1600 1058 nomine

877 1074 936 1094 suo
985 1065 1189 1104 appellamus
1228 1067 1372 1105 honoris,
1412 1068 1601 1102 blandiendi

877 1117 986 1137 causa.
1017 1108 1172 1138 Petition.
1196 1109 1294 1140 Cous.
1322 1114 1370 1140 ll.
1394 1111 1498 1142 altera
1527 1123 1601 1154 paro

876 1151 1059 1190 petitionis,
1072 1161 1144 1190 quae
1161 1153 1194 1182 in
1212 1153 1360 1193 populari
1387 1156 1512 1185 ratione
1529 1166 1601 1188 ver·

876 1198 978 1223 satur.
1025 1194 1074 1225 Ea
1103 1195 1266 1227 desiderat
1302 1200 1598 1238 mmmclatiemem,

877 1236 1074 1267 blanditiam
1092 1238 1151 1268 &c.

921 1281 1116 1319 Nominare,
1148 1282 1332 1322 suffragari,
1356 1285 1603 1325 commendare,

877 1324 1101 1363 vorselilagen.
1126 1325 1166 1354 ad
1182 1326 1276 1356 Brut.
1292 1331 1321 1360 7.
1345 1327 1528 1367 digniorem
1546 1339 1602 1360 no-

877 1368 1003 1398 minare
1020 1377 1086 1397 non
1104 1372 1195 1408 potes
1212 1379 1310 1408 quam
1323 1369 1493 1402 Bibulum.
1516 1372 1602 1404 Phil.

877 1411 910 1440 ii.
928 1412 957 1440 (Ζ.
988 1413 1154 1442 nominare
1176 1422 1348 1452 augurem.
1379 1414 1526 1445 *nomen
1542 1417 1603 1446 tri-

877 1453 988 1483 buere.
1021 1454 1091 1484 Fin.
1109 1455 1154 1484 iii.
1171 1457 1201 1485 2.
1230 1466 1269 1486 ex
1290 1457 1444 1488 omnibus
1459 1458 1604 1498 philoso-

877 1496 949 1536 phis
966 1497 1066 1527 Stoici
1091 1497 1236 1538 plurima
1256 1501 1521 1532 nominaverunt.-
1544 1502 1602 1533 sed

877 1539 974 1570 hodie
990 1546 1042 1570 est
1058 1548 1274 1572 novaverant.

923 1583 1124 1621 Nominatio,
1138 1594 1241 1623 genus
1250 1585 1507 1625 suffragationis,
1519 1587 1603 1619 Vor-

877 1626 1000 1666 seblag.
1039 1627 1122 1658 Phil.
1139 1629 1206 1658 xiii.
1225 1632 1253 1659 5.
1277 1634 1435 1669 paternus
1462 1641 1603 1670 augura-

877 1675 931 1700 tus
942 1670 1045 1708 locus,
1058 1671 1090 1700 in
1102 1681 1200 1710 quem
1213 1681 1274 1710 ego
1286 1683 1363 1703 eum
1374 1683 1448 1704 mea
1459 1676 1603 1706 nomina-

877 1714 959 1744 tione
975 1715 1146 1753 eooptabo.
1160 1715 1201 1744 ad
1214 1714 1308 1746 Brut.
1323 1720 1354 1750 7.
1371 1726 1443 1747 eam
1456 1719 1602 1749 nomina·

879 1759 994 1787 tionem
1013 1767 1031 1786 a
1045 1762 1078 1787 te
1093 1759 1251 1797 petimus.

924 1800 1013 1837 Non,
1043 1801 1216 1831 omittitur
1244 1802 1277 1832 in
1308 1813 1370 1834 non
1410 1804 1499 1835 modo
1527 1815 1602 1843 non,

878 1852 954 1873 cum
978 1844 1140 1882 sequitur,
1165 1854 1205 1874 ne
1230 1846 1376 1884 quidem.
1404 1847 1482 1887 Agr.
1499 1849 1532 1878 ii.
1550 1850 1602 1880 20.

877 1886 918 1916 ad
934 1886 1027 1926 Quir.
1044 1890 1075 1917 4.
1098 1892 1133 1918 et
1149 1898 1225 1918 eum
1239 1889 1400 1928 sequitur,
1415 1890 1473 1920 sed
1489 1892 1603 1923 etiam.

879 1929 977 1959 Catil.
994 1930 1015 1960 i.
1032 1933 1062 1960 3.
1094 1930 1150 1960 sed
1166 1931 1206 1961 de
1222 1931 1283 1961 hoc
1299 1934 1379 1963 satis
1402 1933 1528 1964 dictum
1552 1939 1605 1965 est

878 1973 912 2002 in
937 1973 1015 2003 Lex.
1037 1973 1141 2004 Fabri.
1165 1975 1229 2005 vid.
1251 1979 1364 2005 tamen
1388 1976 1537 2007 Curtium
1562 1977 1604 2008 ad

878 2015 963 2048 Plin.
981 2016 1040 2057 Ep.
1058 2017 1124 2047 viii.
1143 2021 1174 2051 7.
1205 2018 1292 2048 Male
1315 2023 1425 2049 autem
1451 2019 1514 2050 huc
1537 2028 1606 2051 tra·

878 2059 970 2089 hitur
986 2060 1076 2090 locus
1106 2060 1224 2091 Milon.
1240 2065 1270 2092 4.
1288 2066 1325 2092 ut
1339 2062 1421 2093 vidit
1443 2062 1606 2096 Olivetus'.

878 2103 952 2133 add.
969 2104 1003 2133 in
1020 2103 1128 2134 modo.

923 2147 1065 2184 Nornm,
1083 2147 1116 2176 in
1141 2147 1357 2178 Geometricis
1371 2149 1495 2180 dicitur
1509 2159 1606 2189 regu-

879 2189 910 2220 la
940 2189 1153 2229 angulorum,
1177 2193 1306 2232 proprie
1337 2192 1470 2231 quidem
1501 2200 1607 2224 recto-

879 2243 966 2269 rum,
979 2234 1034 2272 qui
1052 2234 1127 2263 inde
1144 2237 1304 2265 rim-males
1319 2235 1489 2273 dicuutur,
1499 2236 1607 2275 Quin·

879 2276 929 2306 til.
946 2278 989 2306 xi.
1006 2280 1037 2307 3.
1063 2276 1120 2307 sed
1137 2277 1255 2308 deinde
1272 2278 1373 2308 etiam
1390 2279 1606 2318 reliquorum,

879 2326 1043 2358 quatenus
1061 2321 1226 2360 applicata
1240 2331 1368 2358 norma,
1384 2323 1475 2352 acuti
1491 2332 1533 2352 an
1548 2324 1607 2354 ob-

878 2364 946 2393 tusi
967 2363 1046 2400 sint,
1065 2364 1282 2402 intelligitur:
1314 2370 1348 2394 et
1371 2365 1449 2395 hinc
1471 2364 1607 2397 tolerari

880 2410 989 2446 potest
1005 2406 1155 2436 definitio
1179 2407 1346 2438 Philandri
1362 2408 1403 2438 ad
1419 2408 1547 2440 Vitruv.
1563 2410 1609 2441 ix.

879 2452 910 2481 2.
950 2450 1030 2481 itam
1055 2450 1088 2479 in
1112 2450 1222 2480 Lexic.
1247 2450 1351 2481 Fabri.
1375 2451 1431 2482 ubi
1454 2453 1607 2483 omnium

879 2492 1078 2531 angulorum
1105 2503 1260 2524 mensura
1281 2495 1413 2526 dicitur.
1443 2494 1484 2525 fr.
1508 2495 1610 2527 Acad.

879 2537 914 2566 ii.
932 2546 963 2575 p.
979 2537 1031 2566 65.
1060 2537 1086 2566 si
1111 2536 1143 2566 id
1167 2537 1388 2574 crederemus,
1406 2547 1472 2568 non
1496 2547 1610 2577 egere-

880 2589 954 2609 mus
971 2579 1227 2618 perpendiculis,
1246 2590 1311 2610 non
1335 2583 1468 2618 normis,
1487 2582 1546 2622 (sic
1563 2581 1610 2612 le-

879 2621 1041 2661 gendum)
1061 2632 1125 2652 non
1144 2623 1277 2661 regulis.
1304 2624 1391 2655 conf.
1410 2623 1552 2655 Budaeus
1569 2624 1611 2656 ad

882 2665 1038 2695 Pandect.
1057 2676 1088 2706 p.
1105 2675 1148 2695 m.
1170 2669 1239 2700 174.

926 2708 1078 2744 Nascere,
1094 2718 1286 2748 agnoscere,
1300 2711 1450 2751 probare.
1477 2710 1549 2742 Att.
1565 2712 1611 2744 xi.

882 2755 912 2786 7.
947 2751 1036 2790 quod
1062 2757 1096 2782 te
1124 2762 1280 2784 excusas·-
1310 2763 1372 2793 ego
1399 2764 1475 2784 vero
1498 2763 1613 2786 causas

881 2800 958 2826 tuas
987 2804 1086 2826 nosco.
1123 2796 1165 2826 cf.
1193 2796 1298 2836 Legg.
1326 2798 1347 2828 i.
1375 2801 1406 2828 3.
1445 2797 1613 2836 ’ὤεσθε-ε,

883 2838 1063 2879 percipere.
1101 2838 1140 2869 fr.
1171 2849 1224 2880 ep.
1250 2850 1283 2880 p.
1309 2843 1362 2872 20.
1399 2839 1613 2882 philosophia

884 2881 1018 2922 quidem
1047 2887 1218 2924 prae-epta
1242 2884 1410 2922 noscenda,
1438 2883 1614 2918 vivendum
