1800 3131
194 108 275 146 124

195 205 326 236 Metelli
349 206 508 246 porticus.
533 205 627 236 Verr.
653 207 674 237 i.
700 210 752 239 55.
786 208 920 239 Cluent.

194 253 249 281 4⁶2.
290 250 416 280 Censor
437 260 513 279 cum
546 250 608 281 Cn.
632 251 794 283 Domitio.
819 262 849 282 v.
887 255 922 283 in

195 293 402 324 Diademato.
438 294 514 324 add.
553 294 662 324 Valer.
701 294 750 326 M.
785 296 853 326 viii.
889 299 920 328 5.

242 381 282 410 L.
300 380 460 419 Metellus,
478 380 587 411 Pison.
603 383 634 411 4.
661 382 702 422 Ω.
721 382 837 412 Marcii
854 382 920 412 col-

194 423 269 463 lega
291 426 324 454 in
352 424 522 455 (hm-ulam
545 435 577 454 a.
603 432 768 455 Detxxxv.
800 426 876 456 Act.
897 427 918 456 i.

194 467 229 497 in
242 468 334 498 Verr.
347 472 377 502 9.
396 473 517 508 pra’tor
525 467 646 497 Sicilia·
660 470 704 508 (a.
717 468 915 507 netxxxin.)

193 516 298 541 testes
321 512 355 541 in
378 511 514 541 verrem
535 511 670 547 retinet,
687 515 721 540 et
736 512 919 541 accusatio-

194 564 271 584 nem
290 555 448 595 impedire
465 559 618 591 conatur,
633 555 672 584 de
687 565 746 594 quo
760 556 870 584 multae
886 556 920 585 in

194 597 340 628 Vero-iuis
364 600 510 638 querele,
533 599 568 628 in
588 599 705 638 primis
731 599 753 627 l.
781 598 815 628 ii.
855 597 919 628 Est

187 647 287 682 pater
313 642 446 672 Cretici.
468 641 601 681 ,fratres
626 639 695 681 ejus
718 645 793 671 sunt
818 641 859 680 ῼ.
885 647 920 672 et

192 685 241 716 M.
273 685 348 716 Act.
373 686 394 714 i.
420 685 452 714 in
476 685 566 714 Vei-r.
591 688 622 718 9.
650 687 697 714 10.
727 685 767 724 Ω.
794 683 920 715 Consul

196 733 240 769 (a.
277 728 317 759 U.
349 728 543 767 Dctxxxiv.)
581 728 629 758 M.
661 737 784 767 praetor
811 728 917 759 eodem

192 782 286 802 anno.

239 816 279 845 L.
304 814 465 850 llffetellus,
487 813 559 844 Att.
586 815 629 844 ix.
659 814 689 845 6.
719 824 750 845 x.
775 817 810 845 4.
837 816 915 846 trib.

192 859 237 899 pl.
255 868 337 898 pene
354 858 551 887 interfectus
575 864 625 888 est
644 858 738 897 jussu
762 858 915 896 Caesaris,

191 902 279 941 quod
294 903 323 931 ei
339 910 425 941 saepe
442 902 676 932 intercederet.
706 902 786 941 Ejus
803 911 916 932 socrus

193 945 319 976 Clodia.

232 989 282 1019 M.
306 988 467 1023 filocalus,
484 987 558 1018 Act.
582 988 604 1017 i.
636 988 670 1018 in
694 988 787 1019 verr.
810 993 841 1023 9.
865 992 914 1020 10.

190 1038 325 1073 praetor,
349 1039 582 1062 (1.1)CLxxx1v.
617 1031 688 1062 Att.
716 1033 749 1062 ii.
784 1035 812 1062 1.
846 1033 916 1071 ejus

190 1076 260 1106 ludi
277 1075 478 1115 gladiatorii.

233 1119 275 1161 Q.
291 1120 454 1156 Metellus,
471 1118 510 1148 L.
527 1117 572 1148 fil.
595 1117 691 1149 Brut.
713 1121 762 1149 14.
792 1119 917 1149 Consul

188 1174 267 1193 eum
291 1162 329 1193 L.
351 1162 490 1193 Veturio
514 1162 651 1192 Philone
674 1173 705 1193 α.
730 1171 855 1193 nnvu.
887 1168 917 1194 et

189 1207 342 1238 Dictator
356 1217 441 1237 anno
454 1210 610 1246 sequente.
633 1205 688 1238 De
700 1204 769 1247 ejus
779 1208 919 1237 oratt'mze

187 1253 223 1281 dn
247 1251 376 1281 laudem
401 1249 528 1288 Palm,
544 1254 575 1280 et
589 1250 628 1280 de
644 1255 745 1291 patre
760 1252 835 1291 ipso,
851 1251 915 1281 m‘d.

189 1295 282 1326 Ptin.
300 1295 347 1326 H.
367 1294 415 1324 N.
431 1294 486 1324 vii.
500 1296 553 1324 43.

231 1339 275 1380 Q.
299 1338 461 1375 Metellus,
478 1337 521 1378 ῼ.
539 1337 591 1377 fil.
616 1337 657 1368 L.
675 1348 744 1378 nep.
767 1337 917 1368 Illaeedo-

185 1383 287 1413 nicus.
320 1382 452 1412 Muren.
481 1384 529 1411 14.
567 1381 606 1411 de
639 1381 916 1422 Pseudophilippo

185 1425 385 1465 triumphat.
416 1425 471 1455 ΒΓ.
487 1427 540 1456 21.
565 1430 709 1464 quatuor
724 1424 808 1455 filios
827 1425 914 1456 Con·

186 1469 312 1500 sulares
335 1469 466 1506 habuit,
483 1478 595 1508 nempe
617 1468 784 1508 Quintum
799 1468 916 1499 Balea-

185 1514 306 1550 ricum,
330 1515 383 1552 qul
405 1523 480 1542 cum
505 1512 666 1543 Flaminio
694 1512 806 1543 Consul
824 1512 913 1552 sitit,

185 1557 225 1588 L.
265 1557 518 1592 Diadematum,
556 1557 711 1586 Marcum
755 1558 912 1595 collegam

188 1600 307 1631 Scauri
329 1602 364 1630 z'n
392 1600 577 1636 Consulatu,
594 1605 623 1630 et
648 1600 766 1630 Caium
791 1600 913 1640 Capra-

185 1645 287 1682 rium,
309 1645 364 1684 qui
392 1644 586 1674 candidatus
612 1643 801 1674 Consulatus
827 1649 912 1682 erat,

184 1699 261 1719 cum
278 1692 457 1718 moveretur
466 1691 583 1727 pater:
602 1687 666 1717 vid.
682 1687 773 1718 Ptin.
790 1688 845 1717 vii.
863 1691 912 1718 13.

184 1737 216 1762 et
227 1734 279 1763 44.
296 1732 371 1762 add.
385 1731 552 1762 Harduin.
566 1731 646 1761 Em..
661 1731 703 1761 L.
717 1735 747 1761 et
755 1732 914 1771 dzmsfili—

185 1786 233 1813 σε,
251 1786 311 1806 non
326 1780 399 1806 tres.
414 1775 474 1805 vicl.
493 1775 644 1805 Perizrm.
662 1775 751 1806 Hist.
765 1775 874 1805 Anim.
887 1785 914 1806 c.

189 1823 238 1851 15.
269 1820 370 1851 Dom.
388 1821 440 1853 47.
472 1828 550 1848 avus
567 1818 602 1849 P.
619 1818 747 1849 Servilii
763 1818 913 1856 Isaurici,

184 1868 220 1893 et
235 1873 375 1904 proauis
392 1862 427 1893 P.
445 1863 619 1902 Scipionis.
642 1861 723 1901 Ejus
739 1862 826 1892 bona
840 1873 860 1892 a
875 1863 912 1894 C.

185 1908 300 1937 Atinio
323 1905 477 1937 Labeone
499 1906 576 1936 trib.
595 1905 640 1946 pl.
659 1911 912 1944 consecrantur,

185 1951 256 1981 sine
279 1950 394 1980 fraude
417 1951 498 1989 ejus.
531 1949 625 1979 Font.
643 1953 675 1983 7.
706 1950 741 1979 in
755 1950 796 1989 Ω.
816 1950 914 1979 Pom-

182 1995 297 2034 peium
325 1994 451 2024 frustra
479 1994 712 2023 testimonium
743 1993 835 2023 (licit.
868 1993 910 2024 cf.

184 2038 225 2068 de
247 2038 351 2068 Amic.
377 2040 429 2068 91.
464 2036 557 2067 Offic.
582 2037 603 2067 i.
629 2040 681 2069 95.
716 2037 807 2067 inter
832 2047 909 2067 cum

183 2087 218 2111 et
241 2082 435 2112 Africanum
457 2082 620 2110 minorem
637 2081 822 2110 inimicitiae
839 2082 909 2110 sine

184 2125 375 2155 acerbitate.
422 2125 502 2164 Ejus
526 2125 627 2154 etiam
652 2125 691 2154 fit
710 2125 837 2154 mentio
851 2125 908 2155 Br.

185 2170 236 2200 56.
261 2169 317 2198 Or.
334 2169 356 2198 i.
373 2171 426 2199 48.
444 2169 504 2198 διο.

228 2212 272 2253 L).
297 2212 460 2249 Metellus,
488 2212 694 2247 Balearicus,
718 2210 845 2242 Maced.
870 2211 907 2241 F.

183 2254 280 2286 Brut.
303 2259 355 2289 74.
386 2266 462 2285 cum
485 2255 524 2286 T.
544 2255 705 2285 Flaminio
723 2254 860 2293 Consul,
876 2266 908 2286 a.

184 2307 306 2330 Dcxxx.
338 2299 414 2329 Div.
431 2300 452 2329 i.
471 2301 499 2330 2.
533 2300 604 2338 ejus
619 2299 688 2329 filia
705 2298 848 2329 Caecilia.

226 2343 271 2384 Q.
288 2342 451 2380 Metellus,
465 2343 506 2373 L.
529 2343 619 2373 Calvi
622 2343 681 2383 fil.
700 2343 910 2380 Numidicus,

183 2397 205 2417 οι
222 2387 357 2416 victoriis
371 2387 409 2416 de
424 2387 599 2425 Jugurtha
610 2387 790 2426 repmtatis.
813 2386 910 2417 Brut.

183 2433 236 2461 35.
250 2430 289 2460 de
303 2429 429 2470 republ.
441 2430 572 2460 dicebat
581 2431 660 2460 satis
669 2430 765 2460 bene.
785 2429 910 2460 Consul

183 2483 260 2503 cum
290 2474 337 2504 M.
365 2473 489 2511 Silano,
515 2484 547 2504 a.
575 2482 696 2504 nchv.
736 2474 826 2503 Sext.
854 2477 908 2507 47.

181 2517 220 2548 L.
238 2518 457 2547 Saturninum
475 2527 494 2547 a
509 2527 610 2547 censu
634 2517 798 2558 prohibet.
831 2517 910 2547 Clu-

183 2565 255 2590 ent.
281 2563 332 2591 35.
362 2562 462 2598 Dum.
489 2564 541 2591 31.
558 2561 649 2591 Sext.
678 2561 725 2591 16.
755 2560 829 2600 lege
853 2561 910 2591 Sa-

180 2604 310 2634 turnini
333 2605 477 2643 ejicitur,
492 2605 574 2644 quod
595 2605 628 2634 in
644 2602 714 2645 ejus
730 2606 833 2643 legem
846 2602 908 2645 ju—

179 2658 259 2678 lrare
280 2650 385 2679 nollet.
415 2648 509 2687 Quir.
533 2658 564 2687 p.
584 2647 665 2678 Red.
681 2651 712 2678 3.
741 2649 776 2678 in
793 2649 906 2679 Senat.

184 2694 234 2722 15.
258 2692 317 2722 ἃς.
345 2697 530 2728 revocatur,
555 2691 755 2731 deprecante
781 2692 850 2722 filio
873 2696 908 2722 et

178 2739 253 2765 tota
267 2735 406 2772 familia,
423 2740 453 2765 et
468 2735 595 2775 quidem
620 2735 732 2765 Plane.
750 2738 802 2768 2⁷3.
832 2735 905 2775 lege

177 2779 219 2819 Q.
245 2779 374 2809 Calidii.
407 2779 447 2808 ad
469 2779 545 2809 Div.
569 2779 590 2808 i.
607 2783 638 2813 9.
670 2783 744 2818 post
768 2779 905 2809 exilium

176 2824 283 2852 fracto
315 2823 426 2852 animo
456 2822 556 2852 fuisse
587 2822 720 2852 dicitur.
752 2822 844 2853 Balb.
875 2826 906 2853 5.

180 2866 220 2896 de
247 2865 439 2905 repetundis
466 2870 653 2902 accusatus,
678 2871 844 2904 quantum
868 2867 905 2896 fi-

179 2909 231 2941 dei
254 2909 418 2941 hahuerit.
455 2910 524 2940 Att.
551 2910 571 2939 i.
602 2910 650 2940 16.
682 2909 752 2949 ejus
775 2909 906 2941 tabulas

720 118 865 148 INDEX
896 119 1175 148 fflsromcns.

957 210 1088 248 judices
1112 209 1233 240 nolunt
1256 208 1430 248 inspicere.
1460 207 1554 240 Verr.
1576 208 1618 240 iv.
1633 207 1688 239 662

964 253 1073 284 noluit
1089 253 1279 284 laudatione
1295 263 1357 283 sua
1372 252 1492 290 juvare
1507 252 1625 283 sororis
1642 251 1691 281 vi·

962 306 1050 334 rum,
1077 296 1116 327 L.
1147 295 1340 328 Lucullum.
1372 295 1472 325 Arcb.
1499 298 1530 327 3.
1560 296 1618 328 Or.
1640 295 1687 325 iii.

966 343 1014 371 18.
1031 342 1090 370 διο.

1003 384 1047 424 Q.
1085 384 1250 421 llIetellus,
1284 384 1328 424 Q.
1371 381 1545 413 Numidici
1570 381 1684 421 filius,

963 425 1058 456 Pius.
1095 427 1152 457 Or.
1184 427 1218 456 ii.
1247 430 1300 458 40.
1331 425 1424 465 Quir.
1456 436 1488 466 p.
1520 425 1561 455 R.
1591 428 1623 456 3.
1651 424 1688 455 in

961 469 1038 498 Sen.
1054 480 1087 509 p.
1103 469 1143 500 R.
1162 472 1210 500 15.
1241 470 1344 510 patris
1361 469 1500 499 exilium
1519 468 1572 508 pie
1590 467 1689 505 luxit,

961 518 996 542 et
1033 522 1092 552 pro
1122 523 1160 542 eo
1191 513 1352 553 populum
1385 513 1581 553 deprecatus
1614 516 1687 549 est;

961 556 1048 585 unde
1071 559 1103 586 et
1126 555 1183 586 Pii
1206 566 1319 586 nomen
1343 558 1431 587 tulit.
1462 555 1556 586 Balb.
1579 557 1610 587 2.
1638 557 1689 588 17.

961 603 1080 629 contra
1104 599 1288 629 Sertorium
1314 599 1438 631 bellum
1469 599 1566 639 gerit.
1604 597 1688 628 Sull.

961 644 1014 673 95.
1052 652 1072 672 a
1096 642 1132 673 C.
1158 642 1308 682 Cethego
1330 643 1536 673 vulneratur.
1573 641 1688 673 Plane.

960 687 1013 720 529.
1045 691 1159 725 gratus
1176 687 1307 716 animus
1323 686 1356 715 in
1371 687 1412 726 Ω.
1429 685 1606 717 Calidium.

1005 729 1048 770 Q.
1072 730 1225 759 llIetellus
1247 729 1370 769 Scipio,
1387 729 1427 759 de
1443 729 1525 760 Har.
1539 729 1638 769 Resp.
1655 728 1689 759 6.

961 771 1125 802 Pontifex.
1170 774 1221 803 De
1245 782 1284 802 eo
1307 782 1387 812 cape
1410 772 1452 802 ad
1475 773 1550 803 Div.
1573 773 1631 804 xii.
1654 774 1687 804 2.

960 820 1007 846 est
1023 817 1148 848 Maelii
1164 815 1325 856 Piifllius
1340 816 1521 856 adoptivus.

1003 859 1047 901 Q.
1074 861 1225 890 Metellus
1255 859 1379 900 Nepos,
1403 859 1572 890 Balearic-i
1596 857 1632 888 F.
1654 867 1687 889 v.

959 903 1074 934 Ascon.
1089 904 1135 933 ad
1155 904 1276 934 Coo-nel.
1302 904 1323 933 i.
1344 903 1425 933 Rab.
1443 902 1537 933 Perd.
1554 905 1586 936 7.
1614 901 1686 932 Att.

960 947 994 976 ii.
1023 947 1054 977 6.
1099 946 1208 986 legem
1240 946 1409 977 Caeciliam
1441 945 1578 976 Didiam
1608 944 1686 975 fert.

965 991 1084 1020 Consul
1097 1000 1170 1020 cum
1188 990 1226 1021 T.
1241 990 1342 1021 Didio
1358 1000 1389 1020 α.
1412 989 1452 1020 U.
1468 997 1569 1020 Dctv.
1590 988 1686 1029 Quir.

958 1043 991 1072 p.
1009 1033 1047 1064 R.
1065 1037 1096 1064 3.
1123 1033 1198 1063 Seu.
1215 1043 1246 1074 p.
1263 1034 1304 1064 R.
1324 1037 1373 1065 15.
1399 1034 1438 1064 de
1453 1033 1639 1072 cognomine
1653 1041 1687 1063 v.

958 1077 1093 1107 illa-nat.
1109 1077 1153 1107 ad
1172 1076 1264 1108 Corn.
1282 1078 1303 1107 i.

1002 1121 1045 1161 Ω.
1067 1120 1218 1151 Metellus
1245 1120 1398 1158 Creticus,
1427 1120 1518 1151 Calvi
1539 1120 1686 1160 abnepos.

959 1163 1034 1194 Act.
1052 1165 1073 1194 i.
1091 1165 1125 1195 in
1142 1163 1234 1195 Verr.
1249 1168 1280 1198 9.
1308 1164 1432 1194 Consul
1447 1174 1524 1194 cum
1539 1164 1686 1194 Horten-

958 1208 1017 1238 sio.
1042 1218 1120 1238 aun.
1144 1207 1183 1239 U.
1208 1215 1368 1238 Dchxlv.
1400 1207 1506 1238 Flacc.
1525 1210 1572 1238 13.
1607 1207 1687 1237 Cre-

957 1255 1027 1281 tam
1059 1252 1175 1282 vincit.
1202 1262 1232 1281 v.
1264 1252 1328 1282 Dio
1356 1250 1443 1282 Cass.
1465 1250 1573 1281 xxxvi.
1592 1260 1629 1290 p.
1653 1253 1684 1281 8.

958 1295 1097 1325 Sallust.
1123 1295 1166 1326 B.
1189 1295 1220 1325 C.
1245 1298 1298 1330 29.
1335 1294 1407 1325 Att.
1430 1295 1453 1325 i.
1475 1297 1524 1329 19.
1554 1293 1686 1334 legatus

958 1339 1108 1369 mittitur
1123 1339 1165 1369 ad
1180 1338 1297 1369 Galliae
1317 1339 1483 1377 civitates,
1499 1347 1540 1369 ne
1555 1347 1589 1368 se
1605 1347 1684 1368 cum

956 1382 1121 1412 Helvetiis
1129 1383 1167 1421 ju
1173 1387 1288 1422 ngant.

999 1426 1043 1467 ,9.
1067 1426 1220 1457 Metellus
1237 1425 1344 1464 Celer,
1363 1425 1450 1466 Nep.
1460 1425 1520 1466 fil.
1544 1424 1686 1457 Balear.

954 1479 1026 1510 nep.
1058 1469 1154 1501 Brut.
1171 1473 1223 1505 89.
1254 1479 1322 1500 non
1339 1469 1393 1499 ille
1410 1469 1542 1508 quidem
1559 1473 1685 1506 orator,

955 1514 1013 1544 sed
1028 1518 1144 1544 tamen
1162 1523 1229 1543 non
1247 1513 1370 1550 infans,
1385 1513 1465 1543 trib.
1484 1512 1529 1552 pl.
1547 1511 1683 1551 collegis

958 1557 994 1587 C.
1020 1557 1175 1587 Curione.
1202 1557 1243 1597 Ω.
1267 1556 1380 1594 Vario,
1396 1556 1433 1586 C.
1451 1556 1602 1586 Carbone
1623 1557 1686 1587 &c-

956 1601 1091 1631 auditus
1107 1611 1126 1631 a
1140 1601 1445 1639 Ciceronejuvene.

999 1645 1042 1685 Q.
1059 1644 1212 1675 Metellus
1227 1643 1333 1674 Celer.
1356 1643 1471 1674 Celeris
1483 1643 1540 1682 fil.
1564 1639 1683 1684 major.

953 1698 984 1718 v.
1012 1688 1125 1718 Ascon.
1153 1688 1197 1718 ad
1227 1688 1349 1718 Coruel.
1377 1688 1398 1717 i.
1422 1691 1453 1717 et
1473 1685 1608 1717 Manut.
1638 1686 1687 1717 ad*

960 1731 1016 1762 Or.
1041 1742 1104 1772 pro
1126 1734 1225 1762 domo.
1245 1742 1272 1762 c.
1287 1734 1340 1765 47.
1371 1731 1425 1761 ubi
1441 1734 1552 1761 tamen
1568 1729 1682 1761 turbat

954 1777 988 1805 in
1005 1773 1104 1816 hujus
1119 1775 1243 1806 Metelli
1263 1778 1449 1806 stemmate.-
1471 1774 1518 1804 ad
1543 1773 1600 1804 Or.
1618 1784 1683 1814 pro

957 1819 1048 1850 Sext.
1075 1821 1127 1851 62.
1165 1819 1264 1849 Catil.
1292 1819 1312 1848 i.
1341 1821 1370 1849 Β.
1401 1819 1436 1849 ii.
1463 1821 1494 1848 3.
1532 1817 1600 1848 Sul.
1627 1819 1680 1849 23.

955 1868 1079 1903 praetor
1096 1863 1254 1893 Cicerone
1269 1861 1425 1899 Consule,
1438 1861 1605 1891 delectum
1622 1861 1680 1890 ha·

956 1907 1013 1936 bet
1026 1910 1144 1936 contra
1156 1906 1348 1936 Catilinam.
1363 1905 1427 1936 Pis.
1439 1907 1470 1935 4.
1489 1904 1614 1935 Consul
1625 1905 1683 1935 de-

953 1950 1117 1989 signatus,
1133 1960 1208 1980 cum
1232 1951 1273 1980 L.
1289 1948 1440 1990 Ati-anio,
1459 1949 1605 1989 privatus
1621 1958 1680 1978 au-

953 1994 1108 2023 ctoritate
1134 2004 1194 2024 sua
1221 1993 1312 2024 ludos
1338 1992 1583 2032 Compitalitios
1608 1992 1680 2022 ficri

952 2037 1120 2077 prohibet,
1129 2044 1164 2067 et
1176 2047 1246 2067 rem
1257 2037 1398 2066 obtinet.
1410 2036 1480 2066 Att.
1492 2036 1513 2066 i.
1527 2039 1574 2070 17.
1593 2035 1682 2065 Con-

952 2081 1002 2111 sul
1019 2082 1211 2121 designatus
1229 2081 1354 2110 resistit
1375 2079 1573 2120 publicanis,
1588 2079 1681 2109 Asia-

951 2125 1055 2154 ticam
1072 2125 1272 2155 locationem
1290 2123 1402 2154 induci
1421 2122 1679 2163 postulantibus.

952 2168 993 2198 ad
1005 2169 1080 2199 Div.
1094 2179 1122 2199 v.
1139 2172 1166 2198 l.
1183 2178 1258 2198 cum
1270 2167 1428 2197 Cicerone
1438 2165 1629 2206 expostulat
1637 2166 1679 2196 de

950 2211 1052 2242 fratre
1065 2212 1197 2252 Nepote
1207 2212 1343 2242 tribuno
1359 2211 1399 2240 ab
1414 2211 1484 2249 ipso
1501 2210 1535 2239 in
1552 2209 1679 2241 Senatu

951 2260 1156 2296 oppugnato.
1177 2255 1319 2285 Galliam
1332 2254 1536 2294 provinciam
1548 2253 1681 2283 obtinet

951 2309 992 2329 ex
1007 2304 1172 2340 praetura.
1202 2299 1273 2329 Att.
1291 2298 1332 2328 vi.
1348 2301 1379 2329 3.
1408 2297 1450 2327 ad
1473 2297 1549 2328 Div.
1566 2297 1631 2326 viii.
1648 2300 1679 2328 8.

951 2349 1086 2374 accusat
1118 2343 1166 2374 M.
1191 2341 1379 2372 Servilium.
1412 2340 1491 2371 Coel.
1520 2343 1568 2371 14.
1602 2339 1679 2370 Clo-

951 2386 1041 2416 diam
1057 2396 1193 2417 uxorem
1210 2386 1321 2416 habet.
1352 2395 1381 2416 c.
1397 2386 1450 2415 24.
1479 2385 1551 2423 ejus
1574 2393 1677 2421 mors,

950 2440 1117 2460 venenum
1145 2430 1310 2469 accepisse
1336 2427 1474 2459 indicat.
1508 2426 1677 2459 laudatur.

950 2473 1046 2504 Brut.
1063 2478 1115 2508 70.
1147 2473 1252 2512 qualis
1267 2476 1389 2502 orator.

993 2518 1037 2559 ‚Q-
1061 2517 1213 2548 Metellus
1235 2516 1362 2556 Nepos,
1390 2515 1507 2546 (zeleris
1528 2515 1608 2544 min.
1619 2513 1676 2554 fr.

951 2561 991 2591 ad
1006 2561 1083 2591 Div.
1099 2572 1129 2592 v,
1148 2564 1176 2591 l.
1193 2563 1223 2592 2.
1254 2559 1332 2589 trib.
1349 2558 1395 2600 pl.
1412 2559 1526 2589 Silano
1546 2562 1577 2588 et
1598 2557 1678 2589 Mu-

947 2615 1031 2635 rena
1051 2603 1131 2636 Coss.
1162 2605 1197 2634 in
1212 2604 1338 2633 Senatu
1356 2605 1570 2642 oppugnatur
1586 2612 1606 2631 a
1620 2602 1677 2632 Ci-

947 2658 1084 2679 cerone:
1111 2657 1209 2688 quem
1226 2652 1305 2677 ante
1327 2647 1396 2686 ipse
1416 2649 1678 2685 oppugnaverat.

947 2692 987 2722 de
1008 2702 1068 2731 quo
1089 2692 1153 2723 vid.
1177 2691 1242 2721 Dio
1263 2690 1348 2721 Cass.
1367 2689 1486 2719 xxxvii.
1503 2698 1538 2729 p.
1553 2691 1607 2719 48.
1622 2690 1677 2723 49.

946 2735 1002 2766 ΒΓ.
1027 2739 1079 2770 70.
1109 2733 1215 2775 qualis
1238 2734 1274 2764 in
1300 2732 1441 2763 dicendo
1464 2731 1576 2762 fuerit.
1597 2731 1677 2772 suit

951 2779 1065 2810 Gmsul
1077 2789 1154 2809 cum
1174 2778 1314 2808 Lentulo
1338 2777 1518 2816 Spinthere.
1549 2776 1626 2806 Sen.
1642 2785 1676 2816 p.

945 2821 987 2853 R.
1008 2826 1057 2854 10.
1081 2821 1274 2852 inimicitias
1290 2830 1368 2850 cum
1392 2819 1552 2850 Cicerone
1576 2819 1677 2859 depo·

948 2866 1012 2903 nit,
1041 2875 1149 2905 neque
1178 2864 1356 2895 intercedit
1385 2862 1544 2900 Lentulo,
1575 2867 1674 2902 atque

950 2911 1052 2940 etiam
1068 2909 1107 2941 de
1125 2909 1284 2941 Cicerone
1301 2907 1403 2939 refert
1417 2912 1451 2938 et
1467 2906 1543 2938 fert.
1574 2907 1674 2938 Dum.
