1790 3219
632 101 779 130 fflmzx
810 101 1107 129 LATffllTAsz.

114 199 288 230 mero-que
305 200 408 222 manu
419 189 563 230 jactabit
573 188 730 225 eburnos,
751 188 797 229 (h.
809 198 838 218 e.

109 235 266 272 tesseras)
286 240 324 265 tu
342 234 428 265 male
438 235 581 273 jactato,
593 237 631 262 tu
649 231 838 269 malejacta

109 275 199 307 dato.
245 278 308 308 Sed
326 279 369 308 ibi
386 287 495 308 serino
511 276 551 306 de
578 274 656 305 ludo
681 284 739 305 aus
767 275 837 306 und

107 320 163 350 ein
191 330 216 351 s.
240 323 390 358 trictrac,
417 321 473 350 ubi
501 319 633 348 tesseris
658 328 751 358 opus.
799 318 835 349 ld

106 364 219 395 minus
237 371 326 396 reete
352 364 437 400 fieri,
454 369 571 392 contra
597 361 835 392 Casaubonum

107 406 313 439 demonstrat
331 407 352 438 l.
369 417 397 437 c.
423 406 616 442 Salmasius,
635 410 753 435 contra
778 415 835 436 cu·

98 450 158 488 jus
184 456 387 492 argumenta
412 449 496 479 nihil
520 448 706 479 Gronovius
727 449 833 480 allert.

105 493 206 525 Putat
223 504 343 534 nempe
360 493 476 523 ludum
501 492 675 523 duodecim
700 495 833 533 scripto-

102 547 179 567 rum
197 547 268 568 esse
284 547 376 573 eum,
394 546 493 575 quem
518 546 576 566 nos
600 546 756 566 vocamus
772 547 831 567 aus

102 580 171 610 und
198 581 266 618 ein,
291 580 324 610 in
353 590 419 619 qno
445 580 547 610 etiarn
578 580 710 610 tesseris
736 590 830 621 opus,

99 623 162 653 Sed
179 624 345 663 quomodo
374 625 400 654 is
425 624 602 654 duodecim
634 625 829 663 scriptorum

97 666 196 696 ludus
213 677 284 697 esse
297 671 421 708 potest,
440 677 516 698 cnm
535 667 604 707 ipse
621 666 779 705 fateatur,
794 668 827 698 in

98 709 157 740 illo
173 710 252 741 ludo
268 721 327 741 aus
343 711 413 741 und
435 711 489 741 ein
510 717 692 750 utrumque
710 711 827 741 luden-

95 753 183 784 tium
193 754 386 793 quindecim
403 753 547 785 calculos
557 753 758 791 adhibuisse,
768 755 825 793 qui

93 797 129 827 in
145 797 322 829 duodecim
340 798 458 829 areolis
475 798 585 828 locum
604 806 669 827 non
690 797 824 829 habent.

93 839 211 871 Burm.
228 841 270 872 ad
285 842 382 872 Ovid.
399 841 420 871 l.
437 852 465 871 c.
480 841 527 871 iii.
544 841 619 871 363.
635 846 747 880 putat,
765 850 824 872 no-

92 883 142 914 bis
160 886 325 916 rationem
343 886 438 916 istius
462 884 532 915 ludi
557 893 623 914 non
647 884 729 914 satis
749 895 822 925 per-

92 934 243 968 spectam
273 938 358 966 esse,
387 938 486 968 quem
519 927 603 958 vide.
660 927 820 959 Ceterum

89 972 286 1012 scriptorum
308 971 489 1002 dicendum
506 981 591 1009 esse,
609 981 675 1001 non
690 982 820 1012 scrupo-

86 1025 179 1053 rum,
196 1015 384 1045 defendunt
411 1020 532 1056 praeter
558 1015 617 1045 hos
633 1015 819 1046 Burmann.

90 1057 132 1088 ad
154 1059 297 1099 Quintil.
324 1060 367 1089 xi.
386 1061 417 1090 2.
442 1058 569 1089 Victor.
585 1059 624 1089 V.
650 1059 688 1089 L.
706 1069 737 1090 v.
769 1063 816 1091 13.

86 1101 231 1133 Gmnov.
249 1102 270 1133 l.
288 1112 318 1133 c.

130 1144 318 1186 Scriptura,
332 1147 576 1177 commentatio
590 1147 742 1177 oratoris.
757 1148 815 1178 Or.

84 1188 106 1218 i.
135 1191 187 1220 33.
211 1190 230 1207 ¹*
246 1191 294 1220 ita
321 1196 359 1220 ut
384 1192 554 1230 scriptum,
582 1190 622 1220 de
648 1189 752 1221 literis
776 1201 814 1221 ac

83 1232 190 1263 verbis
206 1233 301 1273 legis,
318 1234 529 1271 testamenti,
546 1233 658 1264 edicti.
675 1233 716 1264 ad
733 1233 814 1266 Her.

83 1275 106 1306 i.
124 1279 155 1307 4.
179 1277 239 1307 διο.
258 1277 336 1307 hinc
357 1279 523 1318 scriptura
539 1277 691 1317 superior
713 1284 746 1308 et
762 1279 813 1308 in-

83 1318 197 1357 ferior,
214 1320 235 1350 i.
252 1331 281 1351 e.
299 1321 535 1351 antecedentia
558 1327 593 1351 et
608 1330 813 1361 consequen-

80 1363 139 1393 tia.
167 1363 238 1395 lnv.
264 1365 298 1395 ii.
329 1368 360 1395 4.
385 1364 561 1404 ‘vectigal
577 1365 684 1395 aerarii
701 1374 718 1394 e
738 1376 811 1405 pas-

81 1406 163 1437 cuis.
188 1407 281 1438 verr.
299 1409 334 1438 ii.
356 1411 409 1443 70.
432 1410 597 1447 scriptura
620 1408 753 1439 Siciliae.
769 1409 810 1440 ad

80 1449 156 1482 Div.
178 1451 245 1481 xiii.
262 1453 314 1482 65.
339 1452 374 1482 in
389 1453 554 1491 scriptura
570 1461 629 1492 pro
649 1452 809 1491 magistro

78 1493 136 1524 dat
151 1504 279 1534 operas.
303 1495 368 1525 vid.
396 1496 430 1526 in
455 1495 528 1525 lnd.
556 1495 645 1525 Hist.
672 1495 809 1526 Alabar-

78 1536 167 1568 ches.
202 1538 267 1568 Sed
289 1538 470 1579 aperienda
495 1544 546 1568 est
563 1538 684 1569 elarius
707 1539 806 1578 hujus

76 1581 168 1611 verbi
183 1582 242 1612 vis.
266 1581 397 1623 Nempe
414 1581 557 1622 vectigal
574 1581 635 1612 hoc
664 1584 806 1622 scriptu·

75 1634 117 1654 ra
144 1630 321 1666 propterea
344 1625 481 1663 dieitur,
514 1635 588 1655 mea
620 1627 804 1665 sententia,

74 1668 165 1707 quia,
196 1669 253 1709 qui
280 1669 316 1700 in
347 1670 477 1709 pascuis
506 1669 646 1709 publicis
670 1680 804 1709 pascere

73 1711 212 1749 vellent,
229 1713 367 1743 nomina
382 1722 443 1743 sua
459 1712 653 1743 deserebant
668 1719 703 1743 et
725 1714 803 1744 sub-

73 1756 263 1786 scribebant
281 1756 370 1796 apud
391 1767 483 1794 etim,
500 1756 554 1786 cui
570 1756 642 1794 ejus
659 1758 706 1787 rei
722 1767 804 1788 cura

74 1798 154 1829 data
167 1804 252 1837 erat,
268 1799 302 1829 h.
325 1809 354 1830 e.
371 1805 410 1830 ut
427 1811 444 1830 e
461 1800 555 1830 Varr.
582 1800 622 1830 R.
646 1800 686 1831 R.
711 1801 746 1831 ii.
775 1804 802 1832 Ι.

74 1843 124 1873 16.
155 1842 328 1880 discimus,
361 1843 450 1883 apud
487 1843 727 1884 publicanum:
766 1850 801 1875 et

70 1895 130 1925 pro
144 1886 285 1926 singulis
300 1887 473 1960 &cotibus
485 1890 610 1917 certain
622 1888 799 1927 pecuniam

68 1929 252 1960 solvebant.
343 1940 396 1961 arn
430 1932 478 1961 ita
504 1931 607 1961 etiarn
645 1932 680 1961 in
712 1932 799 1971 agris

68 1973 211 2012 publicis
234 1973 429 2004 decumanis
449 1975 607 2005 obtinuit.
641 1974 734 2005 Verr.
751 1976 798 2005 iii.

69 2019 122 2047 51.
147 2026 308 2048 numerus
324 2024 493 2048 aratorum
511 2019 692 2057 quotannis
708 2019 798 2060 apud

68 2060 286 2099 magistratus
315 2060 448 2101 publice
484 2063 698 2092 subscribitur
734 2062 794 2093 &c.

65 2104 206 2134 accessit
235 2104 356 2134 deinde
382 2105 600 2135 decumarum
639 2106 794 2145 vectigal,

68 2156 145 2177 cum
161 2151 254 2185 ante,
270 2155 406 2178 auctore
425 2148 545 2185 Plinio,
562 2158 668 2179 unum
686 2160 703 2179 e
720 2159 794 2189 pas-

63 2190 140 2220 ·cuis
168 2191 299 2222 fuisset.
332 2192 474 2222 retinuit
501 2192 679 2231 antiquum
710 2193 794 2224 illud

64 2233 210 2274 vectigal
239 2244 362 2265 nomen
392 2245 505 2273 suuni,
532 2240 567 2266 et
592 2245 676 2266 novo
702 2236 793 2267 aliud

63 2277 183 2308 datum
200 2284 264 2316 est,
280 2279 343 2309 etsi
362 2280 492 2320 proprie
515 2280 549 2309 in
582 2278 644 2309 hoc
667 2289 791 2311 novum

64 2330 158 2360 aeque
185 2326 287 2361 atque
313 2323 347 2353 in
375 2323 459 2353 illud
490 2327 585 2353 vetus
617 2325 792 2354 convenie-

63 2364 131 2395 bat.

106 2407 307 2449 Ser-ipulum.
331 2409 401 2440 Att.
418 2409 459 2440 iv.
481 2411 529 2441 16.
548 2414 656 2448 neque
672 2421 791 2450 argen-

60 2451 89 2481 ti
115 2453 298 2492 scripulum
325 2463 395 2484 esse
413 2454 519 2484 ullum
538 2454 570 2483 in
588 2453 646 2483 illa
668 2454 789 2485 insula.

60 2493 264 2536 Sci-ipulum,
281 2497 368 2536 quod
383 2499 577 2538 scripiulnm
601 2499 789 2534 accuratius

58 2538 196 2577 dicitur,
212 2546 264 2571 est
287 2541 518 2571 ducentesima
534 2548 568 2571 et
584 2542 790 2580 octogesima

57 2587 174 2614 octava
188 2593 264 2624 pars
281 2584 386 2622 librae,
403 2595 428 2615 s.
442 2591 562 2624 quarta
584 2588 619 2614 et
633 2585 790 2616 vicesima

58 2626 182 2664 uncie,
202 2637 275 2666 quae
298 2635 350 2658 est
374 2628 571 2658 duodecima
594 2627 685 2659 librae
701 2639 788 2669 pars.

61 2668 102 2698 de
133 2670 294 2710 scriptule
324 2682 355 2703 v.
383 2672 527 2702 Gronov.
554 2672 639 2702 Sest.
666 2672 707 2702 iv.
740 2676 787 2703 13.

56 2712 195 2751 ejusque
212 2715 315 2753 signis
330 2723 366 2746 et
378 2716 607 2755 notis,quibus
619 2725 664 2746 sc.
678 2716 787 2756 expri-

57 2756 176 2792 mitur,
193 2757 240 2787 iii.
261 2760 309 2789 15.

102 2798 328 2839 Scrupulosus.
350 2801 452 2833 Tusc.
470 2804 511 2833 iv.
544 2806 592 2834 14.
617 2804 787 2843 scrupulo-

55 2843 101 2871 sis
116 2843 259 2874 cotibus.
285 2844 456 2877 Bentleius
473 2852 508 2877 et
525 2847 694 2884 Davisius,
712 2856 787 2886 pro-

57 2884 160 2916 bante
197 2887 357 2926 Buherio,
396 2896 579 2930 reponunt,
614 2891 784 2932 scrvposis.

1536 94 1614 131 421

887 187 1050 217 Putabam
1076 187 1253 227 aliquando
1282 188 1490 229 scopulosum
1515 194 1553 221 ut
1578 191 1614 220 in

882 230 994 261 Caecil.
1017 232 1065 260 ll.
1089 231 1146 261 sed
1160 234 1368 271 scrupulum:
1384 239 1418 263 et
1433 243 1612 274 scruposus

881 273 1150 311 confunduntur,
1180 279 1213 304 et
1234 281 1284 305 est
1307 276 1367 306 hoc
1394 276 1524 307 melius.
1543 277 1609 307 vid.

879 317 997 348 Heins.
1014 316 1055 347 ad
1072 317 1181 347 Valer.
1194 317 1299 348 Flacc.
1317 320 1350 350 ii.
1368 322 1442 351 518.

921 360 1119 400 Ser-apulus,
1158 360 1315 400 quicquid
1353 364 1466 393 animo
1505 362 1607 394 mole-

876 410 968 434 stum
985 410 1049 442 est,
1066 409 1099 434 et
1117 412 1177 433 nos
1194 409 1365 443 tamquam
1383 407 1460 436 urit.
1478 406 1548 438 Pin.
1561 407 1604 437 iv.

876 449 929 479 28.
962 449 1156 489 scrupulum
1197 447 1345 478 abeunti.
1380 449 1451 479 Att.
1488 460 1517 480 v.
1552 453 1602 481 13.

873 493 1079 532 scrupulum,
1104 499 1296 530 quem·non
1324 491 1467 530 ignoras.
1502 494 1545 523 ib.
1570 504 1601 524 x.

878 538 927 566 14.
945 535 1077 566 odiosus
1092 535 1276 574 serupulus.
1289 534 1349 564 8ιο.
1374 534 1469 564 Rosc.
1482 537 1556 566 Am.
1569 538 1599 567 2.

872 581 1064 619 ccv-apulum
1085 588 1123 609 ex
1145 578 1258 608 animo
1285 576 1448 608 evellere:
1476 578 1496 608 i.
1513 589 1542 608 e.
1558 580 1602 609 ti-

873 632 1013 653 morem.

916 666 1078 706 Sculptus.
1103 664 1204 695 Acad.
1233 665 1274 695 iv.
1299 667 1351 696 31.
1386 673 1453 694 non
1480 675 1498 694 e
1521 674 1600 695 saxo

869 712 1024 750 sculptus.
1057 709 1115 740 sed
1141 708 1322 748 legendum
1353 707 1488 738 videtur
1516 708 1600 739 scal-

869 759 959 793 ptus.
973 764 1000 783 v.
1011 758 1082 783 not.

912 797 1054 834 Scurra,
1075 801 1127 826 est
1144 796 1320 838 parasitus,
1347 798 1405 826 aut
1421 794 1521 826 homo
1537 805 1596 837 ρει-

867 840 1010 871 rasiticis
1038 840 1207 870 moribus:
1247 839 1337 878 quod
1362 848 1467 878 genus
1489 839 1597 870 homi·

867 893 962 920 num,
976 884 1086 914 studio
1099 882 1253 923 placendi
1269 890 1303 913 et
1319 882 1522 920 delectandi,
1540 893 1597 923 pe-

864 927 1052 958 tulantibus
1076 934 1110 957 et
1126 927 1287 957 obscoenis
1304 925 1451 956 dicteriis
1473 927 1593 964 utitur,

864 970 969 1011 iisque
989 973 1092 1002 etiam
1117 971 1151 1000 ln
1168 980 1222 1001 eas
1240 980 1290 1000 res
1313 973 1495 1010 grassatur,
1512 980 1593 1010 quas

864 1016 1006 1045 revereri
1022 1014 1202 1051 debebant,
1219 1018 1259 1044 ut
1275 1014 1310 1043 in
1337 1013 1533 1053 religionem
1556 1019 1592 1044 et

861 1058 964 1096 Deos,
982 1059 1200 1098 magistratus
1224 1058 1420 1087 innocentes
1437 1057 1497 1088 διο.
1515 1057 1592 1088 Mu-

860 1111 932 1132 ren.
945 1103 976 1133 6.
999 1111 1196 1133 scurrarum
1212 1101 1413 1131 convicium.

905 1145 1075 1178 Scan-ilis.
1098 1145 1156 1176 Or.
1172 1145 1206 1174 ii.
1224 1145 1278 1175 60.
1302 1145 1452 1175 scurrilis
1467 1144 1590 1174 dicaci-

857 1193 921 1221 tas.

901 1232 1054 1264 semum.
1079 1231 1180 1263 Tusc.
1206 1232 1240 1263 ii.
1265 1233 1319 1263 23.
1344 1231 1474 1269 abjecto
1499 1236 1588 1262 scuto

856 1275 955 1316 fugit.
973 1279 1044 1308 Att.
1057 1286 1108 1307 xv.
1121 1278 1173 1311 29.
1195 1279 1324 1306 scutum
1340 1275 1495 1314 abjicere,
1513 1285 1586 1315 pro,

856 1321 896 1350 ab
911 1322 1012 1352 armis
1025 1319 1205 1351 discedere.
1222 1320 1318 1350 Orat.
1334 1319 1367 1349 ii.
1384 1321 1438 1353 72.
1462 1323 1501 1349 ut
1518 1328 1587 1349 non

855 1364 955 1395 modo
973 1374 1039 1394 non
1056 1364 1199 1403 abjecto,
1216 1362 1273 1393 sed
1290 1372 1331 1392 ne
1359 1363 1484 1402 rejecto
1510 1363 1584 1401 qui-

853 1407 929 1438 dem
946 1412 1048 1446 scuto,
1064 1408 1180 1446 fugere
1197 1406 1320 1437 videar.
1349 1406 1401 1437 Sc.
1416 1406 1584 1445 fugientes

851 1452 997 1492 turpiter
1034 1455 1164 1482 scutum
1202 1450 1379 1490 abjiciunt,
1409 1449 1583 1480 honestius

851 1500 964 1525 autem
983 1496 1131 1526 retinent
1156 1498 1287 1525 scutum
1302 1498 1337 1523 et
1353 1498 1428 1533 post
1444 1497 1580 1532 tergum

851 1538 1023 1577 rejiciunt,
1041 1548 1083 1569 ne
1099 1537 1175 1568 telis
1192 1537 1291 1578 petiti
1315 1547 1335 1567 a
1351 1537 1583 1577 persequenti·

850 1581 910 1612 bus
927 1581 1002 1613 laedi
1020 1582 1157 1623 possint.

893 1625 1050 1658 Scutella.
1065 1626 1096 1656 T
1098 1624 1206 1656 uscul.
1222 1623 1270 1654 iii.
1290 1627 1338 1657 19.
1353 1624 1491 1653 scutella
1507 1623 1582 1654 dul-

847 1669 965 1700 ciculae
997 1669 1154 1710 potionis.
1176 1667 1210 1699 h.
1235 1667 1257 1697 l.
1274 1677 1346 1697 esse
1373 1677 1432 1707 pro
1459 1667 1581 1706 poculo

846 1712 944 1743 facile
957 1712 1171 1752 intelligitur.
1197 1711 1373 1750 Significat
1383 1711 1487 1741 etiam
1505 1709 1580 1741 lan-

846 1766 932 1786 cem.
947 1767 977 1786 v.
993 1757 1034 1787 de
1051 1756 1113 1787 hoc
1130 1755 1229 1786 verbo
1246 1754 1373 1795 Popma
1397 1753 1440 1784 ad
1456 1754 1578 1785 Caton.

845 1798 885 1830 R.
901 1800 942 1831 R.
960 1810 989 1831 e.
1010 1803 1059 1831 10.
1083 1805 1118 1830 et
1132 1798 1272 1830 Salmas.
1288 1798 1329 1828 ad
1347 1797 1480 1838 vopisc.
1499 1797 1576 1829 Car.

844 1845 897 1874 20.
923 1854 954 1884 p.
979 1844 1055 1875 861.
1078 1844 1136 1882 qui
1162 1847 1280 1873 tamen
1309 1840 1397 1871 male
1420 1850 1441 1871 a
1461 1845 1576 1873 scutra

844 1886 906 1917 hoc
923 1887 1061 1918 verbum
1077 1887 1156 1918 oriri
1173 1890 1285 1927 putat,
1305 1894 1383 1915 cum
1400 1885 1445 1914 sit
1461 1885 1573 1924 potius

843 1941 861 1960 a
883 1935 971 1961 scuto
985 1944 994 1960 .·
1017 1935 1056 1961 ut
1084 1931 1170 1961 bene
1196 1932 1313 1959 monet
1337 1937 1489 1958 summus
1511 1928 1574 1966 vir,

841 1974 1077 2006 Hemsterhus.
1099 1973 1142 2005 ad
1156 1972 1326 2013 Aristoph.
1343 1971 1432 2003 Plut.
1446 1981 1478 2012 p.
1497 1972 1574 2007 276.

840 2019 916 2052 277.

884 2061 1034 2099 Secessio,
1069 2060 1183 2092 factio.
1222 2059 1335 2099 Ligar.
1363 2059 1394 2090 6.
1427 2060 1572 2090 secessio-

837 2115 913 2135 nem
928 2110 968 2136 tu
985 2105 1078 2135 illam
1091 2104 1290 2135 existimasti
1304 2104 1363 2144 (sc.
1379 2103 1468 2133 inter
1482 2107 1517 2132 te
1534 2108 1571 2133 et

838 2149 1050 2189 Pompeium)
1063 2157 1130 2178 non
1143 2146 1281 2178 bellum.
1295 2146 1448 2176 *dicitur
1463 2146 1568 2177 etiarn

837 2192 878 2222 de
900 2194 952 2230 iis,
977 2193 1032 2232 qui
1057 2200 1206 2222 seorsum
1230 2195 1326 2228 eunt,
1348 2189 1568 2228 deliberandi,

836 2235 1048 2275 colloquendi
1077 2244 1187 2265 causa.
1213 2234 1302 2264 Mur.
1321 2235 1374 2265 24.
1397 2232 1568 2263 seductio—

836 2289 914 2310 nem
923 2280 1062 2310 testium
1068 2302 1077 2317 ,
1089 2279 1288 2309 secessionem
1296 2277 1564 2317 subscriptorum

834 2323 1118 2354 animadvertunt.
1164 2322 1217 2352 Sic
1235 2320 1323 2361 apud
1339 2320 1411 2351 Liv.
1429 2319 1493 2350 xlv.
1510 2320 1566 2351 36.

832 2367 960 2397 tribuni
984 2366 1026 2397 ad
1043 2364 1295 2396 deliberandum
1317 2364 1478 2394 secedunt.
1507 2363 1562 2394 ubi

833 2420 863 2440 v.
878 2410 1050 2441 Dukerus.

877 2453 965 2492 Secu,
983 2453 1120 2483 verbum
1145 2452 1385 2491 chirurgicum.
1408 2449 1438 2480 T
1440 2459 1510 2481 usc.
1527 2450 1561 2480 ii.

833 2499 885 2528 22.
912 2498 948 2528 C.
967 2497 1094 2528 Marius
1111 2506 1188 2526 cum
1209 2499 1395 2526 secaretur:
1418 2503 1478 2540 pro
1493 2503 1560 2534 quo

833 2541 897 2572 alio
914 2541 999 2578 loco,
1015 2549 1092 2570 cum
1110 2540 1141 2570 ei
1153 2539 1278 2569 varices
1292 2542 1493 2569 secarentur.

876 2584 973 2615 Secta
988 2594 1048 2624 pro
1064 2583 1129 2620 via,
1146 2583 1220 2612 iter.
1238 2581 1281 2612 N.
1297 2582 1341 2612 D.
1360 2582 1393 2612 ii.
1417 2583 1469 2613 22.
1494 2590 1555 2611 na-

830 2633 908 2659 tura
924 2628 1025 2658 habet
1051 2627 1139 2656 viam
1155 2633 1191 2656 et
1212 2626 1305 2665 quasi
1320 2629 1442 2656 sectam
1456 2633 1558 2664 quam

830 2677 1000 2711 sequatur.
1023 2670 1043 2689 *
1058 2676 1181 2710 partes.
1196 2668 1239 2700 ad
1263 2669 1340 2700 Div.
1354 2669 1425 2699 xiii.
1449 2671 1481 2699 4.
1496 2669 1554 2708 qui

829 2720 950 2746 sectam
974 2714 1113 2745 Caesaris
1137 2716 1335 2752 sequuntur.
1380 2711 1495 2742 Potest
1506 2716 1557 2741 et-

831 2760 896 2789 iam
913 2768 998 2796 esse,
1015 2758 1070 2797 qui
1088 2757 1122 2787 in
1141 2755 1280 2787 Caesaris
1296 2756 1448 2786 exercitu
1464 2758 1558 2792 sunt,

830 2807 869 2833 ut
897 2802 985 2832 idem
1014 2800 1152 2831 verbum
1187 2809 1240 2840 ap.
1270 2799 1404 2830 Livium
1435 2798 1561 2828 dicitur

830 2847 918 2877 xxix.
934 2847 986 2879 27.
1010 2844 1096 2875 conf.
1109 2842 1204 2874 Brut.
1217 2845 1248 2875 2.
1273 2842 1471 2873 Ciceronem
1488 2850 1558 2871 ver-

830 2890 911 2921 bum
935 2888 1090 2919 Graecum
1116 2885 1220 2930 aigum
1246 2886 1557 2927 semper-interpre-

876 2941 898 2963 t
914 2942 932 2963 e
961 2935 980 2964 3
