1800 3131
148 175 230 210 :220

150 267 398 299 tradrachmum
416 268 481 298 fuit
502 268 564 298 hoc
580 270 674 299 numi
691 280 806 309 genus.
832 269 871 300 ln

151 324 190 342 vo
206 323 281 342 vero
297 319 386 342 errat
398 312 465 342 Vir.
485 312 561 342 Rev.
586 313 633 342 uti
659 314 730 352 jain
749 315 780 343 in
798 315 871 344 Act.

151 356 252 387 Erud.
272 356 343 386 Lat.
370 366 399 385 a.
426 356 518 389 17:36.
548 366 652 387 mens.
673 357 749 387 Jan.
779 368 809 396 p.
841 361 871 387 8.

151 401 355 436 monuimus,
390 400 477 438 quod
515 403 625 438 putat,
655 400 798 442 κιςοφῦςον
832 400 871 429 de

151 444 262 473 numis
289 447 421 473 tantuin
452 442 529 479 dici,
557 443 614 473 sed
644 444 791 485 ιιςηφὸςην
821 444 872 472 vel

149 486 287 529 κιρ-[φόρον
311 487 350 516 dc
383 487 584 523 hominihus,
608 487 726 516 cistam
759 487 871 525 mysti-

148 540 222 560 cam
240 531 458 570 portantibus.
497 531 550 560 Sic
567 530 655 569 apud
671 529 870 560 Demosthe-

150 583 226 603 nem
249 574 288 603 de
319 574 448 604 Corona
470 584 540 612 vap.
572 577 623 607 Τί).
648 583 706 612 pro
737 573 871 611 vulgata

148 616 312 659 κιττοφόξυς
351 618 385 646 in
421 617 490 647 MS.
524 617 603 646 Cod.
631 616 771 646 Vindob.
804 615 866 654 legi

148 659 298 702 κιςιφόρος.
343 661 466 691 Verum
506 665 568 695 est,
607 658 786 701 κιττοφόρος,
822 660 872 688 ni-

150 703 209 733 hili
241 714 323 741 esse,
354 704 481 741 etjam
513 703 595 732 vidit
626 703 797 732 Rubenius
830 702 871 732 ad

147 756 241 778 num.
285 748 363 777 Asia
388 752 523 786 recepta
553 755 625 785 pag.
657 746 730 780 ⁶269.
759 746 870 784 legen-

149 790 228 821 dum
255 801 323 820 esse
349 789 515 832 mrozbsseom
541 799 683 828 quocum
708 789 793 818 idem
819 794 870 819 est

148 833 298 876 κιςιφῦξος.
343 834 406 863 Sed
435 832 578 875 κιςαφᾶρος
610 834 649 862 (le
680 832 869 863 hominibus

148 887 215 907 non
249 878 325 914 dici,
351 877 471 906 falsum
500 883 561 906 est.
607 877 717 906 Primo
745 877 792 906 sic
819 882 868 906 est

147 920 237 960 apud
254 921 402 956 Suidani,
421 930 518 958 quem
544 919 607 950 vid.
624 921 657 949 in
672 919 702 949 h.
721 930 749 949 v.
772 920 814 949 ad
837 931 868 959 q.

147 963 169 993 l.
193 964 357 994 Kusterus
375 965 475 993 etiam
506 963 619 993 laudat
637 963 744 993 Photil
772 963 868 993 Lexi-

147 1017 208 1036 con
226 1007 402 1043 ineditum,
426 1012 459 1036 et
484 1007 753 1046 Harpocrationis
771 1006 868 1036 Codi-

147 1061 218 1080 cem
236 1050 482 1080 Moreilianuni.
523 1050 654 1080 lte'mde
684 1050 733 1079 (A.
750 1050 868 1080 Gorius

146 1095 180 1123 in
216 1095 359 1134 Corpore
399 1094 502 1123 Inscr.
534 1095 678 1124 Donian.
717 1093 869 1123 exhibuit

145 1139 286 1167 formam
324 1138 495 1177 (L'z'stoplmri
520 1137 667 1167 Bellonae
692 1137 869 1167 Pulvinen-

144 1182 187 1211 sis
203 1182 400 1211 sacerdotis:
419 1191 516 1220 quam
535 1191 592 1211 nos
610 1181 644 1210 in
657 1181 748 1211 Actis
764 1181 866 1212 Erud.

145 1225 166 1256 l.
182 1235 210 1254 c.
230 1225 450 1255 exhibendam
466 1225 664 1254 curavimus.

193 1268 312 1299 citare.
338 1270 568 1299 Commovere.
597 1269 697 1298 Tum.
732 1268 777 1298 iii.
817 1272 865 1299 Η.

144 1313 236 1351 isque
252 1318 362 1342 motus
380 1316 439 1342 ant
455 1312 530 1341 boni
549 1316 606 1341 aut
620 1311 698 1342 mali
709 1312 865 1351 opinione

143 1358 272 1386 citetur.
319 1356 382 1386 sed
412 1355 584 1387 Bentleius
605 1355 783 1394 legendum
805 1366 864 1395 pu-

140 1404 216 1429 tat:
257 1400 432 1430 excitetur.
477 1399 595 1429 *Vei-r.
621 1399 655 1428 ii.
679 1403 731 1430 40.
761 1401 864 1430 citare

142 1453 251 1480 reum,
276 1453 343 1473 non
363 1448 427 1480 est,
445 1442 532 1481 quod
548 1442 636 1483 apud
651 1453 709 1472 nos
733 1443 864 1480 citiren‚

142 1487 175 1517 h.
200 1497 228 1517 e.
257 1487 384 1517 edicere
415 1491 454 1516 ut
477 1486 563 1516 adsit
592 1486 723 1525 aliquis,
751 1491 787 1516 ut
814 1491 865 1516 est

143 1530 236 1561 Verr.
254 1531 287 1561 ii.
305 1533 356 1561 38.
373 1530 430 1560 sed
447 1532 593 1560 citantur
608 1531 653 1560 rei
672 1541 691 1560 a
708 1530 864 1568 Praetore,

144 1584 223 1604 voce
236 1574 409 1614 praeczmis,
419 1574 568 1613 cumjam
580 1579 659 1603 sunt
671 1574 839 1611 injudicio
852 1585 858 1603 ι

146 1618 231 1648 citat
248 1628 354 1655 reum,
382 1627 448 1647 non
472 1617 659 1656 respondet.
711 1618 795 1647 Citae
811 1628 863 1646 ac-

145 1667 346 1697 cusatorem,
374 1663 493 1692 citatus
514 1666 687 1690 accusator
706 1661 753 1691 M.
772 1661 863 1691 Paci-

140 1704 218 1742 lius,
248 1706 358 1734 nescio
381 1715 445 1744 quo
473 1714 564 1742 casu,
592 1714 658 1735 non
679 1704 861 1744 respondit,

141 1757 206 1778 non
226 1749 332 1778 affuit.
384 1749 448 1788 Qui
467 1747 558 1777 locus
586 1753 635 1777 est
655 1749 860 1788 perspicuus,

140 1798 176 1822 et
192 1793 298 1822 instar
319 1793 482 1822 omniurn.
528 1792 598 1821 Nee
616 1792 744 1830 aliquid
760 1792 860 1822 effici-

140 1842 204 1865 unt
221 1846 271 1873 ea,
296 1846 369 1875 quae
391 1835 592 1865 Mmkeuius
610 1836 643 1865 in
667 1835 744 1865 obs.
765 1836 802 1866 L.
823 1835 858 1866 L.

138 1880 174 1909 in
192 1879 223 1909 h.
236 1890 265 1909 V.
291 1889 349 1919 pro
370 1879 536 1908 contraria
563 1880 732 1909 sententia
754 1879 853 1909 dixit:

140 1923 180 1953 ad
210 1933 283 1961 quae
317 1924 419 1952 etiam
451 1923 680 1961 respondimus
712 1923 744 1952 in
785 1923 859 1953 Act.

138 1967 239 1997 Erud.
258 1976 310 1996 an.
333 1967 423 2000 1746.
455 1967 577 1996 *Verlu
594 1967 616 1996 i.
634 1970 664 1999 7.
694 1968 786 1997 citati
804 1968 859 2006 ju-

137 2011 239 2046 diceS,
256 2010 371 2040 eodem
391 2010 487 2039 inodo
506 2009 726 2048 intelligendi.

186 2055 327 2084 citatim.
351 2053 422 2084 Att.
440 2055 503 2083 xiv.
520 2056 571 2084 20.
596 2054 720 2084 citatim
738 2054 861 2085 scribe-

137 2109 182 2128 re.

185 2141 396 2172 Citltaroedns.
420 2141 508 2171 Mur.
543 2143 591 2170 13.
627 2145 665 2170 ut
691 2141 787 2170 aiunt
824 2141 858 2170 in

136 2186 258 2215 Graecis
274 2185 468 2222 artificibus,
480 2194 534 2214 eos
547 2183 691 2214 auloedos
708 2194 790 2221 esse,
802 2185 858 2222 qui

138 2230 308 2258 cieltcrrudi
329 2229 399 2258 fieri
426 2238 492 2258 non
523 2228 703 2268 potuerint.
721 2228 780 2257 &a
810 2229 859 2258 Ci-

135 2273 320 2302 tlmroedum
343 2282 362 2302 a
385 2273 569 2308 citharista,
591 2271 646 2310 qui
662 2276 712 2301 est
728 2271 820 2301 Verr.
837 2271 858 2301 i.

136 2318 189 2345 90.
207 2316 266 2345 &cu
284 2316 333 2345 ita
351 2315 578 2355 distinguunt,
595 2319 634 2345 ut
655 2315 709 2344 ille
726 2315 783 2352 sit,
801 2316 857 2353 qui

135 2361 296 2389 citharam
323 2358 432 2399 pulset
456 2369 532 2388 cum
563 2363 665 2388 cantu
689 2368 763 2395 suu,
791 2358 857 2395 hic,

137 2403 191 2441 qui
209 2403 283 2432 sine·
297 2407 410 2439 cantu,
421 2402 508 2441 quod
520 2403 620 2432 etiam
637 2402 741 2431 tradit
756 2401 858 2433 diser-

136 2451 170 2475 te
192 2447 290 2485 Diog.
315 2447 425 2476 La'ert.
442 2446 488 2475 iii.
506 2456 538 2485 p.
558 2447 631 2480 239.
645 2445 696 2474 ed.
716 2445 857 2475 Casaub.

136 2490 200 2518 Sed
216 2499 294 2519 usus
311 2495 478 2529 repugnat
494 2489 546 2518 vel
564 2489 744 2518 Ciceronis.
777 2488 856 2518 Ani-

137 2532 238 2573 phion
260 2533 453 2569 Thebanus,
479 2543 576 2562 nemo
603 2532 748 2569 dubitat,
776 2533 855 2571 quin

132 2578 267 2607 citlzaroe
284 2577 388 2606 modis
404 2576 654 2615 accommodare
677 2585 804 2612 vocem,
822 2581 857 2605 et

134 2629 201 2649 una
223 2630 353 2655 canere,
381 2620 428 2649 ita
444 2624 481 2649 ut
507 2619 672 2659 Orpheus,
696 2620 854 2659 potuerit.

135 2663 188 2693 lta
211 2669 262 2693 est
286 2664 320 2692 in
352 2663 483 2694 fabulis.
530 2663 594 2693 Sed
618 2662 708 2692 hunc
739 2667 855 2692 tamen

132 2707 250 2737 Cicero
291 2707 365 2736 Div.
394 2707 426 2736 ii.
456 2707 507 2737 64.
539 2707 612 2736 init.
643 2706 855 2737 Citharistam

134 2756 242 2780 vocat.
273 2750 351 2780 Non
366 2754 522 2788 potueras
538 2750 641 2788 igitur
657 2749 717 2779 hoc
733 2750 774 2780 ab
791 2750 854 2779 ini-

131 2794 193 2830 tio,
221 2795 409 2829 L'itlmo‘t'slst,
433 2793 563 2823 dicere?
602 2793 643 2823 Et
673 2793 719 2822 sic
751 2794 853 2823 etiam

133 2837 223 2877 apud
246 2836 326 2866 alios
344 2840 495 2866 auctores
517 2836 654 2866 Latinos
672 2842 706 2866 et
723 2836 854 2866 Graecos

133 2881 272 2910 memini
307 2890 359 2909 me
393 2880 574 2910 observare.
621 2879 715 2910 Idem
745 2881 853 2910 visum

131 2923 287 2954 Torrent.
305 2923 345 2953 ad
362 2923 499 2953 Sueton.
523 2924 652 2954 Domit.
670 2927 701 2953 4.

180 2967 246 2999 Cito
262 2976 320 3008 pro
335 2966 442 2998 facile.
458 2967 554 2999 Brut.
570 2967 622 3002 76.
645 2966 854 3006 Torquatum

663 182 808 210 INDEX
840 182 972 210 LA'HN
980 183 1094 210 ITA'rl
1101 184 1117 209 S
1125 200 1133 209 .

918 280 982 300 non
1008 274 1078 300 tam
1103 271 1162 300 cito
1186 269 1351 299 rhetorem
1378 269 1510 307 dixeris,
1536 278 1635 308 qnam

917 313 1075 343 πολιτικὲν.
1101 313 1177 343 ibid.
1202 323 1308 352 neque
1325 314 1486 353 aptiorem
1504 315 1563 344 cilo
1581 312 1639 343 ali-

916 367 1013 395 quein
1032 358 1184 387 dixerim.

964 402 1083 430 vivitis.
1119 401 1179 430 dus
1196 401 1285 429 cit-ile
1305 403 1330 430 l.
1345 400 1525 439 opponitur
1542 404 1639 430 natu-

915 443 988 479 rali,
1006 443 1151 481 adeoque
1179 451 1213 473 et
1231 445 1396 482 privatum
1415 449 1448 473 et
1466 443 1634 482 publicum

909 486 965 524 jus
998 487 1244 527 complectitur.
1290 488 1379 517 Sext.
1406 488 1459 516 4⁶2.
1489 487 1637 516 nondum

916 539 1022 568 neque
1040 531 1196 567 naturali,
1213 540 1317 569 neque
1331 531 1416 560 (ἰ“ιί’ίι“
1427 531 1503 568 jure
1514 530 1638 559 descri-

916 578 984 612 pto.
1030 575 1060 603 53.
1085 575 1263 612 opponitur
1282 575 1350 612 juri
1379 573 1520 613 publico.
1544 573 1637 604 Verr.

914 617 936 645 i.
951 618 1002 646 452.
1021 617 1174 646 Cornelia
1189 618 1454 654 testanmnlaria‚
1472 617 1637 654 num-aria,

916 666 1034 689 eeterae
1062 660 1261 699 complures,
1284 662 1317 690 in
1352 661 1470 700 quibus
1495 670 1560 690 non
1580 660 1637 698 ,jus

916 712 1037 732 novum
1056 703 1188 741 aliquod
1202 704 1324 743 populo
1334 705 1563 741 constituitur,
1580 704 1636 734 sed

914 747 1075 783 sancitur,
1093 751 1131 775 ut
1155 747 1241 784 quod
1257 757 1388 786 semper
1404 747 1528 778 malum
1557 748 1637 778 saci-

915 799 976 818 nus
1004 790 1118 826 fuerit,
1144 791 1214 828 ejus
1239 792 1378 828 quaestio
1403 791 1445 820 ad
1474 790 1634 833 populum

914 834 1079 872 pertineat
1096 843 1134 862 cx
1164 839 1255 863 certo
1277 840 1438 873 tempore.
1485 835 1536 864 De
1559 834 1635 872 jure

914 885 990 906 vero
1006 879 1104 913 civili,
1121 878 1147 906 si
1171 877 1243 915 quis
1267 877 1340 906 novi
1366 877 1442 915 quid
1460 879 1637 908 constituit

916 920 976 950 &cu
1020 921 1106 951 Nam
1126 921 1159 949 in
1176 920 1237 949 hoe
1255 919 1325 950 loco
1339 921 1514 950 manifeste
1531 921 1634 958 ajure

913 965 1001 993 cit-ili
1031 969 1244 994 removentur
1274 973 1381 993 eausae
1420 964 1562 1003 publicae
1601 971 1637 996 et

914 1009 1122 1045 quaestiones.
1170 1008 1218 1037 Ex
1242 1018 1306 1046 quo
1332 1007 1544 1045 intelligitur,
1562 1017 1637 1038 sen-

911 1045 950 1079 su
976 1051 1194 1081 Ciceroniano
1212 1060 1251 1080 ne
1276 1050 1469 1081 eriminalia
1486 1051 1634 1089 quidem,

913 1104 986 1132 quae
1002 1094 1097 1124 hodie
1115 1100 1287 1130 vocantur,
1305 1095 1408 1133 adjus
1425 1096 1516 1125 civile
1531 1095 1637 1134 perti-

912 1147 1000 1167 nere.
1033 1138 1092 1168 Est
1109 1138 1199 1168 enim
1216 1138 1370 1176 eizvz'lejus
1383 1138 1512 1167 nullum
1530 1138 1633 1176 aliud,

910 1182 970 1211 nisi
996 1183 1173 1221 privatum.
1220 1181 1334 1219 Itaque
1357 1181 1429 1220 lege
1456 1181 1495 1210 de
1517 1191 1550 1211 re
1575 1182 1636 1212 ali-

910 1234 987 1263 qua,
1004 1234 1077 1263 quae
1094 1224 1134 1254 ad
1150 1226 1243 1254 civile
1262 1225 1318 1263 jus
1335 1225 1524 1264 pertinebat
1539 1233 1632 1263 ante,

910 1268 990 1304 lata,
1019 1274 1057 1298 ut
1081 1270 1151 1307 ejus
1174 1269 1313 1307 quaestio
1340 1269 1375 1297 in
1396 1274 1565 1308 posterum
1591 1269 1633 1300 ad

911 1311 1071 1352 populum
1081 1313 1276 1351 pertineret,
1289 1313 1418 1351 eajuris
1431 1312 1553 1351 publici
1563 1322 1633 1343 esse

908 1356 1100 1395 incipiebat.
1147 1356 1305 1386 Ceterum
1337 1356 1398 1385 etsi
1419 1355 1631 1387 ‹lustinianus

909 1398 1035 1438 dejure
1059 1399 1186 1438 privato
1206 1409 1240 1428 se
1265 1399 1299 1428 in
1328 1398 1497 1429 Institutis
1525 1399 1633 1430 dietu-

909 1452 984 1472 rum
1016 1443 1192 1482 profitetur
1225 1442 1245 1472 l.
1271 1443 1292 1472 i.
1315 1443 1370 1472 tit.
1403 1446 1430 1472 1.
1454 1447 1568 1472 tamen
1591 1454 1629 1473 ex

908 1485 929 1516 l.
955 1487 996 1516 iv.
1011 1487 1064 1516 tit.
1089 1486 1219 1525 penult.
1243 1485 1383 1525 intelligi
1410 1490 1532 1525 potest,
1552 1497 1631 1517 eum

911 1540 1025 1560 causas
1063 1530 1211 1570 publicas
1250 1535 1284 1558 et
1327 1529 1456 1567 judicia
1500 1530 1633 1569 publica

910 1573 952 1603 ad
977 1574 1033 1611 jus
1063 1574 1229 1613 privatum
1254 1573 1419 1609 retulisse,
1451 1573 1564 1612 itaque
1591 1574 1631 1604 de

907 1617 945 1646 iis
969 1618 1071 1646 etiam
1096 1617 1129 1647 in
1156 1617 1330 1646 Pandectis
1366 1617 1479 1655 agitur
1502 1616 1523 1646 l.
1551 1617 1630 1649 xlix.

909 1660 971 1690 Sed
987 1661 1181 1699 adjiciamus
1208 1660 1309 1690 alium
1335 1659 1446 1690 locum
1463 1670 1481 1689 e
1501 1660 1632 1691 Cicero-

907 1713 959 1733 ne.
985 1704 1105 1734 Caecin.
1123 1706 1153 1735 9.
1177 1704 1276 1734 simul
1299 1703 1380 1733 illud
1402 1703 1554 1734 futurum
1579 1715 1630 1735 ar-

907 1747 1020 1777 bitrati
1041 1751 1132 1785 sunt,
1162 1753 1200 1777 ut
1224 1748 1257 1777 in
1284 1747 1345 1777 hac
1371 1757 1469 1777 causa
1495 1757 1562 1777 non
1589 1749 1630 1779 de

906 1791 1120 1830 improbitate
1144 1792 1234 1820 Sext.
1250 1791 1390 1827 AEbufii,
1413 1791 1471 1820 sed
1494 1791 1533 1820 de
1551 1793 1629 1831 jure

904 1835 991 1864 cic-ili
1000 1834 1163 1873 judicium
1178 1835 1249 1863 fieri
1262 1834 1439 1864 videretur.
1468 1833 1631 1874 Improbi-

902 1883 953 1907 tas
978 1878 1009 1908 h.
1028 1878 1048 1908 l.
1073 1884 1124 1908 est
1147 1879 1207 1914 vis,
1225 1888 1322 1916 quam
1348 1878 1503 1908 AEbutius
1527 1878 1630 1909 Caeci-

904 1931 955 1951 nae
976 1922 1112 1961 ejusque
1133 1921 1299 1951 advocatis
1324 1921 1459 1952 fecerat.
1486 1921 1536 1951 Ea
1557 1928 1630 1954 erat

905 1975 1005 1995 causa
1033 1965 1230 2005 pnblica„in
1261 1964 1390 2002 judicio
1418 1964 1564 2004 publico,
1589 1976 1628 1997 ex

902 2008 975 2047 lege
1000 2009 1039 2038 de
1059 2009 1099 2038 vi
1116 2008 1252 2038 armatis
1274 2009 1476 2045 hominibus,
1503 2009 1629 2050 discep-

899 2052 1017 2090 tanda,
1034 2052 1276 2092 adeoquejuris
1289 2051 1412 2092 publici
1428 2063 1434 2081 ε
1456 2051 1628 2084 Judicium

902 2100 1015 2126 autem
1027 2096 1066 2125 de
1087 2098 1159 2133 iure
1175 2097 1274 2132 civili,
1288 2100 1339 2125 est
1354 2095 1393 2125 cle
1409 2097 1626 2136 possessione,

903 2139 989 2178 quod
999 2145 1048 2169 est
1061 2140 1236 2178 privatum.
1259 2139 1415 2169 Ceterum
1429 2140 1499 2178 ipsa
1511 2139 1629 2170 defini-

901 2183 948 2213 tio
960 2183 1042 2222 juris
1058 2184 1158 2213 civicas
1168 2182 1386 2212 Ciceroniana
1401 2183 1433 2212 in
1451 2183 1581 2221 Topicis
1598 2194 1626 2216 c.

903 2228 935 2257 2.
958 2231 1069 2256 totum
1087 2227 1162 2263 hoc,
1174 2226 1261 2265 quod
1271 2226 1427 2263 diximus,
1438 2227 1626 2259 confirmat.

901 2270 962 2299 Jus
979 2271 1071 2300 civile
1086 2274 1136 2300 est
1152 2270 1290 2308 aequitas
1307 2270 1552 2307 constitutajis,
1568 2273 1624 2309 qui

902 2313 1052 2352 ejusdem
1070 2314 1210 2343 civitatis
1228 2317 1320 2350 sunt,
1344 2312 1386 2342 ad
1403 2322 1452 2342 res
1469 2323 1544 2343 suas
1568 2314 1626 2344 ob—

900 2357 1066 2387 tinendas.
1105 2357 1217 2386 Partes
1246 2358 1316 2395 ejus
1338 2356 1460 2386 ibidem
1488 2366 1626 2387 narran-

900 2404 967 2430 tur.
985 2411 1013 2430 c.
1031 2403 1059 2431 5.
1072 2400 1139 2430 *de
1160 2400 1292 2430 decreto
1307 2401 1469 2440 praetoris.
1485 2400 1566 2430 item
1584 2401 1624 2431 de

900 2444 1075 2474 sentes-tiis
1105 2443 1266 2474 actorum
1290 2444 1324 2473 in
1354 2453 1416 2473 usu
1446 2443 1522 2481 fori,
1545 2454 1622 2474 cum

900 2488 1082 2527 opponitur
1105 2487 1243 2526 legibus.
1270 2491 1309 2517 ut
1331 2486 1395 2516 Off.
1420 2487 1466 2516 iii.
1498 2487 1545 2517 16.
1572 2491 1623 2522 17.

901 2531 940 2560 de
958 2531 1122 2570 responsis
1144 2531 1307 2560 ‹lCtorum
1326 2530 1403 2559 solis
1419 2535 1470 2559 est
1497 2531 1621 2561 Caecin.

901 2576 952 2605 24.
1000 2574 1018 2592 ²*
1035 2575 1146 2604 Divin.
1162 2574 1195 2604 in
1210 2573 1319 2603 Caecil.
1337 2576 1367 2604 5.
1391 2573 1478 2603 Nam
1496 2574 1621 2605 civibus

901 2628 978 2647 cum
995 2622 1075 2648 sunt
1097 2622 1220 2657 ereptae
1250 2617 1414 2656 pecuniae‚
1439 2618 1526 2647 cicili
1551 2617 1621 2647 scre

901 2662 1045 2698 actione,
1058 2665 1093 2691 et
1105 2661 1233 2701 privato
1243 2661 1319 2700 jure
1329 2664 1540 2699 repetuntur.
1569 2661 1621 2692 Ca·-

899 2706 971 2735 vilz's
987 2705 1074 2734 actio
1091 2709 1236 2743 est‚·qua
1251 2704 1359 2734 utitur
1373 2705 1448 2733 civis
1464 2713 1530 2733 non
1549 2714 1620 2734 ino-

898 2748 940 2778 do
963 2753 1079 2778 contra
1103 2750 1215 2784 civem,
1241 2747 1297 2777 sed
1324 2756 1572 2786 quemcunque,
1602 2757 1623 2778 a

898 2802 964 2830 quo
988 2792 1017 2821 ei
1043 2791 1166 2831 injuria
1180 2791 1271 2820 facta
1286 2796 1356 2820 est:
1382 2800 1422 2819 ea
1437 2796 1551 2820 autem
1568 2796 1620 2821 est

892 2835 979 2874 juris
1004 2835 1136 2875 privati,
1163 2843 1230 2864 non
1255 2834 1290 2863 in
1317 2834 1471 2863 omnibus
1497 2834 1619 2872 causis,

898 2879 955 2908 sed
978 2879 1013 2908 in
1036 2877 1234 2917 pecuniariis
1261 2878 1445 2916 ceterisque
1471 2877 1618 2917 privatis.

898 2922 950 2951 Sic
980 2922 1073 2951 Orat.
1105 2922 1126 2950 i.
1158 2924 1206 2951 ll.
1237 2921 1343 2951 civiles
1371 2920 1618 2958 controversiae,

896 2969 978 2996 nunt
992 2964 1151 3003 forenses,
1167 2964 1203 2995 in
1217 2965 1324 2994 causis
1340 2964 1486 3004 privatis.
1523 2963 1543 2983 ἕ
1559 2964 1616 2995 Or.

1290 3016 1305 3024 z
