1800 3131
172 104 251 140 104

223 201 255 232 C.
280 206 314 232 et
336 202 385 233 M.
410 203 540 242 Fusius,
562 203 668 236 Flacc.
692 207 744 237 20.
775 207 903 246 equites

171 245 326 276 Romani.

218 289 261 321 L.
277 290 312 321 F
311 291 399 321 usius
413 295 534 322 orator.
550 302 579 322 v.
594 292 630 322 in
647 292 690 324 L.
706 292 831 333 Fufius.

222 420 263 450 A.
294 421 462 457 Gabinius,
478 430 527 460 pr.
548 421 646 451 Corn.
664 421 685 452 i.
702 422 737 451 in
753 421 904 451 tribuna-

177 467 218 499 tu
231 462 364 501 collegae
380 464 550 502 abrogavit
560 465 783 494 tribunatum.
799 464 905 503 isfuit

178 507 220 538 L.
240 506 429 542 Trebellius,
447 509 501 547 qul
518 509 582 545 leg-l
607 508 753 538 Gabz'nz‘oe
775 508 813 537 (le
829 508 905 536 bello

180 551 328 581 Pz'ratz’ea
346 550 497 590 Pompeio
519 551 754 587 committendo,
771 552 906 580 interce-

178 595 282 624 debat.
296 598 368 633 post
385 594 491 624 Redit.
507 595 541 623 in
560 593 634 624 Seu.
649 597 680 627 7.
711 595 780 632 ejus
798 592 905 622 molli-

175 638 251 668 ties.
276 638 374 668 Dom.
390 641 419 670 9.
452 637 524 675 lege
545 637 661 667 Clodia
674 636 803 676 ‘Syriam
820 637 906 666 aeci-

178 682 239 721 pit.
264 682 326 719 leg.
349 681 442 711 llIcm.
471 684 518 713 17.
552 680 661 718 legem
686 680 724 710 de
751 680 907 719 Pompeio

177 725 300 754 ferenti
325 724 447 753 resistit
478 723 541 761 Qu.
573 723 783 753 Hortensius.
816 723 906 754 Phil.

178 769 242 798 xiv.
260 770 288 797 8.
318 768 346 797 ei
369 768 425 796 uni
450 767 630 806 contingit,
647 771 685 797 ut
708 767 907 807 supplicatio

176 812 218 841 ob
243 821 345 850 remp.
372 810 456 839 bene
488 814 616 848 gestam
643 816 836 849 negaretur,
864 809 906 849 cf.

176 856 244 896 Qu.
263 854 319 885 Fr.
335 853 368 883 ii.
385 855 414 883 8.
442 853 496 883 sed
515 854 553 883 de
575 864 608 883 eo
624 855 730 893 plenoe
743 859 821 884 siml
834 864 907 884 ora-

180 899 279 928 tiones
309 898 464 927 Ciceronis
482 901 555 937 post
580 897 722 927 reditum
748 899 788 928 ab
814 898 908 927 exilio

180 942 306 971 habita&

223 985 266 1014 P.
298 984 468 1021 Gabinius,
498 984 621 1024 Capito,
639 983 737 1013 Arch.
763 987 793 1014 5.
823 993 906 1023 prae-

181 1033 236 1058 tor
259 1039 288 1057 a.
314 1027 353 1057 U.
378 1036 512 1057 Dctx1v.
537 1028 571 1057 in
596 1027 707 1057 Caecil.
731 1029 783 1057 ⁶20.
811 1037 908 1056 accu-

180 1076 274 1102 satur
297 1081 316 1100 a
338 1070 376 1100 L.
402 1071 519 1101 Pisone
546 1070 586 1100 de
613 1070 807 1111 repetundis
833 1074 909 1110 post

182 1115 450 1146 administratam
465 1114 638 1144 Achaiam.

226 1159 270 1188 P.
306 1158 476 1196 Gabinius,
500 1158 644 1188 Cimber.
671 1157 769 1189 Catil.
800 1157 847 1187 iii.
877 1160 907 1188 3.

183 1202 408 1233 Catilinarins.

230 1246 262 1276 C.
287 1246 404 1282 Galba,
423 1244 515 1275 Serv.
540 1245 650 1275 Galbae
677 1244 824 1276 Orcttoris
834 1244 908 1284 flli-

178 1299 229 1320 τις.
260 1289 316 1319 Or.
342 1290 363 1318 i.
389 1290 439 1319 56.
470 1288 565 1319 Brut.
588 1289 641 1319 26.
666 1291 717 1319 33.
742 1293 776 1318 et
797 1291 848 1318 534.
872 1289 907 1318 Ρ.

181 1333 290 1363 Crassi
308 1332 456 1362 Muciani
473 1342 584 1371 gener.
605 1333 776 1370 rogatione
800 1332 909 1361 Mani-

180 1377 226 1407 lia
240 1386 414 1416 oppressus
429 1382 491 1405 est.
514 1386 574 1416 pro
589 1385 623 1405 se
640 1375 818 1415 ipsedixit.
843 1376 909 1414 pri—

179 1430 256 1450 mus
272 1424 346 1459 post
367 1419 407 1448 U.
433 1419 469 1448 C.
493 1430 510 1448 e
535 1418 673 1458 collegio
697 1419 908 1449 sacerdotum

182 1464 360 1494 damnatus
377 1467 426 1492 est
437 1462 567 1500 judicio
584 1462 725 1503 publico.

226 1507 269 1537 P.
300 1507 417 1543 Galba,
433 1506 525 1536 verr.
552 1506 573 1536 i.
597 1510 628 1540 7.
659 1507 810 1536 Senator.
828 1506 909 1536 Har.

181 1561 265 1590 resp.
284 1550 313 1580 6.
338 1549 501 1579 Pontifex.
517 1549 588 1579 Att.
605 1550 626 1579 i.
647 1553 673 1579 1.
696 1559 756 1589 pro
774 1550 861 1579 Mur.
880 1553 909 1580 8.

181 1595 268 1635 petit
283 1592 493 1623 consulatum
505 1603 580 1623 cum
593 1592 752 1622 Cicerone
762 1594 832 1622 sine
842 1603 910 1633 spe.

228 1638 319 1668 Sero.
339 1636 504 1675 Sulpicius
533 1637 651 1673 Galba,
668 1636 708 1666 de.
731 1637 787 1666 Or.
804 1637 839 1667 ii.
856 1638 911 1667 65.

182 1682 294 1712 Rabir.
319 1684 349 1714 7.
389 1682 522 1717 Orator,
546 1681 585 1718 is,
613 1681 668 1719 qui
704 1680 820 1710 Consul
833 1679 912 1719 suit

185 1735 260 1755 cnm
275 1724 324 1755 M.
340 1723 481 1754 AEmz'lio
498 1723 633 1754 Scauro.
649 1723 745 1753 Brut.
761 1725 813 1755 21.
844 1723 912 1753 elo-

183 1768 499 1807 quentiapraestitit.
512 1768 600 1797 (hui.
615 1771 662 1797 10.
673 1768 724 1797 56.
740 1767 832 1796 valde
842 1767 913 1797 lau-

185 1813 284 1842 datur
314 1812 383 1850 ejus
414 1810 545 1840 dicendi
576 1811 671 1840 ratio.
715 1811 842 1850 primus
872 1821 912 1841 ex

185 1855 314 1886 Latinis
346 1863 415 1884 rem
447 1864 582 1892 augere,
609 1864 739 1891 ornare,
768 1864 912 1892 movere,

185 1899 344 1929 delectari
362 1897 472 1937 coepit.
489 1898 534 1927 iii.
552 1902 581 1931 7.
611 1897 735 1936 aliquid
755 1899 913 1938 asperita—

184 1944 230 1972 tis
254 1943 288 1972 in
313 1941 452 1971 dicendo
476 1941 603 1971 habuit.
628 1941 716 1971 Mur.
736 1944 788 1973 28.
820 1952 848 1972 a.
865 1942 912 1972 M.

188 1986 315 2016 Catone
335 1994 456 2024 proavo
480 1984 647 2015 Uticensis
669 1984 795 2015 frustra
818 1995 915 2015 accu-

187 2035 290 2059 satur.
305 2030 362 2058 Or.
380 2028 400 2057 i.
419 2031 469 2058 53.
500 2034 575 2068 post
598 2034 778 2068 praeturain
796 2029 915 2069 Hispa-

187 2074 278 2103 niam
303 2072 461 2101 obtinuit.
507 2071 546 2100 ln
570 2081 651 2104 euni
672 2077 747 2111 post
770 2072 914 2102 reditum

189 2117 408 2156 quaestioneni
429 2115 511 2144 iulit
533 2116 571 2145 l...
595 2115 798 2153 Scribonius,
816 2126 914 2155 quain

189 2161 301 2190 minus
335 2159 480 2197 graviter
514 2158 710 2199 deprecatus
745 2169 765 2189 a
793 2159 916 2199 populo

190 2210 225 2233 et
240 2204 286 2232 sic
304 2201 464 2231 liberatus
487 2206 548 2231 est.
571 2203 634 2232 vid.
661 2202 791 2233 Sueton.
822 2203 915 2233 Galo.

192 2250 223 2277 3.
240 2252 269 2276 et
286 2247 326 2275 ibi
347 2246 483 2285 lnterpr.
501 2246 591 2276 Idem
608 2250 651 2276 est
663 2247 718 2286 qui
729 2247 917 2277 nominatur

193 2290 235 2320 ad
251 2289 330 2318 Her.
347 2289 389 2318 iv.
408 2292 438 2319 5.

238 2333 329 2363 Serv.
360 2332 477 2369 Galba,
505 2333 663 2372 (proavus
693 2332 913 2373 Imperatmis)

195 2377 238 2406 ad
252 2377 327 2407 Div.
341 2376 384 2404 vi.
406 2379 453 2406 18.
482 2385 620 2415 sponsor
634 2376 673 2406 fit
687 2386 745 2415 pro
762 2377 918 2418 Pompeio

192 2420 273 2450 filio.
298 2419 381 2448 Phil.
404 2419 471 2448 xiii.
502 2423 548 2450 14.
580 2420 621 2449 ad
643 2420 720 2450 Div.
743 2431 774 2450 Χ.
795 2424 847 2451 30.
878 2421 918 2451 de

195 2463 442 2504 percussoribus
466 2463 617 2500 Caesaris,
636 2463 777 2503 epistola
800 2465 840 2494 ad
865 2465 919 2495 Ci-

195 2515 349 2537 ceronem
365 2506 404 2535 de
421 2515 534 2545 pugna
549 2507 745 2537 Mutinensi.
775 2508 827 2538 ad.
843 2509 918 2539 Div.

194 2552 238 2580 xi.
263 2553 310 2580 18.
341 2559 371 2578 v.
390 2548 519 2579 sueton.
538 2551 558 2579 l.
572 2560 598 2580 c.
614 2555 644 2580 et
659 2551 740 2581 Jntt.

245 2594 354 2629 Gsclco,
370 2592 440 2622 Att.
464 2593 506 2622 xi.
530 2595 577 2624 12.
607 2593 772 2624 haeredem
790 2594 920 2625 Cicero-

195 2647 272 2668 nem
289 2637 380 2665 fat-it.

247 2680 398 2715 Galeam,
415 2679 490 2709 Div.
511 2680 532 2708 i.
549 2682 601 2710 20.
632 2681 831 2720 interpretes
846 2691 921 2721 por-

193 2729 369 2754 tentorum
398 2723 432 2751 in
463 2722 584 2754 Sicilia.
631 2724 792 2754 Pecto-eius
821 2730 922 2766 putat

193 2789 257 2809 esse
273 2788 312 2808 ex
327 2778 412 2807 hebr.
428 2778 519 2807 verbo
538 2760 620 2811 175³.
637 2781 805 2818 revelavit,
821 2782 922 2822 expli-

194 2823 293 2858 cavit.

245 2865 277 2895 C.
301 2864 441 2901 Gallius,
456 2864 549 2894 Verr.
564 2865 611 2894 iii.
628 2865 680 2896 65.
707 2866 858 2897 Senator.

238 2908 288 2941 M.
310 2908 449 2947 Gallius,
467 2908 507 2949 Ω.
525 2908 559 2940 F.
575 2908 659 2940 Phil.
676 2910 744 2940 xiii.
762 2912 812 2941 12.
840 2920 924 2952 prae-

666 115 812 145 INDEX
843 116 1123 146 HISTORICUS.

947 207 1066 244 torius,
1083 205 1305 236 Antonianus.
1336 203 1378 234 ad
1399 204 1470 235 Att.
1493 215 1525 235 x.
1552 206 1601 236 15.
1625 202 1673 235 xi.

949 253 1001 282 20.
1032 260 1064 279 v.
1082 249 1225 289 Interpr.
1245 249 1289 279 ad
1305 248 1435 279 Sueton.
1453 247 1523 278 Tib.
1540 248 1571 279 6.

989 294 1032 334 ρ.
1063 293 1203 330 Gallius,
1220 292 1314 322 Brut.
1340 295 1390 322 80.
1421 301 1449 320 a.
1474 291 1520 321 M.
1545 290 1672 321 Calidio

946 346 1022 366 rcus
1045 337 1084 366 fit
1108 336 1147 366 de
1171 336 1311 372 ambitu,
1329 335 1518 365 defenditur
1539 343 1560 364 a
1578 334 1672 364 Cice·

946 389 1037 410 rone.
1053 390 1083 409 v.
1101 379 1194 409 Torr.
1210 380 1256 409 ad
1270 380 1356 418 Aug.
1373 380 1426 412 27.

991 422 1035 452 Ρ.
1059 423 1227 453 Gallonius
1242 423 1367 459 Prteco,
1379 422 1516 461 Quinct.
1532 423 1584 451 30.
1600 419 1675 452 Fin.

946 466 980 495 ii.
1000 468 1030 496 8.
1053 465 1153 496 homo
1165 466 1458 503 luxuriosissimus,
1471 465 1564 502 cujus
1579 472 1674 493 men-

947 519 984 538 sa
1004 509 1095 538 omni
1119 519 1238 548 genere
1261 509 1468 545 deliciarum,
1493 508 1526 537 in
1558 506 1673 546 primis

947 552 1137 591 acipensere
1162 553 1307 589 infamis,
1336 556 1511 592 propterea
1538 553 1674 580 notatus

947 595 1076 625 Lucilio
1099 599 1217 635 poetae.
1246 594 1386 636 ejusdem
1413 596 1460 626 rei
1483 594 1675 624 mentionem.

935 638 1027 678 facil
1043 638 1204 669 Horatius
1222 638 1326 669 Serm.
1343 639 1377 669 ii.
1394 640 1424 669 2.
1439 641 1492 672 47.

997 682 1113 712 Gallus
1129 682 1330 712 Herennius.
1347 692 1376 711 v.
1392 681 1592 712 Herennius.

997 725 1113 756 Gallus
1129 726 1312 755 Cornelius.
1329 725 1371 754 ad
1386 725 1462 754 Div.
1479 735 1510 754 x.
1528 726 1579 754 32.
1596 726 1673 764 poe-

947 772 984 798 ta
1000 774 1050 799 est
1065 770 1176 799 nobilis
1189 770 1247 799 snb
1262 769 1421 806 Augusto,
1439 772 1475 797 ut
1485 766 1583 806 putat
1600 767 1675 798 Ma-

948 813 1069 844 nntius.
1116 813 1189 843 Nec
1211 813 1307 849 video,
1324 812 1403 851 qnid
1416 811 1521 840 obstet.
1536 821 1566 840 v.
1582 811 1676 841 Bur-

949 865 1038 886 man.
1061 857 1107 886 ad
1130 856 1219 887 Suet.
1242 857 1330 896 Aug.
1348 855 1399 886 66.
1417 859 1447 884 et
1467 854 1558 884 Ovz‘d.
1572 853 1613 883 A.
1630 853 1677 885 iii.

997 942 1030 972 C.
1063 943 1191 980 GalluS,
1215 942 1255 972 ad
1282 943 1357 973 Div.
1383 942 1425 972 iv.
1453 942 1489 972 6.·
1519 941 1558 971 de
1580 943 1677 979 genle

951 985 1110 1025 Sulpicia,
1158 985 1273 1016 consul
1321 985 1460 1024 Ligures
1512 984 1594 1014 vicit
1642 993 1677 1013 a.

950 1037 1118 1059 DLxxxvn.
1144 1030 1227 1059 Cato
1257 1032 1306 1059 14.
1335 1029 1521 1068 astrologiae
1538 1028 1677 1068 peritus.

953 1082 983 1102 v.
1001 1071 1178 1112 Sulpicius.

999 1116 1032 1146 C.
1062 1116 1191 1153 Gallus,
1207 1115 1303 1145 Brut.
1327 1118 1379 1146 23.
1407 1115 1491 1155 Top.
1511 1116 1560 1146 12.
1584 1113 1675 1144 Mur.

950 1162 1002 1190 31.
1025 1163 1080 1189 'est
1096 1159 1132 1189 C.
1149 1158 1313 1198 Aquilius,
1328 1159 1366 1190 de
1380 1169 1440 1198 quo
1453 1159 1523 1188 virle
1538 1167 1650 1198 supra.

1000 1202 1130 1241 Gallus,
1145 1203 1316 1243 Quintius
1333 1213 1362 1232 v.
1379 1202 1549 1242 Quintius.

1000 1246 1089 1276 Galli
1105 1247 1170 1276 duo
1185 1251 1262 1276 sunt
1279 1246 1320 1275 ad
1335 1246 1411 1276 Div.
1425 1246 1494 1276 viii.
1508 1248 1540 1276 4.
1562 1253 1678 1285 quam·-

951 1300 1050 1330 quam
1065 1292 1125 1320 alii
1142 1290 1258 1320 liabent
1272 1289 1383 1319 Gallii.

1001 1334 1155 1371 Gamala,
1173 1334 1244 1364 Att.
1261 1333 1317 1362 xii.
1334 1335 1386 1364 23.

1001 1377 1185 1414 Gameleon,
1202 1378 1317 1407 mensis
1339 1377 1443 1407 Graecz'
1458 1385 1582 1406 nomen.
1607 1374 1678 1411 Fin.

951 1421 986 1451 ii.
1003 1424 1055 1451 31.

1000 1464 1169 1495 Gcwi'cmus
1186 1463 1378 1501 Evandrus,
1397 1463 1438 1493 ad
1461 1464 1537 1494 Div.
1561 1462 1630 1493 xiii.
1646 1463 1678 1494 2.

951 1508 1144 1545 statuarius,
1158 1507 1296 1538 libertus
1314 1507 1360 1537 M.
1377 1507 1514 1537 AEmilii.

996 1552 1039 1582 L.
1064 1552 1187 1582 Gavius
1203 1551 1395 1588 Firmanus,
1413 1550 1482 1580 Att.
1500 1550 1542 1580 vi.
1564 1553 1591 1580 1.
1621 1559 1679 1579 ne-

953 1595 1110 1633 gotiator,
1129 1595 1159 1624 ei
1182 1594 1416 1634 praefecturam
1441 1597 1561 1632 rogatu
1582 1593 1680 1624 Bruti

955 1638 1069 1668 Cicero
1087 1637 1220 1668 detulit.
1238 1638 1281 1668 ib.
1298 1640 1329 1668 3.
1351 1637 1611 1667 contumeliosus
1628 1642 1680 1667 est

953 1683 988 1711 in
1005 1682 1212 1712 Ciceronem.
1229 1681 1265 1711 P.
1283 1681 1388 1712 Clodii
1406 1681 1508 1711 canis.
1525 1680 1680 1711 Fratrem

954 1727 1100 1756 habuisse
1115 1726 1238 1764 colligo,
1254 1725 1338 1765 quod
1359 1725 1429 1755 Ate.
1453 1724 1496 1754 iv.
1512 1727 1542 1755 8.
1572 1725 1680 1764 appel-

954 1771 1045 1800 latur
1068 1766 1254 1806 Firmanus,
1271 1773 1302 1799 et
1325 1769 1393 1799 Act.
1417 1768 1459 1797 iv.
1483 1771 1515 1802 7.
1543 1777 1678 1798 comme-

954 1817 1127 1844 morantur
1142 1812 1287 1842 Firmani
1302 1812 1433 1842 fratres.

1000 1856 1043 1886 P.
1067 1856 1190 1886 Gavius
1211 1856 1360 1894 Coscinus,
1377 1855 1469 1885 Verr.
1485 1864 1515 1884 ν.
1531 1855 1584 1885 61.

1000 1900 1039 1930 Τ.
1070 1900 1192 1930 chuius
1216 1899 1341 1939 Caepio,
1360 1898 1430 1929 Att.
1454 1909 1484 1928 v.
1508 1900 1561 1928 20.
1590 1897 1684 1927 loeu-

955 1943 1025 1984 ples
1042 1948 1076 1973 et
1098 1943 1292 1983 splendidus
1315 1943 1426 1973 homo.
1471 1941 1538 1972 Alii
1554 1951 1682 1981 proeno-

957 1986 1172 2026 ‘mensaciunt
1186 1988 1276 2016 Sext.
1305 1986 1388 2026 quod
1399 1986 1517 2027 probat
1531 1985 1683 2016 Peri-zon.

956 2032 1068 2062 Am'm.
1087 2031 1133 2061 H.
1151 2040 1221 2069 cap.
1242 2034 1268 2060 l.

1008 2074 1130 2104 Gavius
1145 2073 1272 2111 Olelus,
1288 2074 1378 2103 Sext.
1395 2075 1447 2103 33.
1484 2072 1556 2103 Hor.-
1569 2081 1684 2102 nomen

956 2119 1047 2148 varie
1062 2122 1232 2148 tentarunt
1247 2118 1310 2147 viri
1325 2117 1417 2146 docti.
1458 2115 1607 2146 Max-ime
1622 2125 1683 2146 au-

959 2166 1021 2192 tem.
1039 2162 1200 2201 probatur
1214 2162 1312 2191 doctis
1332 2160 1424 2196 viris,
1439 2169 1469 2188 v.
1492 2168 1519 2188 c.
1545 2159 1684 2198 Groevz'o,

958 2203 1143 2245 conjectura
1167 2205 1342 2240 Perizonii,
1366 2205 1420 2242 qui
1447 2203 1588 2241 legebat.-
1619 2202 1684 2232 Ga.-

958 2249 1029 2278 vius
1041 2249 1163 2287 Caepio.
1174 2258 1204 2278 v.
1217 2247 1391 2278 Animadv.
1402 2245 1490 2277 Hist.
1502 2256 1528 2276 c.
1547 2249 1618 2286 1.p.
1631 2249 1684 2277 30.

1003 2292 1046 2322 L.
1079 2292 1214 2330 Gellius,
1238 2291 1333 2320 Brut.
1359 2292 1411 2323 27.
1438 2286 1693 2319 contubernalis

961 2335 997 2365 C.
1029 2335 1188 2365 Carbonis
1225 2335 1259 2364 in
1295 2332 1481 2363 consulatu.
1519 2332 1597 2363 ibid.
1631 2335 1685 2366 47.

961 2378 1065 2417 qualis
1091 2384 1203 2409 orator
1226 2377 1339 2407 fuerit.
1369 2376 1411 2406 L.
1443 2376 1609 2408 Crasslet
1634 2375 1684 2406 M.

960 2423 1094 2453 Antonii
1108 2422 1299 2462 temporibus
1304 2420 1434 2460 floruit.

1005 2467 1047 2496 L.
1070 2466 1204 2502 Gellius,
1219 2464 1311 2494 Balb.
1330 2467 1360 2495 8.
1375 2462 1483 2502 legem
1499 2462 1538 2492 de
1551 2463 1686 2493 civitate

960 2508 1041 2539 tulit
1057 2519 1096 2539 ex
1112 2509 1253 2538 Senatus
1269 2506 1432 2537 consulto.
1448 2517 1478 2536 v.
1491 2506 1565 2536 [nd.
1578 2507 1685 2544 Legg.

963 2553 1096 2583 Cluent.
1123 2555 1176 2583 42.
1203 2560 1319 2581 censor
1345 2560 1420 2580 cum
1449 2549 1511 2579 Cn.
1540 2549 1686 2579 Lentulo

962 2601 1101 2635 tempore
1114 2593 1236 2636 judicii
1266 2593 1460 2630 Cluentimzi,
1478 2594 1600 2622 hiennio
1615 2596 1688 2632 post

961 2641 1179 2675 consulatum,
1205 2648 1300 2678 quem
1334 2647 1410 2667 eccm
1453 2636 1509 2667 Cn.
1547 2636 1688 2666 Lentulo

960 2684 1060 2721 gessit
1075 2693 1106 2713 a.
1121 2690 1277 2712 Dctxxxl.
1293 2681 1335 2711 ad
1349 2680 1442 2720 Quir.
1457 2689 1490 2719 p.
1507 2679 1603 2709 redit.
1621 2683 1650 2713 7.
1668 2689 1688 2709 a

964 2727 1121 2756 Cicerone
1151 2735 1254 2765 remp.
1286 2731 1514 2754 conservatam
1546 2723 1581 2752 in
1609 2731 1688 2752 eon-

963 2771 1057 2800 cione
1081 2769 1174 2799 dixit.
1196 2769 1304 2798 Pison.
1319 2770 1350 2798 3.
1374 2766 1525 2797 Ciceroni
1548 2767 1686 2796 civicam

963 2814 1074 2844 deberi
1105 2813 1196 2842 dicit.
1245 2809 1334 2852 Ejus
1363 2811 1480 2840 mentio
1503 2809 1553 2849 stt
1586 2810 1686 2840 etiam

963 2858 1056 2887 Verr.
1067 2857 1087 2886 i.
1103 2859 1156 2886 48.
1173 2855 1207 2886 in
1222 2855 1315 2885 Verr.
1331 2854 1364 2889 ii.
1378 2852 1527 2893 39.Jorte
1537 2853 1633 2883 etiam
1647 2852 1689 2882 ad

965 2901 1040 2932 Div.
1056 2911 1087 2931 x.
1107 2903 1156 2934 17.
1172 2899 1252 2940 Leg.
1265 2899 1286 2929 i.
1300 2899 1352 2929 20.
1368 2907 1408 2929 ex
1423 2902 1570 2939 praetura
1583 2895 1688 2932 Atho-3
