1804 3178
674 175 822 206 'NDEX
852 176 881 204 ll
888 176 1009 207 wron
1016 179 1135 210 rem.

189 263 378 310 Philippus,
393 266 500 300 naec.
519 269 568 298 18.
589 265 774 298 Temnites.

189 308 380 352 Philippus,
410 312 452 344 ad
486 311 563 343 Div.
594 311 662 341 xiii.
686 313 739 343 28.
766 311 869 343 Lace-

144 352 341 386 daemonius.

189 397 233 429 1..
262 397 449 440 Philippmt,
472 396 515 438 ρ.
532 396 569 428 F.
593 407 610 428 e
630 396 779 428 stlat-ciis.
803 398 867 429 Off.

144 440 181 472 ii.
218 444 267 476 17.
299 443 340 483 Ω.
379 441 477 471 filius.
515 441 606 471 Sext.
644 444 696 472 51.
731 442 868 472 vitricus

144 483 258 521 Gellii,
287 485 434 516 seditiosi
466 483 623 521 hominis,
646 484 757 515 fratris
782 486 869 515 Con-

144 527 227 558 sulis
242 528 281 559 L.
297 528 407 559 Gellii.
432 527 543 558 Plane.
570 529 623 559 21.
647 528 680 557 in
705 529 868 567 petitione

142 571 334 602 tribunatus
368 570 438 602 mil.
461 570 627 611 repulsam
657 571 749 601 tulit.
772 573 866 602 offic.

145 614 181 645 ii.
208 615 262 645 21.
291 615 447 646 tribunus
473 614 577 655 plebis
607 615 668 644 fcrt
693 614 800 653 legem
822 616 866 646 A-

142 657 300 696 grariam,
330 658 388 689 sed
410 668 483 689 eam
507 658 603 688 facile
627 659 790 697 antiquari
810 669 866 699 pa-

141 701 240 731 titur.
263 702 298 732 in
321 702 393 741 ejus
414 702 567 732 suasione
591 701 743 741 quaedam
767 703 865 732 nimis

143 743 352 785 populariter
372 749 409 776 et
441 746 624 786 perniciose
662 745 755 775 dixit.
790 745 865 775 Mu-

142 796 213 818 ren.
243 790 294 823 17.
326 787 423 820 Brut.
449 792 502 820 45.
527 790 561 819 in
586 788 747 829 petitione
779 788 866 818 Con-

143 830 273 862 tulatus
296 842 317 862 a
338 832 385 863 M.
420 831 589 863 Herennio
620 832 775 862 vincitur.
800 831 864 862 Ra-

139 873 202 905 bir.
226 879 257 910 7.
280 875 407 906 Consul
429 886 505 906 cum
530 877 620 905 Sext.
642 874 733 905 Julio
757 875 864 905 Caesa-

140 927 186 948 re.
210 918 268 950 Or.
292 919 313 949 i.
336 923 368 954 7.
392 919 517 950 Consul
538 919 674 949 tribuno
703 918 751 948 M.
774 919 863 949 Dru-

139 971 176 992 so
198 962 404 1001 adversatur,
426 967 461 993 et
483 962 524 992 ab
546 963 698 1001 equitum
714 962 862 1002 partibus

140 1009 220 1036 stat.
256 1005 314 1036 Or.
339 1007 385 1036 iii.
414 1009 441 1036 l.
464 1006 610 1045 graviter
636 1006 669 1035 in
701 1005 861 1036 Senatum

140 1048 267 1079 Consul
290 1049 325 1079 in
352 1050 512 1080 concione
536 1049 715 1086 invehitur,
736 1058 770 1078 et
787 1059 860 1089 pro-

137 1095 255 1131 pterea
267 1102 288 1123 a
302 1093 341 1123 L.
350 1092 468 1123 Crasso
475 1093 682 1132 objurgatur,
696 1092 859 1123 referente

137 1134 350 1166 adsenatum
362 1135 484 1167 Druso.
517 1136 617 1166 Dom.
633 1138 684 1167 32.
714 1146 860 1166 avuncu-

136 1177 210 1209 lum
225 1188 325 1210 suum
348 1179 474 1210 Censor
488 1180 522 1210 in
545 1179 714 1210 recitando
739 1186 858 1210 senatu

136 1223 287 1263 praeterit
302 1223 399 1254 Brut.
419 1223 471 1254 64.
486 1233 545 1263 pro
561 1223 622 1253 Cn.
639 1223 786 1263 Pompeii
801 1223 857 1252 bo-

137 1265 190 1296 nis
206 1265 288 1297 dicit
302 1276 414 1298 senex.
446 1266 516 1297 Att.
541 1267 607 1296 viii.
633 1270 664 1297 3.
681 1267 715 1296 in
741 1266 857 1296 Cinnae

136 1307 367 1341 dominatione
383 1320 477 1340 arma
492 1319 609 1350 capere
634 1309 751 1340 noluit.
784 1309 858 1340 Ma-

136 1351 197 1383 nil.
212 1355 266 1384 21.
278 1353 319 1384 de
329 1353 392 1384 Cn.
408 1354 564 1393 Pompeio
581 1353 708 1383 dictum
723 1353 857 1383 honori-

133 1395 250 1427 ficum.
278 1396 374 1428 Brut.
399 1400 452 1432 47.
475 1397 623 1437 optimus
650 1406 718 1426 suae
746 1397 856 1427 aetatis

132 1438 257 1471 Orator
281 1446 356 1480 post
381 1440 420 1471 L.
444 1441 599 1472 Crassum
623 1445 659 1470 et
680 1439 728 1470 M.
750 1440 854 1470 Anto-

132 1482 241 1514 nium.
264 1483 322 1515 Or.
343 1485 378 1515 ii.
403 1484 456 1515 61.
478 1483 573 1515 offic.
596 1484 616 1514 i.
641 1487 693 1515 30.
715 1483 855 1514 facetus.

127 1526 211 1558 ibid.
233 1526 267 1557 ii.
293 1530 343 1562 17.
366 1527 494 1558 solebat
531 1527 680 1568 gloriari,
714 1537 749 1556 se
783 1527 854 1557 sine

131 1568 202 1599 ullo
217 1579 356 1601 munere
370 1570 528 1612 adeptum
546 1580 615 1601 esse
632 1570 757 1608 omnia,
781 1580 854 1610 quae

131 1612 339 1653 amplissima
382 1620 595 1654 putarentur.
633 1615 672 1644 dc
707 1624 741 1644 eo
777 1624 855 1654 cape

129 1655 209 1696 Agr.
226 1657 260 1687 ii.
280 1658 330 1688 16.
345 1667 442 1698 quem
459 1660 564 1689 locum
579 1659 665 1688 male
680 1656 855 1688 Laureda-

128 1708 194 1730 mu
206 1700 245 1731 de
264 1701 323 1732 Cn.
339 1701 477 1732 Lentuli
502 1701 631 1740 Collega
656 1702 852 1741 interpreta-

130 1743 251 1774 batur.-
274 1744 315 1774 de
338 1744 395 1776 Or.
418 1745 451 1776 ii.
475 1748 528 1777 54.
549 1745 668 1786 Quint.
703 1746 755 1776 22.
781 1745 854 1776 vide

128 1788 230 1818 etiam
244 1786 282 1818 L.
297 1787 456 1819 Marcius.

174 1830 217 1861 L.
239 1829 430 1872 Philippus,
448 1831 489 1863 L.
511 1831 550 1864 F.
568 1831 612 1873 Ω.
629 1831 678 1862 Ν.
699 1831 783 1862 Phil.
805 1832 852 1863 iii.

131 1876 184 1905 10.
198 1874 336 1906 vitricus
357 1875 500 1907 Octavii.
517 1875 599 1906 Har.
626 1875 724 1915 Resp.
750 1876 781 1906 6.
810 1875 852 1906 ad

128 1916 206 1948 Div.
240 1917 262 1948 i.
291 1923 324 1954 9.
347 1919 474 1950 Consul
503 1929 581 1949 cum
612 1919 675 1949 Cn.
704 1919 851 1950 Lentulo

126 1959 335 1992 Marcellino.

171 2003 215 2036 L.
251 2003 440 2045 Philippus,
463 2005 506 2037 L.
530 2004 568 2036 F.
599 2005 642 2036 L.
676 2006 725 2037 N.
763 2005 849 2037 Phil.

126 2046 175 2078 iii.
213 2050 262 2079 10.
295 2049 499 2088 provinciam
529 2049 590 2079 sibi
627 2049 668 2079 ab
703 2049 850 2080 Antonio

126 2089 242 2122 datam
258 2092 434 2123 recusavit.
457 2092 540 2122 Phil.
557 2092 624 2122 viii.
644 2095 693 2123 10.
716 2093 758 2123 ad
773 2093 849 2124 Div.

125 2134 185 2165 xii.
205 2137 238 2166 4.
261 2134 392 2175 legatus
415 2145 435 2166 a
456 2140 575 2166 senatu
605 2134 777 2167 Mutinam
807 2137 850 2167 ad

125 2176 175 2208 Μ.
191 2177 376 2210 Antonium
393 2179 554 2219 flagitiose
565 2178 656 2209 facit.
673 2179 715 2209 ad
727 2181 799 2210 Att.
817 2191 847 2212 x.

125 2222 159 2252 4.
190 2231 220 2252 v.
248 2224 296 2254 12.
329 2223 385 2253 xii.
413 2223 461 2253 16.
489 2226 536 2254 18.
565 2221 651 2252 male
674 2222 847 2254 Manutius

125 2263 216 2295 hunc
257 2275 336 2296 cum
375 2270 471 2306 patre
509 2265 698 2305 confundit,
727 2271 768 2298 ut
805 2267 848 2298 ad

123 2307 209 2340 Phil.
231 2309 278 2340 iii.
304 2312 354 2341 10.

167 2352 212 2394 Q.
234 2351 424 2393 Philippus,
449 2352 543 2384 Balb.
569 2356 618 2384 11.
641 2352 716 2383 exul
736 2353 847 2384 Nuce-

123 2394 182 2426 riae
195 2395 289 2427 vixit.
331 2397 387 2428 An
407 2398 446 2435 is,
461 2399 519 2437 qui
541 2397 587 2428 his
613 2396 814 2437 Cbnsulfuit
828 2399 846 2429 ι’

121 2448 155 2469 a.
178 2447 304 2470 anvn.
326 2448 482 2471 Dtxxxlv.

166 2482 210 2523 ,9.
233 2481 420 2524 Philippus,
444 2483 486 2514 ad
515 2483 591 2515 Div.
624 2483 693 2514 xiii.
716 2486 769 2518 73.
793 2486 846 2518 74.

122 2524 306 2557 Proconsul
336 2532 481 2558 vocatur.
514 2527 690 2558 Manutius
726 2529 846 2559 intelll-

118 2569 292 2609 gitAsiae:
315 2571 402 2611 quod
405 2572 522 2610 probae
544 2571 702 2602 Groevius.

166 2612 342 2652 Philistus,
377 2613 588 2654 Syracusius,
620 2614 697 2645 Div.
730 2615 752 2644 i.
791 2616 844 2646 20.

121 2657 176 2688 33.
196 2655 374 2688 historicus
406 2657 522 2689 doctus
552 2663 587 2688 et
620 2657 772 2697 diligens,
801 2667 845 2688 ae-

121 2699 228 2739 qualis
260 2700 413 2741 Dionysii
445 2703 591 2742 tyranni.
634 2701 691 2731 Or.
723 2702 757 2731 ii.
795 2704 844 2732 13.

121 2743 176 2774 23.
197 2742 370 2775 familiaris
392 2744 556 2786 Dionysii,
579 2745 732 2775 imitatur
751 2744 844 2774 Thu-

121 2785 285 2826 eydidem.
319 2787 416 2819 Brut.
449 2791 497 2823 17.
542 2797 608 2818 non
633 2787 732 2818 habet
754 2798 845 2818 ama-

119 2832 221 2860 tores.
241 2829 298 2861 Br.
321 2834 374 2862 85.
419 2831 460 2871 Ω.
483 2832 534 2863 Fr.
557 2832 592 2862 ii.
620 2834 668 2863 13.
706 2842 736 2862 υ.
761 2830 843 2863 Dio-

119 2872 189 2903 dor.
206 2871 272 2903 See.
289 2874 357 2904 xiii.
365 2885 402 2915 p.
415 2877 489 2906 222.

164 2915 276 2954 Philo,
297 2917 399 2948 Acad.
423 2919 467 2950 iv.
491 2919 521 2949 6.
553 2917 753 2948 Clitomachi
783 2927 842 2948 au-

119 2957 220 2992 ditor.
271 2960 331 2992 Or.
353 2961 401 2992 iii.
421 2963 476 2995 28.
507 2962 542 2994 in
564 2961 745 2994 Academia
771 2970 842 2991 ma-

1553 173 1630 210 185

913 267 1000 298 xime
1018 267 1122 299 floret.
1145 269 1239 300 Brut.
1262 273 1313 305 89.
1338 270 1488 311 prinecps
1505 270 1628 301 Acade-

912 311 988 340 miae
1011 312 1151 352 Quarta·
1173 312 1400 344 Mithridatico
1432 312 1517 342 bello
1549 324 1626 345 cum

911 355 1128 393 optimatibus
1165 356 1415 387 Atheniensium
1447 356 1544 385 domo
1577 357 1626 386 l‘u-

910 397 974 435 git,
996 402 1030 428 et
1052 398 1190 429 Romam
1215 400 1315 429 venit.
1353 400 1546 430 Ciceronem
1570 409 1628 429 au-

910 440 1052 471 ditorem
1090 441 1216 472 habuit.
1253 441 1294 471 ad
1326 442 1401 473 Div.
1439 442 1506 472 xiii.
1548 445 1573 471 l.
1597 443 1626 472 ci

910 483 1004 514 valde
1027 485 1195 524 probatur.
1220 485 1320 515 Acad.
1345 486 1385 515 iv.
1407 487 1439 516 4.
1463 485 1532 522 eju<
1555 485 1627 515 libri

909 526 984 557 duo.
1010 528 1030 558 i.
1054 531 1085 558 4.
1108 534 1226 559 contra
1257 538 1334 559 eum
1367 528 1480 558 scribit
1512 528 1625 557 Antio-

910 570 1002 601 chus.
1034 570 1133 601 Tusc.
1157 572 1190 603 ii.
1217 575 1266 603 lo.
1290 572 1433 601 versibus
1457 570 1527 600 locu
1562 572 1627 601 uti·

908 618 975 644 tur.
1011 614 1088 645 ibid.
1126 618 1156 645 3.
1196 615 1261 646 alio
1298 621 1447 654 tempore
1486 613 1626 654 philoso-

908 657 1034 696 phiam,
1053 657 1118 688 alio
1135 658 1333 689 rhetoricam
1361 657 1509 688 docebat.
1527 657 1625 686 Aemi.

909 701 929 730 i.
953 704 984 732 4.
1031 702 1190 739 magister
1211 701 1379 733 Antiochi.
1400 700 1500 731 Tusc.
1523 710 1553 730 ν.
1575 704 1627 733 37.

908 745 1149 783 peregrinatur.

951 786 1061 824 Philo,
1078 789 1292 825 Archia-ctus,
1319 787 1376 818 Or.
1400 787 1421 817 i.
1449 789 1498 817 14.
1522 785 1625 816 Athe-

907 830 1074 861 niensibus
1098 832 1393 861 armamentarium
1417 830 1509 867 fecit,
1532 827 1626 870 cnjus

906 875 1022 904 mencio
1024 873 1186 914 frequens
1199 876 1352 914 antiquis.
1377 874 1463 904 Lam
1481 877 1626 904 veterum

906 919 1034 948 collecta
1059 918 1119 948 vid.
1137 929 1190 959 ap.
1206 918 1348 949 dentium
1372 919 1411 948 de
1428 917 1567 948 Pictura
1589 918 1624 947 in

909 960 1012 991 Caeal.
1029 959 1129 1001 Arlg't'.

946 1004 1054 1039 Philo,
1072 1005 1113 1034 ad
1128 1005 1203 1035 Div.
1219 1004 1253 1035 ii.
1275 1005 1324 1036 12.
1347 1004 1413 1034 viii.
1431 1006 1460 1035 8.
1485 1002 1623 1034 libertus

903 1046 950 1078 M.
969 1048 1062 1078 Coelii
1080 1048 1167 1079 Rufi.

944 1091 988 1122 L.
1015 1092 1123 1128 Philo,
1147 1101 1163 1122 e
1193 1091 1344 1121 Veturiis.
1371 1091 1406 1120 in
1431 1089 1542 1120 Caeoil.
1572 1093 1623 1124 19.

901 1138 1045 1173 quaestor
1058 1135 1095 1165 C.
1112 1134 1250 1165 Servilii.
1267 1135 1306 1164 Ei
1322 1140 1443 1174 negata
1458 1140 1508 1164 est
1525 1143 1621 1164 accu-

899 1177 992 1208 sandi
1009 1177 1135 1208 Servilii
1151 1184 1308 1218 potestas.

944 1221 1147 1258 Philoctetes,
1165 1221 1205 1251 ad
1222 1220 1301 1251 Her.
1327 1221 1367 1250 iv.
1387 1223 1438 1252 30.
1464 1219 1563 1250 Tnsc.
1579 1220 1622 1251 iv.

899 1266 950 1295 30.
975 1263 1233 1304 Pa’antisfilius,
1250 1265 1302 1294 cui
1314 1264 1472 1294 Hercules
1488 1265 1623 1294 moriem·

897 1309 1034 1347 sagittas
1063 1308 1200 1338 tradc'dil
1228 1306 1283 1349 &aa
1315 1306 1470 1338 lllemorict
1496 1310 1622 1347 lapsum

903 1351 1094 1390 Ciceronem,
1105 1361 1166 1391 pro
1183 1352 1318 1382 Paeanee
1328 1352 1466 1390 posuisse
1478 1348 1624 1381 Paeantis

885 1395 1164 1435 ιῙί1ι“ιι71ι,ριιί(ιὸιιτ
1189 1394 1352 1425 Victorius
1375 1393 1454 1424 Var.
1473 1394 1562 1425 Lect.
1586 1394 1622 1425 ii.

901 1441 949 1469 15.
979 1439 1036 1469 sed
1055 1437 1241 1478 dffenditur
1262 1448 1283 1469 α
1314 1437 1442 1478 ίῖρῙὶιηο
1464 1438 1509 1468 ad
1526 1437 1619 1468 Ouid.

895 1481 944 1512 M.
977 1482 1020 1513 ix.
1050 1484 1124 1517 229.
1164 1483 1217 1513 ubi
1254 1482 1363 1513 eadem
1401 1482 1555 1512 dicuntur
1584 1481 1623 1511 de

897 1525 1044 1556 Paeantis
1053 1526 1140 1565 filio.

939 1568 1165 1606 Philodamus,
1181 1567 1273 1599 Verr.
1289 1569 1323 1599 ii.
1339 1570 1391 1598 44.
1418 1567 1598 1607 Opuntius.

940 1611 1165 1649 Philodamus,
1180 1612 1272 1642 Verr.
1293 1612 1314 1642 i.
1338 1613 1391 1642 25.
1422 1612 1620 1650 Lampsace-

896 1665 1015 1686 norum
1032 1657 1199 1696 princeps,
1211 1655 1338 1686 aVerre
1355 1662 1490 1685 vexatus
1499 1659 1533 1684 ct
1542 1660 1618 1685 tan·

896 1699 970 1730 dem
987 1700 1126 1730 occisus.

939 1743 1160 1780 Philodenms,
1177 1742 1248 1772 Fin.
1274 1742 1309 1772 ii.
1336 1744 1389 1773 35.
1421 1740 1616 1781 Epicureus,

893 1796 986 1827 quem
1008 1788 1154 1817 nonnulli
1171 1785 1402 1816 Philodamum
1418 1789 1541 1821 vocant,
1560 1785 1620 1814 mi-

893 1840 955 1860 nus
970 1835 1063 1860 recte.
1080 1840 1108 1859 υ.
1125 1830 1259 1868 lllenag.
1275 1829 1320 1859 ad
1335 1828 1449 1859 LaFrt.
1465 1838 1496 1858 x.
1514 1831 1544 1858 3.
1574 1828 1621 1857 ad

893 1884 965 1904 eum
977 1875 1118 1914 pertinet
1135 1875 1219 1903 locus
1234 1872 1365 1902 Horatii
1382 1872 1450 1902 Sat.
1467 1871 1487 1902 i.
1501 1873 1530 1902 2.
1547 1874 1617 1901 101.

892 1919 968 1947 item
983 1917 1209 1956 intelligendus
1221 1920 1267 1946 est
1281 1917 1315 1946 in
1332 1915 1396 1946 Pis.
1412 1917 1463 1946 28.
1486 1924 1515 1944 ν.
1530 1914 1616 1945 Tur-

892 1962 961 1991 neb.
977 1961 1059 1991 Adv.
1076 1961 1140 1990 xxi.
1161 1963 1210 1990 15.

937 2004 1141 2041 Philodorus,
1158 2003 1265 2033 Flacc.
1282 2004 1335 2033 22.
1358 2000 1559 2032 Trallianus.

935 2047 1139 2085 Philogenes,
1156 2046 1228 2076 Att.
1245 2056 1274 2076 v.
1296 2049 1343 2077 13.
1377 2046 1417 2075 vi.
1441 2048 1472 2075 3.
1501 2053 1613 2075 servus

892 2095 950 2121 aut
968 2091 1104 2121 libertus
1121 2090 1236 2120 Attici.

935 2134 1143 2173 Philogonus,
1161 2133 1201 2173 Q.
1226 2132 1277 2163 Fr.
1300 2131 1322 2162 i.
1346 2134 1376 2162 3.
1405 2130 1543 2161 libertus
1569 2128 1611 2170 Ω.

891 2179 1071 2210 Ciceronis.

935 2222 1118 2258 Philolaus,
1145 2220 1201 2250 Or.
1234 2219 1280 2248 iii.
1313 2221 1364 2249 34.
1403 2217 1610 2256 Crotoniata,

954 2265 1127 2305 hagoreus,
1145 2262 1295 2302 Archytae
1312 2261 1503 2301 discipulus.

933 2309 1087 2345 Philoles,
1104 2305 1353 2343 Alabandensis,
1375 2304 1416 2335 ad
1439 2304 1515 2335 Div.
1539 2302 1609 2333 xiii.

933 2396 1140 2431 Philotimus,
1172 2392 1242 2423 Att.
1272 2392 1306 2423 ii.
1335 2393 1367 2422 4.
1406 2390 1448 2421 iv.
1485 2393 1533 2421 10.
1567 2388 1610 2420 ad

887 2440 964 2472 Div.
980 2440 1025 2470 iii.
1042 2443 1072 2474 9.
1091 2439 1150 2467 δερ.
1167 2437 1304 2466 libertus
1321 2434 1502 2465 Ciceronis.

931 2483 1140 2519 Philoxenus,
1156 2480 1226 2510 Att.
1243 2480 1285 2510 iv.
1301 2479 1332 2509 6.
1358 2481 1456 2518 posta
1471 2477 1611 2517 Syracu-

886 2537 999 2564 sanuS,
1027 2526 1082 2565 qui
1100 2526 1132 2555 in
1149 2523 1328 2554 lautumias
1352 2521 1522 2560 conjectus
1542 2528 1606 2557 est,

887 2571 974 2610 quod
985 2569 1136 2608 Dionysii
1149 2576 1260 2597 versus
1277 2564 1511 2605 improbasset:
1527 2563 1607 2594 edu-

887 2620 942 2644 cto
958 2624 975 2643 e
991 2622 1122 2642 carcerc
1139 2620 1216 2641 cum
1233 2609 1289 2639 alii
1305 2610 1375 2649 ejus
1390 2617 1502 2638 versus
1524 2616 1608 2647 pra!-

886 2656 963 2687 lecti
979 2660 1100 2691 essent,
1116 2658 1233 2695 sponte
1253 2653 1288 2683 in
1311 2660 1478 2682 carcerem
1501 2660 1608 2681 rever-

885 2710 940 2730 sus
957 2706 1008 2730 est
1024 2699 1148 2739 potius,
1165 2706 1265 2737 quam
1280 2705 1335 2726 eos
1350 2694 1512 2725 laudaret.

930 2743 1060 2779 Philus,
1090 2741 1160 2771 Att.
1192 2740 1235 2770 iv.
1269 2739 1318 2770 16.
1349 2747 1534 2777 cognomen
1567 2736 1608 2768 L.

886 2785 1002 2816 Fulvii.
1018 2785 1126 2816 Amic.
1142 2787 1174 2815 4.
1190 2787 1223 2819 7.
1242 2785 1292 2818 19.
1321 2781 1485 2813 laudatur.

929 2829 1095 2865 Phintias,
1110 2828 1206 2859 Offie.
1222 2827 1269 2858 iii.
1289 2829 1339 2857 10.
1370 2824 1605 2865 Pythagoreus.

928 2873 1079 2910 Phoenix,
1095 2872 1152 2902 Or.
1178 2871 1225 2902 iii.
1251 2873 1301 2901 15.
1332 2877 1442 2899 comes
1457 2866 1605 2904 Achillis,

883 2915 1036 2947 disertus.

928 2959 1095 2997 Phormio,
1120 2959 1179 2989 Or.
1206 2957 1241 2989 ii.
1271 2958 1320 2987 18.
1351 2954 1604 2994 Peripateticus,

918 3006 977 3036 14
