1800 3131
145 182 226 219 256

143 278 184 308 iis
199 279 256 317 sit,
267 288 302 309 se
317 278 400 309 velle
417 279 615 310 demmbere.
633 280 711 311 ibid.
728 281 873 321 turpiter

142 322 340 359 decumbere,
364 323 406 353 cf.
440 323 524 353 l'hil.
556 324 602 355 iii.
629 327 678 354 14.
708 324 726 343 ⁵*
743 325 783 354 dc
807 335 871 354 coe-

143 369 257 396 nante.
281 366 374 397 Verr.
400 367 447 397 iii.
477 369 529 399 25.
561 377 638 398 cum
665 368 700 398 in
723 368 870 398 triclinio

140 409 347 441 decubuisset.

184 453 342 484 Decuria.
365 453 481 484 tabula
496 464 521 484 s.
538 453 664 491 album,
681 454 714 484 in
732 464 796 493 quo
812 456 868 485 Se-

140 497 297 527 natorum
328 498 465 527 nomina
494 498 629 538 scripta,
656 499 711 536 qui
740 498 868 537 judicia

140 540 372 571 administrare
388 540 521 578 debent,
537 551 561 571 s.
576 541 687 570 classis
698 541 865 580 judicum.

140 583 296 615 Decuriae
314 588 426 615 autem
444 595 483 614 ex
500 585 655 614 instituto
672 589 782 613 vetere
799 589 867 614 tres

135 627 288 665 fuerunt,
304 631 356 658 tot
369 638 414 658 sc.
432 628 466 657 in
484 632 565 667 quot
578 633 686 666 partes
698 630 867 657 senatores

131 671 324 709 judicantes
337 671 491 710 descripti
503 675 599 700 erant
611 681 620 707 ;
638 670 756 708 quibus
770 680 867 709 quar-

137 720 209 744 tam
233 715 355 753 adjecit
380 717 563 752 Augustus,
589 715 726 743 Sueton.
760 723 788 743 c.
812 717 864 744 33.

138 758 195 788 ubi
220 759 286 789 vid.
318 758 458 787 Casaub.
484 757 638 795 quintam
667 756 778 794 Caius,
807 767 866 786 au-

137 805 229 832 ctore
259 801 374 831 eodem
403 801 540 830 Sueton.
566 810 594 829 c.
627 800 675 830 16.
714 801 862 838 Sextam,

136 854 338 884 quamquam
362 848 510 883 rogam,
525 850 640 874 tamen
664 843 784 873 addere
806 854 864 874 no-

137 888 201 918 luit
224 888 338 918 Galba.
370 888 508 916 Sueton.
533 897 561 916 c.
590 890 638 918 14.
663 886 756 916 Verr.
773 888 793 917 i.
811 889 863 918 61.

136 932 171 962 ii.
190 934 242 963 32.
271 931 405 961 Cluent.
431 934 482 965 37.
514 930 579 961 vid.
597 930 636 960 de
657 930 707 960 his
722 931 863 960 decuriis

137 975 220 1005 Plin.
247 975 358 1004 xxxiii.
378 977 405 1004 1.
431 976 461 1004 ⁶2.
485 973 568 1004 *De
586 974 751 1010 iudicibus
768 975 863 1004 deen—

136 1020 188 1049 νέα
211 1019 312 1048 etiam
336 1023 400 1055 est,
415 1018 472 1048 sed
493 1017 558 1047 alio
575 1026 687 1054 sensu,
704 1018 797 1047 Verr.
815 1018 861 1048 iii.

138 1066 187 1093 ll.
212 1061 291 1101 quid
307 1061 445 1091 tandem
462 1060 607 1101 postulat
619 1061 752 1090 arator?
778 1061 861 1091 nihil

135 1106 197 1136 nisi
224 1117 262 1135 ex
291 1106 400 1135 edicto
418 1105 585 1144 judicium
613 1105 648 1134 in
675 1104 862 1144 octuplum.

133 1149 213 1189 quid
228 1148 394 1189 Apronius
408 1150 420 1178 ?
437 1158 503 1178 non
520 1151 659 1178 recusat.
685 1148 764 1187 quid
778 1158 861 1188 prae—

130 1194 212 1224 tor?
231 1193 331 1232 jubet
354 1198 603 1232 recuperatores
627 1192 772 1230 rejicere.
792 1191 861 1222 De-

132 1239 243 1268 curias
254 1237 448 1266 scribamus.
464 1237 521 1277 (sc.
537 1238 648 1265 arator
660 1234 754 1273 dicit)
769 1235 859 1275 Quas

131 1281 310 1311 decurias?
350 1280 543 1320 (respondet
571 1278 702 1317 Verres)
735 1279 775 1309 de
806 1289 860 1308 co-

132 1325 227 1355 horte
244 1334 319 1354 mea
329 1324 469 1362 rejicies.
494 1324 558 1353 Hic
570 1323 704 1352 decuria
716 1332 782 1352 non
795 1327 859 1360 est,

130 1371 171 1398 ut
192 1368 320 1405 Romae,
337 1367 426 1406 quod
439 1366 614 1397 videbatur
628 1366 858 1403 Hotomanno,

133 1421 293 1442 numerus
325 1411 446 1441 civium
485 1411 581 1440 Rom.
619 1410 660 1440 de
691 1416 859 1439 conventu

131 1455 338 1496 provinciali,
355 1463 496 1493 quorum
515 1458 579 1490 est,
595 1463 709 1482 causas
728 1452 859 1492 judica-

131 1509 179 1536 re,
203 1499 260 1529 sed
282 1497 450 1528 indiculus
471 1497 626 1535 judicum
651 1496 858 1526 delectorum

129 1543 173 1573 ad
198 1552 332 1572 causam
359 1541 504 1580 aliquam
533 1540 797 1579 cognoscendam
824 1543 859 1569 et

121 1586 353 1626 judicandam.
399 1585 520 1615 Arator
542 1593 609 1614 nou
635 1583 794 1623 postulat,
818 1588 858 1613 ut

129 1630 191 1660 sibi
215 1630 310 1670 copia
334 1629 393 1658 fiat
409 1628 551 1658 decuriae
563 1627 730 1666 judicum,
747 1627 804 1656 sed
819 1631 858 1657 ut

128 1674 262 1704 decuria
281 1673 432 1712 judicum
449 1672 615 1701 scribatur
629 1675 663 1700 et
680 1670 857 1710 deligatur.

128 1717 203 1747 *ln
242 1717 391 1747 decurias
419 1715 523 1745 etiam
553 1715 752 1745 distributus
785 1720 858 1744 erat

128 1761 207 1791 ordo
237 1760 434 1795 scribarum,
462 1758 731 1797 reliqum-umque
760 1758 859 1787 inini-

126 1811 288 1841 strorum,
301 1804 357 1842 qui
370 1802 621 1842 magistratibus
634 1801 837 1841 apparebant
849 1812 854 1830 :

127 1848 217 1878 unde
240 1847 370 1877 Veri-in.
395 1847 442 1876 iii.
458 1849 510 1880 79.
536 1846 575 1875 ad
593 1855 646 1875 eos
664 1855 717 1874 me
734 1845 857 1874 scribas

125 1902 219 1929 voca,
236 1892 263 1921 si
286 1890 414 1931 placet:
440 1888 509 1919 noli
532 1889 590 1919 hos
615 1888 783 1927 colligere,
800 1889 856 1927 qui

125 1936 335 1965 -decuriam
353 1937 520 1963 emerunt.
538 1943 566 1963 v.
579 1933 732 1972 inprimis
746 1931 856 1962 Valcs.

126 1979 169 2009 ad
194 1979 363 2009 Ammiau.
390 1977 500 2007 xxviii.
527 1977 558 2007 6.
593 1980 626 2006 et
654 1975 748 2012 alios,
775 1984 856 2014 quos

125 2022 266 2054 laudant
289 2022 351 2051 viri
368 2021 457 2050 docti
474 2020 515 2050 ad
530 2020 668 2049 Sueton.
687 2019 807 2049 Claud.
826 2022 854 2049 1.

168 2066 366 2101 Deoua-iare,
390 2065 425 2094 in
453 2063 604 2093 decurias
634 2062 854 2098 conscribere,

125 2110 213 2149 quod
228 2109 407 2145 faciebant,
426 2107 495 2147 qui,
509 2107 660 2136 tribuum
677 2106 854 2145 largitione

124 2152 444 2193 corrumpendarum
458 2160 569 2188 causa,
583 2151 742 2180 coitiones
755 2149 855 2179 facie—

124 2197 219 2234 bant,
236 2196 326 2226 unde
349 2195 389 2224 de
404 2194 566 2225 sodalitiis
582 2195 640 2224 rei.
673 2193 786 2223 Plane.
806 2196 855 2224 18.

123 2241 205 2271 doce
220 2241 402 2270 decuriasse
416 2238 603 2274 Plancium,
621 2237 854 2276 conscripsisse

121 2284 297 2324 populum.
328 2282 407 2313 ibid.
437 2284 485 2316 19.
514 2285 553 2311 tu
576 2281 656 2310 doce
681 2280 854 2310 Plancium

122 2335 329 2366 sequestrem
353 2326 468 2362 fuisse,
489 2325 651 2363 largitum
674 2333 758 2361 csse,
776 2334 856 2353 cou-

121 2371 303 2411 scripsisse,
333 2368 473 2399 tribules
507 2369 733 2398 devm-iuvisse.
772 2367 854 2397 Erat

121 2418 235 2445 autem
259 2413 413 2443 Plancius
437 2422 512 2442 reus
538 2411 577 2441 de
601 2410 773 2441 sodalitiis.
801 2411 854 2441 Sic

122 2457 258 2488 Clodius
270 2456 442 2487 seditionis
455 2465 556 2486 causa
567 2455 691 2485 dicitur
701 2454 853 2484 homines

121 2502 162 2532 de
175 2501 288 2541 populi
298 2501 371 2530 fece
382 2500 572 2529 decuriasse.
594 2499 683 2528 Sext.
700 2501 749 2528 15.
774 2508 852 2528 cum

119 2546 255 2575 vicatim
273 2544 426 2574 homines
442 2542 743 2578 conscriberentur,
758 2542 854 2572 decu-

117 2590 300 2619 riarentur.
324 2587 407 2617 Phil.
431 2587 487 2617 vii.
512 2587 542 2617 6.
567 2595 635 2616 non
657 2594 770 2615 rursus
791 2586 853 2615 im-

119 2632 238 2673 probos
265 2630 471 2661 decan-iabit?
506 2639 573 2660 non
600 2628 793 2659 sollicitabit
819 2638 854 2658 a-

119 2675 218 2715 gros?
245 2674 346 2704 Plane
370 2675 417 2704 sic
440 2673 544 2703 etiam
567 2677 620 2703 est
637 2673 851 2711 centuriare3

118 2719 159 2750 de
175 2728 240 2757 quo
255 2727 366 2757 supra.

163 2761 367 2792 Decuriatio.
390 2760 503 2791 Plane.
524 2763 573 2791 18.
598 2760 776 2790 decuriatio
791 2759 853 2789 tri-

116 2805 259 2837 bulium.
275 2815 304 2834 v.
322 2804 502 2834 decuriam.

162 2849 318 2885 Decurio,
335 2849 477 2877 Senator
490 2845 703 2886 municipalis
720 2849 780 2875 aut
796 2854 850 2874 co-

116 2892 258 2923 lonicus.
290 2892 387 2922 Rosc.
404 2890 476 2920 Am.
495 2895 527 2925 9.
552 2893 605 2924 39.
636 2890 727 2919 Sext.
743 2891 776 2919 4.
807 2888 850 2918 ad

107 2936 193 2968 ,Div.
209 2936 254 2965 vi.
275 2937 324 2965 18.
342 2935 401 2964 διο.

158 2977 357 3014 Decurrere.
383 2978 508 3008 Caecin.
527 2978 578 3009 23.
602 2975 645 3007 ad
660 2977 761 3006 istam
772 2975 849 3006 hor·

665 193 809 221 INDEX
840 192 1136 223 LATINITA'rls.

912 283 1076 312 tationem
1107 281 1297 312 decurrunt.
1324 280 1346 311 i.
1371 291 1401 312 c.
1427 281 1640 322 confugiunt,

913 326 1054 355 veniunt
1081 325 1231 355 tandem.
1267 325 1386 364 Quint.
1416 328 1465 356 15.
1503 326 1545 356 ad
1570 326 1641 357 haec

913 376 1063 398 extrema
1085 376 1120 398 et
1143 369 1374 398 inimicissima
1390 368 1469 405 jura
1490 373 1561 399 tam
1582 380 1641 400 cu-

913 412 987 451 pide
1011 413 1212 442 decurrebat.
1242 412 1354 441 Ducta
1377 412 1461 442 ratio
1477 412 1516 442 de
1532 413 1640 443 stadio

911 460 944 484 et
962 455 1059 485 circo.
1083 456 1136 484 Sic
1153 460 1204 485 est
1218 455 1317 485 Tusc.
1336 455 1356 484 i.
1375 458 1405 486 8.
1431 455 1529 485 Nunc
1545 456 1640 487 video

911 498 1061 536 ealcem3
1094 498 1135 528 ad
1165 509 1262 538 quem
1292 508 1368 528 cum
1395 499 1439 528 sit
1466 499 1639 529 decursum

911 542 969 570 &c.
988 540 1065 570 hinc
1082 541 1182 571 etiam
1200 542 1240 572 ad
1257 542 1519 580 navigationem,
1535 546 1574 572 ut
1589 543 1640 582 ip-

910 593 984 613 sum
1008 594 1123 614 cursus
1144 585 1293 622 verbum,
1314 587 1356 626 (v.
1373 586 1406 615 in
1424 584 1552 623 cursus)
1571 590 1640 616 tra-

909 627 1052 657 ducitur.
1083 627 1125 657 ad
1148 628 1222 657 Div.
1239 629 1303 658 xvi.
1320 632 1350 658 4.
1383 638 1460 658 cum
1477 629 1640 659 Mescinio

910 674 1072 709 quaestore
1085 675 1118 700 te
1131 671 1307 701 bellissime
1319 672 1534 702 deam-surum
1546 678 1639 712 puto.

952 714 1120 744 Decursio.
1149 714 1191 744 ad
1223 715 1297 745 Div.
1327 716 1371 745 xi.
1402 718 1448 746 10.
1479 716 1640 746 decursio-

907 758 1000 787 nibus
1011 763 1139 786 vastare
1150 757 1231 787 loca.
1247 763 1326 787 sunt
1337 759 1554 796 incursiones,
1564 769 1639 798 quae

907 801 946 830 de
964 801 1134 830 montibus
1149 801 1245 831 fiunt.
1260 801 1348 831 Male
1361 801 1479 840 aliquis
1494 804 1638 843 corrige-

907 845 965 874 bat
994 844 1265 874 excursionibus:
1298 854 1371 883 quae
1403 850 1482 874 sunt
1512 845 1636 877 Graecis

906 885 1102 929 καταδρομαὶ,
1127 885 1236 925 ῗφοδοιε
1269 892 1304 917 at
1331 888 1531 918 decursiones
1557 894 1638 920 sunt

906 932 960 969 qui
990 932 1075 960 fiunt
1099 931 1126 968 ἔξ
1149 930 1402 970 ὲπιτηχῖσματος.
1439 931 1504 961 vid.
1526 931 1635 963 Thuc-

907 974 929 1004 i.
951 977 1023 1005 14⁶3.
1048 980 1082 1003 et
1097 974 1141 1004 ibi
1159 974 1266 1004 Scliol.

949 1017 1131 1054 Demersus,
1145 1027 1176 1055 a,
1189 1017 1386 1057 um‚Quint.
1400 1021 1452 1048 31.
1468 1022 1549 1048 aetas
1561 1023 1636 1049 acta

905 1056 941 1090 et
955 1061 1103 1091 decursa.
1136 1061 1219 1090 cato
1234 1063 1286 1092 23.
1317 1061 1448 1091 decurso
1462 1062 1581 1101 spatio.
1595 1063 1636 1093 ad

904 1104 981 1134 Div.
998 1105 1064 1133 viii.
1085 1107 1133 1134 13.
1163 1103 1234 1134 haec
1258 1109 1358 1134 aetate
1382 1111 1462 1135 sunt
1478 1106 1633 1136 decursa:

905 1148 945 1177 de
961 1148 1061 1185 vitiis,
1075 1157 1149 1186 quae
1165 1157 1221 1187 per
1235 1148 1343 1178 aetatis
1355 1148 1457 1188 ipsius
1470 1150 1635 1179 rationem

905 1191 1025 1231 deponi
1054 1191 1174 1221 solent.
1205 1191 1263 1221 Or.
1292 1193 1313 1221 i.
1337 1194 1389 1222 32.
1418 1191 1553 1222 decursa
1576 1193 1633 1223 abs

903 1238 937 1264 te
955 1234 995 1264 de
1012 1239 1101 1264 arte:
1128 1234 1150 1264 i.
1168 1234 1333 1274 explicata
1351 1236 1504 1266 breviter.

948 1278 1131 1315 Dec-ursus,
1151 1278 1200 1308 fis.
1225 1278 1282 1308 Or.
1306 1278 1328 1307 i.
1349 1281 1377 1308 1.
1401 1279 1554 1309 decursus
1575 1279 1635 1310 ho-

903 1331 1023 1351 norum
1062 1326 1125 1358 est,
1157 1331 1234 1352 cum
1270 1322 1424 1352 omuibus
1454 1322 1633 1353 honoribus

902 1364 1070 1404 perfuncti
1095 1374 1221 1395 sumus.
1238 1365 1279 1395 ad
1305 1366 1382 1396 Div.
1399 1366 1443 1396 iii.
1459 1368 1490 1397 2.
1520 1366 1635 1397 decur-

901 1418 966 1438 sus.

947 1452 1087 1489 Dedere,
1111 1451 1150 1481 de
1178 1462 1243 1481 rc0.
1273 1452 1370 1483 Rosc.
1396 1451 1471 1483 Am.
1499 1455 1530 1484 3.
1560 1452 1634 1483 libi-

903 1494 973 1525 dini
997 1495 1134 1525 alterius
1158 1496 1272 1526 dedere
1295 1496 1452 1535 aliquem,
1468 1500 1532 1533 cst,
1555 1505 1634 1526 con-

902 1538 1072 1575 demnare,
1102 1539 1180 1577 quia
1207 1539 1302 1569 alteri
1329 1539 1449 1579 placet.
1484 1539 1632 1571 ibid.22.

903 1592 1002 1620 quem
1019 1583 1092 1612 dedi
1106 1582 1256 1622 putabas.
1272 1582 1313 1612 cf.
1337 1583 1454 1622 Quint.
1474 1585 1522 1614 18.
1545 1587 1632 1613 extr.

901 1626 1018 1655 eodem
1035 1626 1144 1663 modo,
1158 1636 1223 1664 quo
1235 1626 1422 1656 condonare
1433 1631 1468 1656 et
1479 1626 1633 1657 addicere

902 1669 1034 1699 dicitur.
1059 1669 1098 1699 de
1122 1670 1240 1708 quibus
1264 1679 1374 1709 supra.
1404 1669 1423 1688 ²*
1440 1669 1553 1700 Plane.
1577 1672 1632 1701 30.

901 1713 934 1742 in
952 1723 1018 1751 qua
1033 1713 1184 1742 oratione
1200 1722 1262 1751 ego
1279 1723 1331 1743 ine
1348 1714 1378 1743 ei
1392 1713 1558 1749 dedebam,
1576 1715 1632 1744 cui

902 1757 950 1786 nil
973 1766 1175 1796 magnopere
1199 1755 1377 1794 deberem3
1409 1757 1442 1786 h.
1467 1766 1497 1788 e.
1522 1757 1552 1786 ei
1576 1766 1630 1787 me

901 1800 1098 1830 obstrictum
1123 1800 1319 1839 profitebar,
1342 1800 1480 1839 ejusque
1502 1809 1556 1829 me
1578 1803 1631 1830 to-

900 1848 975 1873 tum
998 1843 1068 1872 fore
1093 1842 1282 1882 pollicebar.
1305 1853 1336 1873 v.
1359 1844 1466 1874 Graev.
1491 1843 1532 1873 ad
1554 1843 1588 1873 h.
1607 1843 1632 1874 l.

900 1886 1010 1916 *ibim
1034 1889 1085 1920 37.
1113 1888 1170 1925 qui
1193 1887 1297 1917 vitam
1323 1897 1381 1927 pro
1397 1886 1526 1927 republ.
1542 1887 1632 1918 dedi-

899 1931 1027 1960 derunt.
1044 1930 1108 1959 Sed
1120 1930 1227 1960 Graev.
1242 1930 1332 1960 dedit
1347 1930 1535 1960 ediderunt.
1552 1929 1631 1960 *di-

899 1974 989 2004 citur
1004 1974 1107 2003 etiam
1125 1979 1164 2003 ut
1176 1974 1252 2004 dare
1265 1984 1300 2004 se
1312 1974 1424 2012 alicui,
1436 1983 1496 2014 pro
1506 1973 1630 2012 facere,

899 2027 972 2056 quae
988 2021 1084 2056 grata
1097 2017 1166 2047 fore
1183 2017 1260 2056 scis,
1273 2027 1419 2048 earesser
1433 2016 1630 2056 quelqu’un.

899 2061 998 2090 Petit.
1025 2061 1123 2091 Cons.
1139 2065 1170 2095 9.
1193 2061 1392 2091 salutatores
1410 2070 1487 2091 cum
1502 2062 1630 2092 obeunt

898 2104 1008 2144 plures
1039 2104 1287 2143 competitores,
1314 2110 1349 2134 et
1377 2104 1493 2134 vident
1522 2113 1628 2135 unum

897 2157 968 2178 esse
995 2147 1154 2186 aliquem,
1178 2148 1234 2186 qui
1258 2148 1329 2178 haec
1351 2148 1460 2178 officia
1482 2148 1629 2178 maxime

899 2191 1156 2229 animadvertat,
1183 2192 1214 2222 ei
1245 2201 1280 2222 se
1309 2192 1442 2229 dedunt,
1469 2191 1630 2222 deserunt

899 2238 1036 2265 eeteros.

942 2278 1117 2316 Dedicare,
1129 2279 1261 2318 proprie
1273 2278 1361 2308 idem
1373 2282 1437 2316 cst,
1449 2278 1538 2318 quod
1548 2287 1629 2308 con·

897 2331 1044 2354 sectare:
1070 2322 1110 2352 de
1126 2332 1192 2361 quo
1206 2322 1270 2351 vid.
1286 2332 1388 2362 supra
1404 2322 1439 2352 in
1457 2322 1627 2352 Consecra-

898 2367 950 2396 tio.
990 2365 1079 2396 Hinc
1103 2366 1274 2404 eleganter
1295 2365 1377 2404 Leg.
1402 2366 1423 2396 i.
1449 2366 1501 2397 22.
1531 2366 1627 2405 inge·

898 2410 992 2439 nium
1010 2410 1045 2439 in
1061 2419 1096 2439 se
1111 2419 1223 2446 suum,
1235 2409 1323 2438 sicut
1338 2408 1555 2439 simulacrum
1571 2409 1626 2439 de-

896 2453 1042 2482 dicatum
1064 2453 1207 2492 putabit.
1240 2452 1260 2470 ’κ
1276 2452 1416 2482 deferre.
1439 2452 1546 2482 Flacc.
1571 2454 1624 2484 35³.

895 2497 1044 2526 dedicare
1058 2497 1093 2526 in
1110 2505 1223 2526 censu.
1247 2496 1348 2526 Docti
1366 2496 1426 2525 viri
1442 2495 1627 2526 laudarunt

896 2539 981 2569 Gell.
1015 2540 1068 2569 vii.
1097 2543 1146 2569 11.
1179 2539 1236 2569 ubi
1260 2539 1324 2569 vid.
1348 2539 1566 2576 Gronovium,
1589 2543 1626 2569 et

897 2583 1042 2613 eundem
1058 2585 1197 2613 Sestert.
1211 2583 1254 2612 iv.
1271 2585 1298 2613 l.
1321 2581 1412 2621 Lips.
1428 2581 1505 2612 Var.
1529 2583 1626 2613 Lect.

895 2627 943 2656 iii.
972 2629 1020 2657 ll.
1051 2632 1086 2657 et
1109 2626 1210 2656 Gron.
1232 2625 1255 2656 l.
1279 2635 1308 2655 c.
1332 2625 1488 2655 volebant
1510 2626 1626 2655 incen-

895 2680 988 2700 sum:
1017 2670 1106 2710 quod
1129 2670 1248 2710 probat
1270 2668 1423 2699 Mazoch.
1447 2668 1624 2709 Amphith.

895 2713 1012 2753 Camp.
1037 2724 1069 2754 p.
1094 2716 1145 2744 84.
1170 2713 1226 2752 qui
1249 2712 1388 2742 verbum
1408 2712 1557 2742 dedicare
1572 2712 1627 2743 in-

894 2761 1102 2796 terpretatur
1110 2756 1267 2786 inchoare
1279 2768 1286 2786 2
1303 2755 1394 2794 quod
1402 2759 1476 2786 tum
1485 2755 1624 2786 demum

894 2800 1054 2831 inchoent
1089 2800 1235 2839 Quirites
1265 2799 1447 2839 possidere,
1478 2808 1556 2829 cum
1586 2799 1623 2830 in

893 2853 1030 2874 censum
1052 2843 1257 2873 detulerint:
1275 2842 1374 2872 male.
1396 2842 1626 2873 Videtur-esse

892 2888 1026 2927 propria
1040 2887 1131 2917 verbi
1147 2886 1246 2925 hujus
1261 2885 1464 2925 significatio
1476 2885 1624 2924 antiquis

892 2931 1030 2967 usitata,
1047 2935 1085 2960 ut
1101 2931 1146 2960 sit
1161 2930 1254 2967 dare,
1271 2929 1466 2960 attribuere.
1481 2929 1571 2960 Nam
1587 2933 1624 2958 et

892 2984 967 3014 quae
990 2975 1052 3006 diis
1074 2974 1282 3013 dedicantur,
1297 2982 1338 3005 ea
1359 2973 1398 3004 iis
1422 2973 1557 3011 dantur,
1574 2974 1626 3002 at-
