1815 3209
237 174 291 208 εει

239 271 241 273 ·
285 264 406 296 (ῗΑεειΑ
415 266 611 304 ΤΕκΕΝτιΑ,
620 267 690 297 lata
702 277 720 296 a
731 265 856 297 duobus
869 268 959 298 Coss.

239 306 281 336 'C
302 307 408 339 (fassio
423 313 455 338 et
470 309 518 339 JW.
536 310 684 339 Terentio
698 309 736 339 A.
750 309 792 339 U.
808 318 959 341 Dchxx.

243 358 404 381 consensu
419 352 570 387 Senatus,
582 352 636 390 qui
649 352 745 381 aliter
760 352 879 391 placari
895 352 961 393 ple—

237 390 331 428 bem,
350 392 383 422 in
398 394 556 423 Senatum
573 394 669 423 nimis
684 393 894 424 vehementer
907 404 960 424 co-

243 441 364 470 ortam,
382 445 447 465 non
463 445 554 474 posse
569 435 785 474 intelligebat.
810 436 858 466 Ea
870 436 960 475 quini

243 475 343 506 modii
363 478 499 515 singulis
519 478 553 507 in
575 477 719 517 singulos
743 487 868 508 menses
884 488 961 507 con-

241 519 353 548 stituti
374 519 534 549 videntur.
556 519 617 549 vid.
633 519 710 549 sall.
733 519 820 549 Hist.
842 531 872 560 p.
888 523 960 553 974.

241 559 293 590 ed.
319 561 435 591 Curtii.
463 561 523 591 nisi
549 561 581 591 id
600 562 707 601 ipsum
729 572 746 591 e
771 562 963 602 Sempronia

241 603 420 640 repetitum
436 609 494 633 est.
540 604 648 643 Caput
666 604 735 642 ejus
751 604 880 633 invenio
901 604 962 634 hoc

241 643 276 673 in
295 644 450 675 Cicerone
473 646 506 675 in
521 645 612 674 Vei-r.
631 646 674 675 iii.
691 650 742 679 70.
766 652 803 674 ut
823 652 962 684 quotan-

243 686 294 715 nis
314 697 352 716 εχ
369 688 482 717 aerario
503 689 648 726 pccuniae
668 697 797 717 summa
812 688 963 718 decerne-

241 733 335 758 retur
355 729 453 765 Stjto,
475 739 538 768 qua
560 730 761 759 frumentum
784 730 817 758 in
839 730 960 767 Sicilia,

238 769 460 801 'frumentaria
495 781 568 810 pop.
599 772 695 801 Rom.
730 772 909 811 provincia,
943 783 963 802 a

240 817 383 850 praetore
413 818 589 848 emeretur,
619 819 654 843 et
689 814 820 853 quidem
847 814 961 844 eodem

242 855 393 886 omnibus
414 855 507 885 annis
523 855 641 894 pretio.
659 866 773 895 nempe
795 857 961 895 quaternis

241 898 399 926 sestertiis
425 897 544 935 singuli
572 898 673 927 tritici
702 898 814 935 modii,
838 898 961 928 duobus

241 943 354 968 autem
379 938 499 969 hordei.
524 936 585 969 vid.
613 940 807 978 Argument.
830 939 851 969 l.
869 941 912 970 iii.
929 942 961 971 in

242 979 334 1010 Verr.
369 981 537 1018 Ceterum,
555 988 667 1011 utrum
691 982 730 1011 ad
750 983 892 1012 Siciliam
912 992 963 1012 so-

242 1020 309 1051 lam
337 1023 423 1053 istud
452 1028 550 1063 eaput
578 1024 786 1063 pertinuerit,
817 1034 859 1054 an
889 1035 962 1055 vero

243 1064 322 1093 alias
349 1066 447 1095 etiam
472 1066 653 1105 provincias
677 1066 885 1106 complexum
905 1068 961 1104 sit,

242 1105 281 1136 de
297 1117 334 1136 eo
351 1117 415 1137 non
431 1108 584 1138 convenit
600 1109 686 1138 inter
698 1108 852 1139 eruditos.
876 1109 963 1140 lllud

243 1149 336 1178 nobis
360 1150 487 1179 videtur
507 1161 523 1179 e
547 1150 712 1180 Ciceronis
735 1151 806 1180 loco
829 1151 962 1181 laudato

242 1191 352 1230 colligi
377 1202 486 1232 posse,
519 1192 581 1222 hoe
607 1193 779 1222 contendit
804 1193 962 1223 Contare-

243 1242 304 1262 nus
325 1233 345 1263 l.
371 1244 399 1264 c.
444 1237 550 1272 Atque
568 1234 629 1263 hoc
652 1241 764 1274 caput,
785 1245 860 1264 cum
881 1245 962 1266 non-

243 1275 343 1305 nullis
370 1277 440 1306 aliis
466 1277 614 1312 fortasse,
634 1275 672 1306 de
694 1277 791 1306 nzodo
814 1287 962 1317 compor-

241 1318 335 1347 tandi
362 1317 638 1357 distribuendiqne
670 1318 841 1355 frumenti,
872 1320 962 1350 Sem-

242 1361 366 1398 proniae
379 1361 525 1390 additum
542 1365 602 1390 est.
634 1361 720 1391 Nam
736 1362 783 1390 uti
799 1362 832 1390 in
846 1364 962 1392 ceteris

241 1402 350 1438 rebus,
369 1403 407 1431 de
424 1403 539 1441 quilms
554 1403 726 1441 aliquoties
750 1403 788 1433 ad
804 1404 960 1442 populum

241 1442 361 1480 latinu,
388 1451 555 1483 tamquam
582 1445 620 1474 de.
644 1445 782 1480 ambitu,
811 1445 848 1474 de
873 1457 962 1486 repe-

242 1487 367 1522 tundis,
384 1497 510 1527 scmpcr
524 1496 653 1516 summa
675 1487 789 1527 primae
804 1488 837 1516 in
854 1498 892 1517 eo
908 1499 962 1527 ge-

244 1537 320 1558 nere
336 1529 414 1568 legis
436 1536 563 1559 servata.
584 1534 646 1565 est,
663 1539 780 1568 nempe
799 1535 836 1559 ut
857 1531 909 1569 agi
929 1532 961 1560 in

243 1569 412 1601 hominem
429 1577 549 1611 posset,
565 1576 601 1600 ut
622 1581 717 1611 poena
733 1578 817 1601 esset
832 1573 961 1602 crimini

243 1614 439 1648 constituta,
456 1623 563 1643 cetera
575 1619 685 1643 autem
700 1613 737 1643 de
750 1614 907 1653 personis,
923 1615 962 1646 de

243 1654 340 1684 modo
358 1655 485 1694 judieii,
507 1655 546 1685 de
568 1665 685 1694 genere
709 1666 811 1695 poenae
834 1661 962 1687 mutata

242 1702 338 1726 sunt:
363 1698 407 1727 sic
431 1698 465 1727 in
488 1698 710 1728 frumentariis
732 1698 855 1736 legibus
879 1709 961 1728 sem-

243 1748 301 1778 per
320 1738 400 1769 illud
419 1751 435 1768 e
450 1741 642 1779 Sempronia
664 1744 827 1770 servatum
843 1746 905 1777 est,
925 1747 962 1771 nt

243 1782 430 1811 semissibus
450 1788 483 1811 et
504 1783 679 1811 trientibus
702 1782 822 1822 populo
845 1783 961 1813 vende-

244 1829 359 1853 rentur
382 1824 481 1854 modii
504 1824 639 1862 singuli,
661 1825 694 1853 in
714 1825 829 1854 ceteris
850 1832 961 1855 autem

244 1866 340 1895 rebus
354 1867 499 1904 qua’darn
522 1866 631 1896 addita
653 1873 729 1895 sunt
750 1872 807 1896 aut
823 1873 961 1898 mutata.

245 1906 282 1936 Id
297 1918 335 1937 ex
351 1919 388 1937 eo
407 1908 547 1945 intelligi
570 1912 691 1948 potest,
708 1909 793 1947 qnod
809 1920 827 1938 a
847 1909 962 1939 Clodio

232 1960 235 1961 ⁷
246 1950 396 1979 remissos
405 1960 472 1980 esse
484 1951 602 1990 populo
615 1951 751 1980 trientes
764 1961 839 1981 cum
851 1952 964 1981 semis-

243 1991 331 2021 sibus
345 1993 481 2022 tradunt
496 1998 644 2022 auctores
657 2003 762 2022 rerum
775 1994 868 2023 Rom.
903 1994 962 2024 Ce—

244 2038 352 2064 terum
382 2045 420 2064 ex
451 2035 545 2064 dietis
573 2035 784 2073 intelligitur,
814 2036 963 2076 Sempro-

244 2076 333 2105 niam
358 2076 461 2114 legem
478 2087 562 2117 sa‘pe
578 2077 796 2106 intermissam
819 2088 899 2114 esse,
915 2088 962 2107 re-

244 2119 385 2157 petitam
410 2126 521 2149 autem
544 2119 592 2149 vel
615 2119 838 2157 rogationibus
858 2121 963 2150 tribu-

246 2169 378 2196 norum,
400 2171 513 2191 auram
531 2161 721 2201 popularem
743 2163 962 2200 captantium,

245 2202 296 2231 vel
313 2203 352 2232 ab
368 2203 442 2242 ipsis
467 2204 680 2243 optimatibus
699 2204 897 2234 auctoritate
915 2214 963 2234 se-

246 2251 356 2280 natus,
371 2255 445 2274 cum
460 2246 631 2275 interesset
650 2246 791 2281 senatui,
809 2252 846 2275 ut
860 2256 892 2276 se
907 2257 964 2285 po-

246 2286 324 2325 pulo
343 2289 522 2324 gratiosum
543 2287 702 2323 redderet,
719 2297 821 2326 eoque
838 2288 963 2319 facilius

245 2329 344 2358 tribb.
365 2329 406 2368 pl.
428 2330 594 2359 seditiosas
610 2329 696 2365 leges
711 2331 900 2366 rogantibus
916 2341 964 2361 re-

246 2371 358 2400 sistere
375 2379 492 2410 posses.
522 2372 584 2401 vid.
608 2371 774 2401 Plutarch.
790 2372 823 2401 in
839 2372 964 2404 Catone

246 2417 281 2441 et
307 2412 401 2443 Civil.
425 2414 568 2444 monitis.
612 2414 719 2452 Atque
744 2413 782 2444 de.
812 2414 871 2444 hac
896 2415 965 2455 ipsa

246 2454 330 2493 lege,
347 2459 404 2485 :uit
422 2461 509 2485 certe
525 2456 562 2486 sle
580 2456 706 2491 Clodia,
722 2465 826 2486 sermo
841 2462 889 2486 est
913 2469 964 2497 ap.

247 2496 316 2527 Cic.
335 2497 375 2526 ad
398 2497 468 2527 Att.
492 2498 527 2534 ii.
552 2502 597 2531 19.
617 2499 671 2527 ubi
689 2498 799 2527 Caesar
820 2499 964 2529 minatus

209 2573 212 2576 Δ
245 2547 314 2568 esse
327 2539 446 2568 dieitur
459 2540 521 2579 legi
537 2540 658 2570 Hos-cire
669 2546 702 2569 et
714 2539 964 2578 Frumentm·ioe‚

245 2580 332 2618 quod
347 2587 478 2611 mortuo
498 2583 612 2621 plausu
629 2582 662 2611 in
676 2582 807 2612 theatro
822 2583 862 2612 ab
876 2584 964 2621 equi-

246 2622 335 2652 tibus
352 2633 388 2652 ac
405 2624 496 2662 plebe
519 2628 671 2663 acceptus
693 2629 776 2661 erat,
794 2624 893 2655 Curio
908 2636 965 2655 au-

244 2669 314 2694 tem
338 2665 422 2694 filius
445 2675 586 2702 summo,
612 2666 698 2704 quod
720 2676 804 2696 unus
830 2667 965 2698 Caesaris

245 2712 279 2735 et
296 2707 439 2746 Pompeii
456 2708 589 2737 nimiam
605 2709 785 2747 potentiam
802 2709 901 2740 libere
916 2712 966 2739 in-

245 2754 436 2778 sectaretur.
480 2750 566 2779 Nam
583 2750 628 2779 sic
642 2750 752 2780 ulcisci
768 2751 892 2789 equites
907 2762 965 2791 pu-

246 2791 350 2825 tabat,
376 2792 403 2820 si
426 2791 583 2821 honorem
604 2793 636 2821 in
656 2800 722 2823 xiv,
745 2793 875 2822 sedendi
900 2794 966 2824 adi-

246 2839 364 2868 meret,
387 2833 513 2872 plebem
543 2840 667 2869 antem,
694 2835 720 2864 si
748 2835 965 2873 frumentum,

245 2874 331 2911 qnod
353 2876 470 2914 exigno
485 2876 590 2914 pretio
613 2887 629 2905 e
646 2876 838 2915 Sempronia
856 2877 926 2915 lege
948 2889 968 2908 a

244 2916 401 2946 Terentio
416 2923 449 2946 et
468 2917 577 2947 fassio
598 2928 634 2946 ac
653 2918 763 2957 paullo
779 2923 855 2948 ante
871 2930 889 2948 a
912 2921 966 2949 Se-

245 2964 327 2989 natu
343 2959 478 2990 Catonis
496 2960 694 2989 auctoritate
709 2961 742 2990 in
760 2962 966 2992 consuetudi-

795 181 952 210 INDEX
981 183 1168 212 LEGUM.

1006 277 1079 297 nem
1095 271 1128 297 et
1142 277 1237 297 usum
1254 272 1406 298 revocata
1419 266 1614 306 acciperent.
1649 265 1726 296 Ma-

1006 310 1121 339 nutius
1133 310 1174 340 ad
1187 319 1262 340 eum
1279 309 1387 340 locum
1407 318 1475 339 non
1495 309 1574 338 satis
1591 318 1722 339 accura-

1003 356 1058 381 tus
1073 358 1133 381 est.

1048 393 1178 423 C1,‹›1)1A
1215 392 1259 423 P.
1293 393 1392 424 Clodii
1424 393 1501 423 trib.
1529 392 1575 432 pl.
1604 391 1643 422 A.
1679 391 1724 423 U.

1006 443 1132 465 nexem
1177 435 1248 465 Hac
1275 436 1474 476 Semproniae
1498 435 1579 474 legis
1600 434 1723 464 benefi-

1005 477 1091 506 cium
1109 482 1242 507 auctum
1261 483 1319 508 est.
1362 478 1391 508 T
1394 477 1456 507 ulit
1470 479 1572 514 enim,
1591 480 1631 506 ut
1649 485 1724 515 gra-

1005 519 1048 548 tis
1066 519 1200 549 daretur
1215 521 1432 556 frumentum,
1451 519 1537 558 quod
1555 524 1653 549 antea
1673 527 1723 549 se-

1005 562 1102 591 misse
1131 571 1169 591 ac
1197 562 1317 592 triente
1346 562 1496 592 dabatur.
1538 561 1640 592 Doni.
1673 563 1722 591 10.

1004 603 1093 633 Sext.
1106 604 1157 634 25.
1171 603 1289 634 Ascon.
1302 604 1337 633 in
1351 604 1412 633 Pis.
1428 605 1458 634 4.

1009 666 1012 670 .
1046 645 1214 682 Ocuvm,
1227 646 1276 676 M.
1293 646 1420 677 Octavii
1433 645 1494 676 Cn.
1505 645 1539 675 F.
1549 645 1605 684 qui
1614 644 1722 684 legem

1004 686 1266 724 frumentariam,
1286 688 1448 717 incertum
1467 686 1610 726 quando,
1628 687 1723 723 tulit,

1004 739 1040 758 ex
1059 739 1123 768 qna
1138 730 1266 759 modica
1285 729 1414 768 largitio
1430 734 1464 760 et
1487 729 1550 760 illis
1566 729 1723 769 tempori-

1005 771 1063 800 bus
1086 772 1266 802 necessaria
1289 771 1401 808 fiebat,
1427 771 1524 810 quod,
1547 776 1583 801 ut
1607 771 1723 811 Pighio

1005 813 1144 850 videtur,
1165 815 1271 852 majus
1293 814 1434 853 pretium
1454 814 1488 844 in
1511 813 1635 843 modios
1656 813 1722 843 sin-

1005 856 1097 893 gulos
1124 856 1302 886 statuebat.
1328 856 1394 885 Cic.
1425 855 1488 885 Off.
1516 855 1549 885 ii.
1576 857 1628 887 21.
1671 855 1723 886 Ad

1004 907 1079 926 eum
1100 898 1242 937 pertinet
1265 898 1357 928 locus
1382 897 1474 928 Brut.
1489 897 1540 928 62.
1564 898 1649 928 unde
1665 908 1723 938 pa·

1004 943 1067 975 tet,
1082 945 1180 970 aetate
1193 940 1240 970 M.
1255 946 1288 970 et
1303 939 1340 970 L.
1356 939 1487 970 Luculli
1501 939 1658 970 floruisse.

1045 981 1084 1011 L.
1108 982 1261 1012 Pinnem
1291 982 1415 1012 tribuni
1441 982 1479 1013 A.
1505 981 1546 1011 U.
1579 990 1727 1013 ncxmx.

1004 1024 1197 1063 perniciosa,
1213 1024 1267 1054 sed
1282 1034 1349 1054 non
1365 1022 1500 1063 perlata.
1517 1023 1539 1053 1.
1555 1033 1583 1053 c.

1047 1065 1299 1097 FRUMENTARIA
1343 1066 1540 1102 Siculorum,
1575 1074 1648 1103 quae
1687 1068 1724 1095 et

1007 1107 1206 1138 Hir-:nomm
1220 1109 1352 1145 dicitur,
1368 1108 1431 1138 vid.
1444 1108 1633 1139 Hieronica.
1670 1122 1672 1124 ·

1048 1150 1152 1180 Furni
1172 1151 1223 1180 lex
1239 1151 1323 1189 juris
1339 1149 1459 1190 publici
1476 1156 1510 1180 et
1528 1150 1606 1190 reip.
1625 1150 1722 1181 Rom.

1004 1191 1218 1222 saluberrima
1253 1192 1325 1222 fuit.
1369 1192 1458 1222 Male
1494 1193 1528 1222 in
1561 1192 1722 1232 plerisque

1004 1233 1145 1272 vulgatis
1162 1234 1252 1264 libris
1276 1233 1376 1264 Fusia
1396 1234 1525 1265 dieitur.
1570 1235 1609 1264 In
1632 1235 1723 1264 Grae-

1004 1276 1100 1305 viana
1117 1286 1245 1315 quoque
1262 1276 1314 1306 hic
1334 1277 1471 1307 varietas
1489 1281 1551 1313 est,
1565 1281 1598 1307 et
1621 1277 1723 1306 inter-

1004 1318 1095 1354 dum,
1119 1327 1148 1349 v.
1173 1328 1204 1348 c.
1227 1319 1262 1348 in
1282 1319 1358 1348 Vat.
1383 1322 1413 1352 7.
1434 1323 1465 1353 9.
1493 1318 1591 1349 Fusia
1614 1329 1724 1349 errore

1004 1370 1176 1399 operarum
1211 1371 1397 1399 expressum
1425 1366 1486 1391 est.
1527 1361 1622 1391 Tulit
1649 1371 1723 1392 eam

1002 1402 1169 1433 Tribunus
1192 1403 1322 1442 quidam
1347 1403 1471 1444 Fufius.
1515 1403 1576 1433 Est
1596 1408 1722 1440 autem,

1004 1450 1041 1473 ut
1069 1444 1171 1475 AEla'a
1197 1452 1230 1475 et
1258 1445 1385 1475 Caecilia
1407 1446 1526 1481 Didia,
1554 1445 1593 1476 de
1625 1446 1723 1476 modo

1004 1488 1213 1517 comitiorum
1237 1493 1270 1517 et
1293 1487 1401 1527 legum
1425 1487 1630 1518 ferendarum
1649 1490 1723 1519 (un-

1005 1528 1043 1558 de
1058 1539 1131 1559 eum
1157 1530 1193 1559 iis
1216 1539 1300 1569 saepe
1323 1529 1409 1570 apud
1432 1529 1622 1560 Ciceronem
1645 1539 1724 1560 con-

999 1571 1166 1611 jungitur)
1206 1577 1239 1601 et
1274 1572 1361 1602 inter
1397 1571 1538 1602 remedia
1573 1572 1722 1602 furorum

1003 1614 1252 1644 tribunitiorum
1277 1615 1425 1644 refertur.
1448 1614 1482 1644 in
1504 1615 1579 1645 Seri.
1597 1625 1628 1654 p.
1644 1615 1724 1646 Rcd.

1005 1665 1031 1684 c.
1055 1658 1084 1685 5.
1112 1656 1145 1685 in
1170 1656 1244 1686 Vat.
1266 1667 1291 1686 c.
1321 1660 1352 1690 7.
1379 1660 1410 1690 9.
1454 1657 1624 1687 Sanciturn
1652 1662 1724 1688 erat

1004 1697 1064 1727 hac
1088 1698 1172 1738 lege,
1190 1709 1230 1728 ne
1257 1699 1403 1728 amnibus
1427 1699 1536 1728 diebus
1551 1697 1659 1739 fastis
1680 1702 1724 1730 Ie·

1001 1749 1078 1777 gem
1086 1740 1182 1779 ferri
1199 1742 1320 1776 liceret,
1339 1741 1378 1771 de
1396 1750 1486 1780 prov.
1506 1742 1604 1772 Cons.
1624 1751 1651 1771 e.
1674 1745 1723 1776 19.

1005 1792 1063 1821 pro
1077 1784 1165 1812 Sext.
1183 1794 1210 1813 c.
1230 1786 1275 1814 15.
1320 1783 1398 1821 Ejus
1418 1783 1518 1813 etiam
1537 1784 1663 1813 mentio
1682 1783 1724 1814 ad

1003 1824 1074 1854 Att.
1092 1825 1132 1854 iv.
1152 1826 1199 1855 16.
1214 1825 1294 1856 Har.
1307 1825 1346 1856 R.
1361 1827 1412 1859 27.
1426 1826 1460 1855 in
1477 1825 1583 1855 Pison.
1598 1828 1627 1855 4.

1049 1867 1151 1897 Fum
1180 1867 1244 1903 lex,
1272 1868 1341 1898 lata
1367 1878 1387 1897 a
1411 1867 1454 1908 Q.
1483 1867 1576 1908 Fzfio
1607 1868 1724 1898 Caleno

1008 1908 1088 1943 (non
1114 1909 1222 1945 Fusio,
1250 1920 1326 1940 nam
1354 1920 1405 1950 ap.
1433 1909 1575 1940 Dionem
1604 1910 1725 1940 dieitur

1006 1951 1128 1990 Φέφιος)
1146 1952 1280 1982 tribuno
1295 1952 1380 1991 pleb.
1400 1952 1447 1982 M.
1464 1951 1606 1982 Messala
1618 1958 1653 1982 et
1673 1952 1724 1983 M.

1005 1994 1121 2024 Pisone
1137 1995 1224 2025 Coss.
1238 1994 1276 2024 A.
1292 1994 1334 2024 U.
1348 2003 1481 2025 ncxcn.
1525 1994 1563 2024 Ei
1583 1993 1724 2024 occasio-

1005 2046 1080 2067 nem
1096 2036 1184 2066 «ledit
1197 2036 1339 2066 Clodius.
1384 2037 1448 2076 Qui
1465 2046 1541 2066 cum
1555 2046 1647 2066 sacra
1660 2035 1725 2066 Bo-

1005 2088 1058 2108 nae
1080 2079 1160 2108 Deae
1177 2079 1358 2118 polluisset,
1373 2085 1407 2108 et
1428 2078 1467 2108 de
1481 2089 1519 2108 ea
1541 2088 1575 2108 re
1595 2088 1613 2108 e
1635 2078 1725 2109 scto

1006 2120 1193 2150 Consularis
1217 2122 1343 2160 rogatio
1367 2121 1455 2150 facta
1480 2123 1577 2156 esset,
1599 2130 1639 2150 ex
1660 2130 1725 2159 qua

1006 2173 1026 2192 a
1047 2168 1185 2202 praetore
1209 2164 1242 2193 in
1265 2162 1390 2201 judicio
1415 2162 1573 2193 Clodiano
1594 2161 1724 2201 judices

1006 2204 1204 2244 legerentur,
1241 2205 1428 2243 amicusque
1468 2203 1574 2236 Clodii
1614 2203 1724 2235 Fufius

1006 2247 1140 2282 videret,
1166 2258 1204 2277 ea
1230 2247 1300 2286 lege
1326 2246 1464 2287 perlata,
1491 2256 1577 2285 aegre
1603 2247 1724 2278 servari

1006 2299 1098 2328 posse
1134 2289 1311 2325 Clodium3
1350 2289 1431 2319 tulit
1466 2289 1546 2328 ipse,
1575 2293 1614 2318 ut
1635 2288 1726 2327 ‚judi-

1006 2341 1058 2361 ces
1081 2338 1168 2362 sorte
1191 2332 1400 2367 ducerentur,
1425 2330 1511 2370 quod
1533 2330 1581 2360 ita
1597 2330 1724 2361 facilius

1006 2378 1137 2412 putaret
1163 2374 1290 2413 judices
1317 2372 1474 2411 ejusmodi
1502 2372 1581 2408 fore,
1607 2373 1662 2411 qui
1690 2383 1725 2404 se

1006 2417 1169 2456 corrumpi
1196 2416 1350 2445 sinerent.
1394 2415 1472 2452 Ejus
1501 2414 1581 2453 legis
1614 2414 1725 2445 defen·-

1006 2467 1059 2487 sor
1082 2458 1145 2488 suit
1168 2458 1375 2493 Hortensius,
1399 2456 1484 2496 quod
1510 2467 1529 2486 a
1554 2457 1725 2495 rogatione

1008 2499 1179 2530 consulari
1201 2499 1270 2529 solo
1292 2509 1409 2538 genere
1431 2498 1594 2537 judicium
1617 2499 1725 2529 differ-

1009 2549 1070 2578 ret,
1097 2546 1303 2582 putaretque,
1326 2541 1425 2571 nullis
1445 2541 1538 2571 illum
1558 2540 1724 2579 jndicibus

1007 2584 1130 2614 absolvi
1155 2589 1190 2614 et
1212 2584 1261 2613 vel
1278 2583 1432 2622 plumbeo
1454 2582 1561 2622 gladio
1577 2582 1724 2622 jugulari

1007 2636 1109 2666 posse.
1127 2626 1166 2656 ad
1180 2626 1281 2656 Attio.
1297 2626 1318 2655 i.
1348 2628 1394 2655 14.
1421 2625 1468 2655 16.
1486 2625 1520 2654 in
1542 2634 1607 2664 quo
1628 2625 1726 2655 vehe-

1009 2674 1136 2699 menter
1148 2668 1301 2708 deceptus
1315 2672 1375 2698 est.

1050 2711 1157 2740 anm
1183 2720 1207 2739 s.
1238 2710 1362 2747 Fusuw,
1393 2718 1470 2738 nam
1494 2707 1578 2738 idem
1603 2717 1725 2738 nomen

1007 2757 1069 2786 est,
1084 2758 1118 2782 et
1140 2751 1233 2782 Furii
1249 2751 1345 2781 iidem
1360 2755 1395 2781 et
1413 2750 1499 2780 Fusii
1513 2753 1593 2780 sunt
1615 2750 1726 2790 appel-

1008 2794 1077 2824 lati.
1097 2805 1126 2824 v.
1140 2794 1211 2824 Liv.
1228 2794 1273 2823 iii.
1288 2796 1318 2824 4.
1333 2793 1474 2833 Quintil.
1494 2792 1516 2822 i.
1543 2795 1591 2822 10.
1606 2797 1641 2822 et
1656 2792 1727 2822 Ho-

1007 2842 1159 2866 tomann.
1178 2836 1216 2866 ad
1231 2836 1322 2865 Verr.
1338 2836 1359 2865 i.
1373 2837 1424 2866 42.
1448 2834 1504 2864 ubi
1526 2833 1612 2864 male
1627 2834 1726 2873 vulgo

1008 2878 1123 2917 legunt
1141 2877 1260 2908 Furias
1278 2877 1403 2908 Fusias.
1448 2877 1497 2906 Ea
1513 2882 1562 2906 est
1577 2877 1615 2906 de
1628 2880 1727 2906 testa-

1008 2922 1137 2956 ⁷t1entis‚
1152 2919 1238 2949 unde
1261 2919 1510 2950 testamentaria
1530 2917 1726 2957 appellatur.

1009 2962 1058 2992 Ex
1074 2962 1197 3002 legibus
1217 2961 1385 2993 duodecim
1404 2960 1593 2991 tabularum
1607 2959 1728 2990 licebat
