1804 3235
595 383 1176 449 PRAEFATIO

403 547 932 602 EDITIONIS
1000 546 1354 601 PRIMAE.

126 819 294 897 QUAE
326 863 402 890 nos
434 864 573 890 causae
605 849 657 891 ad
696 849 773 890 hos
814 848 981 890 Indices
1017 847 1306 890 conficiendos
1344 846 1605 903 impulerint,

119 905 321 960 quodque
350 907 482 947 simus
504 907 546 947 in
569 907 619 947 iis
641 906 866 948 consilium
892 907 1041 957 secuti,
1063 906 1309 961 expositum
1332 914 1395 944 est
1426 920 1450 944 a
1480 906 1605 946 nobis

122 970 228 1011 tum,
259 977 358 1004 cum
401 964 608 1004 universis
645 963 865 1005 Ciceronis
895 964 1097 1019 operibus
1135 972 1234 1002 ante
1268 961 1349 1002 hoc
1384 962 1604 1003 biennium

115 1017 411 1072 -praefaremur.
472 1021 654 1076 Nempe,
676 1036 773 1061 euni
798 1020 862 1061 his
888 1021 1080 1076 inprimis
1103 1018 1347 1060 consultum
1376 1018 1457 1060 hae
1478 1018 1604 1060 Cice-

117 1075 231 1115 ronis
253 1077 442 1118 editione
472 1078 688 1128 vellemus,
710 1078 783 1132 qui
816 1090 991 1133 propter
1024 1077 1084 1118 rei
1114 1075 1334 1117 familiaris
1367 1076 1602 1132 angustias,

115 1144 203 1172 non
226 1146 404 1189 possunt
428 1134 478 1175 iis
502 1134 723 1176 Ciceronis
745 1135 1005 1175 editionibus
1038 1134 1115 1183 uti,
1137 1147 1233 1187 quae
1265 1133 1490 1173 doctorum
1523 1133 1603 1174 ho-

115 1188 280 1231 minum
312 1192 426 1232 curis
463 1191 681 1232 illustrata:
717 1207 766 1232 ae
808 1192 1031 1247 perpolitae
1075 1190 1339 1246 prodierunt,
1375 1203 1510 1244 eaque
1546 1191 1600 1231 de

112 1260 241 1286 eausa
266 1257 310 1288 et
338 1262 481 1289 carere
504 1248 725 1290 Ciceronis
755 1248 872 1289 libris
904 1248 1115 1303 plerisque
1136 1256 1364 1302 eoguntur,
1386 1255 1430 1286 et
1461 1247 1514 1286 ab
1547 1247 1598 1288 iis

110 1301 302 1358 legendis
344 1306 615 1348 retinentur-2,
650 1306 838 1361 ipsarum
880 1320 1006 1361 porro
1046 1304 1284 1345 editionum
1326 1302 1506 1353 illarum,
1550 1314 1598 1345 ut

110 1373 293 1415 quaeque
322 1372 386 1402 est
417 1362 702 1418 praestantior,
726 1362 785 1403 ita
807 1362 947 1403 minus
977 1370 1042 1402 est
1067 1375 1214 1402 eorum
1247 1360 1394 1400 usibus
1425 1375 1598 1401 accom-

110 1417 298 1468 modata,
319 1419 392 1474 qui
424 1434 509 1460 non
541 1419 724 1460 multum
755 1420 797 1460 in
827 1420 909 1460 hoc
930 1418 1182 1460 eruditionis
1215 1431 1371 1473 genere
1400 1417 1595 1472 profece-

110 1483 231 1524 runt;
264 1485 504 1531 propterea,
526 1477 642 1531 quod
664 1475 751 1517 fere
774 1476 866 1532 plus
893 1476 1136 1517 doctiorum
1159 1475 1304 1515 usibus
1327 1483 1440 1524 sunt,
1462 1489 1592 1529 quam

107 1530 366 1586 reliquorum
387 1544 647 1589 comparatae
665 1550 673 1575 :
706 1533 807 1575 illud
830 1533 986 1574 relictis
1003 1532 1202 1574 omnibus
1221 1531 1493 1572 efficiendum
1514 1546 1592 1573 no-

107 1586 171 1628 bis
189 1590 432 1641 sumsimus,
455 1602 501 1631 ut
521 1601 565 1631 et
587 1591 725 1632 verbis
747 1601 790 1632 et
810 1591 951 1641 rebus,
972 1599 1181 1645 quantum
1202 1588 1375 1643 quidem
1398 1588 1590 1631 indicum

102 1645 212 1686 ratio
234 1655 465 1702 pateretur,
481 1648 746 1704 explicandis
768 1657 811 1688 et
831 1647 1104 1697 illustrandis,
1122 1645 1357 1686 faciliorem
1376 1645 1589 1688 tironibus

104 1699 325 1745 Ciceronis
346 1704 573 1745 lectionem
596 1705 874 1755 efficeremus,
888 1714 931 1745 et
952 1704 1092 1761 plures
1108 1704 1162 1743 ad
1180 1717 1275 1743 eam
1293 1702 1586 1755 invitaremus,

99 1759 174 1812 qui
202 1774 317 1802 nune
347 1770 391 1802 et
423 1763 649 1803 verborum
680 1771 722 1802 et
757 1777 896 1803 rerum
928 1761 1198 1817 ignoratione
1230 1774 1294 1810 ea,
1326 1759 1393 1800 cui
1427 1761 1586 1803 mederi

99 1814 180 1871 ipsi
211 1831 296 1858 non
330 1830 522 1875 possunt,
543 1820 598 1860 ab
628 1834 678 1860 ea
708 1819 973 1875 rejiciuntur.
1034 1817 1244 1872 Equidem
1267 1831 1351 1871 quo
1375 1817 1511 1873 magis
1533 1818 1585 1859 de

97 1873 262 1915 ratione
289 1876 551 1917 edendorum
580 1886 772 1917 veterum
801 1886 1025 1917 auctorum
1052 1873 1483 1929 illustrandorumque
1511 1890 1585 1916 eo-

96 1928 204 1984 gito‚
227 1931 309 1973 hoc
342 1933 446 1974 mihi
478 1933 616 1990 magis
647 1934 814 1975 videtur
843 1933 1032 1983 difficile,
1054 1946 1149 1987 quae
1182 1931 1237 1972 sit
1268 1930 1448 1986 optima,
1476 1931 1582 1972 defi-

93 1986 199 2028 nire.
260 1988 361 2035 Quo
384 1999 576 2046 tempore
602 1991 719 2032 docti
750 1991 793 2032 in
823 1990 907 2031 hoc
938 1990 1157 2031 literarum
1188 2001 1342 2045 genere
1368 1988 1580 2040 homines,

92 2042 268 2099 depulsa
297 2046 553 2089 scholastica
585 2048 791 2098 barbarie,
813 2047 1079 2103 incipiebant
1103 2060 1126 2087 e
1147 2045 1334 2086 tenebris
1355 2059 1515 2095 eruere,
1535 2057 1580 2087 et

92 2099 218 2143 tineis
246 2102 476 2159 blattisque
501 2105 665 2161 eripere
688 2115 879 2147 veterum
909 2114 1134 2145 auctorum
1165 2102 1377 2157 reliquias,
1402 2111 1578 2158 propter

89 2171 298 2201 summam
320 2161 513 2203 omnium
535 2162 578 2203 in
602 2162 684 2203 hoc
714 2176 868 2218 genere
899 2161 1202 2218 ignorantiam,
1224 2168 1575 2211 consentaneum,

90 2216 151 2256 uti
173 2226 278 2268 erat,
297 2217 357 2258 ita
386 2220 612 2274 putabant,
634 2220 779 2260 omnia
799 2218 1015 2275 explicare
1036 2229 1079 2258 et
1109 2217 1331 2266 illustrare,
1353 2216 1396 2256 in
1417 2217 1574 2270 quibus

87 2270 248 2314 haerere
270 2275 440 2316 inscitia
460 2276 683 2318 hominum
706 2286 865 2332 posset.
913 2275 1065 2330 Itaque
1085 2288 1242 2329 magna
1265 2287 1359 2329 pars
1381 2274 1574 2315 animad-

87 2331 330 2374 versionum
364 2332 407 2373 in
437 2335 564 2374 rebus
596 2333 776 2383 levibus,
810 2334 852 2374 in
885 2332 1063 2388 singulis
1094 2330 1232 2371 verbis
1262 2331 1573 2385 occupabatur,

87 2386 303 2444 multaque
323 2389 611 2432 afferebantur
631 2391 667 2447 ej
678 2391 858 2441 asmodi,
874 2404 970 2445 quae
992 2403 1105 2430 nunc
1128 2388 1171 2428 in
1195 2385 1378 2442 vulgatis
1399 2387 1570 2429 Lexicis

81 2445 366 2499 reperiuntur,
387 2462 466 2489 nec
487 2448 699 2489 tironibus
721 2457 821 2489 sunt
843 2449 1006 2504 ignota.
1054 2445 1225 2495 Postea,
1246 2457 1344 2484 cum
1366 2444 1504 2499 major
1525 2445 1570 2486 in

81 2500 171 2542 dies
210 2501 285 2544 lux
327 2503 533 2560 affulgere
572 2505 781 2561 eoepisset
821 2504 944 2545 bonis
984 2503 1130 2552 literis,
1167 2500 1461 2556 imprimisque
1503 2501 1570 2543 his

80 2559 236 2600 nostris
267 2562 549 2617 temporibus,
570 2577 672 2610 cum
699 2576 866 2603 summa
895 2560 1070 2617 ingenia
1096 2559 1140 2599 in
1174 2557 1256 2599 hoc
1289 2571 1444 2613 genere
1474 2557 1569 2599 illu-

79 2616 252 2659 strando
269 2617 556 2671 elaborarunt,
579 2619 772 2676 vulgaria
800 2617 948 2668 multa,
975 2616 1131 2667 facilia,
1150 2624 1192 2656 et
1222 2614 1434 2655 tironibus
1466 2624 1571 2657 nota.

79 2684 192 2724 sunt,
212 2687 310 2728 quae
344 2676 634 2731 superioribus
662 2675 743 2718 illis
774 2674 1089 2716 renascentium
1120 2671 1337 2712 literarum
1362 2674 1568 2728 tempori-

79 2728 157 2770 bus
179 2744 291 2771 nova.
311 2729 356 2773 et
383 2734 567 2775 obseura
589 2733 688 2788 jure
721 2733 999 2790 putabantur.
1059 2728 1212 2784 Itaque
1230 2737 1568 2770 consentaneum

75 2784 173 2837 fuit,
210 2787 336 2829 aliam
377 2790 725 2832 illustrandorum
767 2799 993 2831 auctorum
1025 2786 1235 2828 rationem
1263 2785 1384 2826 inire.
1446 2785 1567 2829 Hinc

73 2844 214 2890 exorti
242 2855 356 2898 sunt,
378 2847 453 2902 qui
486 2847 602 2889 hune
631 2847 715 2890 sibi
745 2846 924 2888 modum
955 2853 1206 2895 statuerent,
1229 2851 1278 2883 ut
1298 2856 1394 2896 quae
1417 2856 1462 2883 se
1491 2853 1568 2885 aut

800 2917 827 2944 Β

626 2959 631 2968 x

598 2986 602 2989 ,
621 2974 638 2985 4
