1790 3219
131 67 216 107 456

161 163 410 206 hilosophorum
434 173 506 195 mos
528 165 670 196 tenuiter
685 163 877 196 disserendi.

159 219 212 240 nv.
228 209 262 240 ii.
282 209 332 239 16.
361 207 419 239 sed
442 207 500 239 illa
516 210 657 247 tenuius,
674 209 829 240 subtilius
845 211 881 237 et

143 253 276 283 acutius
298 256 501 283 tractantur.
531 252 626 284 verr.
648 253 682 283 ii.
700 254 752 284 65.
782 252 883 283 nimi·

143 306 201 327 um
218 297 359 327 tenuiter
373 300 574 335 argumenta
589 296 720 336 colligo.

190 340 298 371 Teres.
326 340 384 371 Or.
400 340 446 369 iii.
465 341 516 372 52.
550 340 649 380 plena
663 346 699 370 et
713 344 795 371 teres
810 349 883 369 ora-

142 383 204 414 tio.
221 384 323 414 dueta
333 383 529 423 metaphora
540 388 592 414 est
606 393 625 413 a
640 384 798 414 membris
813 392 884 412 cor-

145 427 234 468 poris
250 427 406 458 humanis
422 427 639 465 succulentis,
654 431 689 457 et
704 427 783 456 hinc
797 430 884 455 tere-

146 471 250 509 tibus,
264 480 337 510 quae
349 470 383 500 in
397 471 511 510 primis
524 470 664 510 pulchra
677 475 775 500 suut:
796 468 884 498 unde

145 515 269 545 teretia
282 513 429 551 brachia,
445 518 569 544 teretes
591 514 733 544 cervices
748 512 886 542 laudan-

147 561 215 589 tur.
243 563 326 589 teres
346 558 451 597 igitur
472 558 579 587 oratio
602 561 666 594 est,
687 566 760 595 quae
784 555 886 585 habct

148 602 279 643 copiam
289 611 414 639 rerum,
424 604 458 630 et
469 601 656 637 verborum,
667 604 701 630 et
709 608 887 629 ornamen-

147 650 275 683 torum,
291 654 398 684 neque
417 648 530 674 tamen
547 644 700 681 nimiam,
715 652 757 672 ne
772 646 888 672 tumor

146 692 385 728 consequatur,
408 696 473 726 quo
499 686 692 724 accedente,
715 690 754 716 ut
781 695 886 716 mem-

146 733 246 763 brum
271 733 305 762 in
329 740 479 771 corpore,
499 731 546 761 sic
569 731 676 760 oratio
698 729 831 760 tumida
852 733 888 760 et

149 776 307 807 deformis
335 776 384 805 fit.
414 773 433 792 ⁵*
445 774 503 805 Or.
527 779 558 808 9.
590 774 670 814 Opt.
697 783 773 813 gen.
799 772 832 803 d.
855 775 887 803 4.

149 828 246 850 aures
269 822 393 857 teretes,
417 817 577 848 dicuntur
600 820 721 855 acutae,
738 816 780 847 ad
796 816 889 857 judi-

149 863 296 894 candum
313 862 353 892 de
370 862 520 891 oratione
537 864 627 901 apta.

196 906 442 945 Tergiversantio.
475 914 535 945 pro
562 904 777 935 cunctatione
807 913 888 943 qua-

148 951 208 981 vis.
223 949 297 980 Mil.
314 952 367 981 20.

197 993 401 1025 Terminare.
433 992 528 1023 offic.
544 992 594 1022 iii.
611 995 664 1023 33.
691 991 782 1021 bona
795 990 890 1021 volu-

150 1040 242 1078 ptate
255 1038 435 1068 terminare
447 1049 453 1066 :
474 1036 507 1066 h.
517 1047 546 1066 e.
557 1035 592 1065 in
600 1035 774 1076 voluptate
786 1035 903 1074 finem!

150 1081 330 1118 bonorum,
340 1089 519 1110 'summum
534 1080 661 1110 bonum
678 1088 813 1119 ponere.

196 1124 408 1161 Terminatio,
429 1124 516 1153 finis.
546 1123 617 1153 Fin.
639 1132 670 1152 v.
699 1125 747 1152 10.
779 1122 891 1152 termi-

150 1170 239 1202 natio
255 1177 367 1199 rerum
384 1166 658 1207 expetendarum.
678 1165 735 1196 Or.
752 1169 804 1198 53.
825 1170 891 1196 ter-

151 1213 286 1243 minatio
304 1211 451 1249 aurium,
467 1211 488 1240 i.
505 1220 534 1240 e.
550 1219 718 1240 mensura.

197 1256 422 1292 Terminatus,
440 1263 616 1284 numerose
632 1253 765 1283 cadens.
795 1253 890 1284 Orat.

150 1302 182 1332 5.
213 1300 320 1330 oratio
335 1299 524 1329 terminata.

197 1343 429 1382 Terripavium,
445 1345 480 1371 et

195 1386 445 1426 Terr‘ipudium,
462 1384 544 1424 quid
558 1384 627 1415 sit?
646 1394 678 1413 v.
694 1383 770 1415 Div.
787 1383 821 1413 ii.
838 1385 890 1414 34.

197 1430 428 1466 stratorium,
468 1438 546 1468 ager
582 1428 655 1458 urbi
694 1427 890 1458 attributus.

150 1471 238 1505 Phil.
254 1473 289 1503 ii.
305 1476 359 1504 40.
389 1472 491 1503 aratri
513 1482 647 1502 vomere
670 1474 802 1510 portam
828 1471 892 1501 Ca·

148 1526 225 1557 puae
248 1526 344 1557 paene
364 1516 600 1557 perstrinxisti,
617 1518 657 1545 ut
672 1515 821 1545 florentis
837 1524 892 1544 co-

150 1560 250 1591 loniae
277 1561 475 1591 teri-icarium
502 1560 724 1589 minueretur.
750 1568 780 1588 v.
804 1558 891 1599 inpr.

150 1604 290 1634 Salmas.
307 1604 348 1645 ad
363 1602 522 1634 Pollionis
538 1613 613 1632 xxx.
628 1606 692 1642 tyr.
708 1612 741 1642 p.
757 1604 832 1635 317.

196 1648 391 1685 Temncz‘us,
408 1647 470 1676 int.
484 1655 620 1683 numus,
635 1646 701 1676 fuit
715 1645 796 1675 olim
811 1655 891 1684 qua-

151 1690 265 1728 drans,
282 1691 338 1730 qui
360 1695 430 1721 tres
450 1690 529 1720 assis
548 1690 662 1719 uncias
686 1689 890 1719 continebat.

150 1734 193 1765 ad
213 1735 288 1765 Div.
308 1735 342 1764 ii.
364 1737 413 1768 17.
436 1733 506 1764 Att.
525 1734 567 1763 vi.
582 1735 613 1764 2.
635 1733 715 1762 hinc
731 1733 891 1772 quoniam

149 1781 224 1809 tota
245 1778 413 1808 hereditas
440 1786 510 1807 asse
536 1777 758 1816 significatur,
781 1786 822 1806 ex
845 1780 892 1806 te-

150 1823 265 1852 runcz'o
276 1821 383 1852 heres.
406 1821 475 1852 Att.
489 1821 544 1851 vii.
557 1822 588 1851 2.
613 1824 713 1857 esset,
724 1820 780 1859 qui
794 1829 892 1859 quar-

151 1868 222 1895 tam
250 1869 381 1905 partem
409 1865 545 1904 accipit,
568 1874 608 1894 ex
634 1867 745 1893 vetere
770 1864 800 1893 vi
824 1868 891 1894 ter-

152 1909 258 1939 uncii.
289 1908 351 1938 Sed
365 1912 509 1945 constat,
523 1907 694 1938 Ciceronis
709 1911 809 1937 aetate
824 1910 892 1938 ter-

151 1953 246 1984 uncii
277 1952 370 1982 illam
402 1951 699 1991 significationem,
722 1961 788 1990 qua
811 1961 893 1990 qna-

153 1996 306 2026 drantem
331 1994 463 2026 valebat
481 1996 516 2025 in
539 1995 669 2025 ratione
692 1993 891 2032 denariaria,

153 2039 312 2070 abolitam
336 2039 450 2076 fuisse,
467 2043 502 2069 et
525 2038 559 2068 in
582 2038 800 2076 sestertiaria,
818 2048 892 2077 quae

154 2083 355 2121 invaluerat,
387 2083 516 2113 ratione
547 2082 649 2112 fuisse
680 2082 894 2121 quadragesi-

155 2136 244 2157 mam
267 2131 395 2167 partem
420 2126 579 2163 sestertii,
596 2130 637 2156 ut
651 2128 728 2155 ante
753 2125 892 2157 denarii.

154 2171 306 2202 Sestertii
338 2174 451 2201 autem
482 2174 557 2200 tum
589 2173 734 2208 quatuor
764 2169 892 2200 assibus

153 2219 261 2245 erant.
286 2214 382 2244 heres
399 2223 477 2253 ergo
498 2224 538 2243 ex
563 2214 709 2243 teruncio
730 2219 781 2243 est
796 2212 892 2244 heres

153 2267 195 2288 ex
217 2258 319 2288 uncia
333 2262 368 2287 et
383 2258 530 2296 quinque
548 2256 736 2296 scriptulis:
761 2257 825 2286 nisi
841 2261 892 2287 ta-

155 2311 233 2332 men
248 2302 281 2331 in
291 2300 329 2331 're
341 2300 543 2332 hereditaria
554 2301 678 2330 mansit
695 2305 790 2330 vetus
808 2301 892 2331 ratio

154 2343 324 2384 loquendi.
349 2345 393 2376 Et
405 2344 489 2374 illud
505 2344 547 2374 ad
563 2344 639 2374 Div.
656 2344 690 2375 ii.
713 2346 762 2377 17.
777 2348 892 2374 terun-

153 2390 242 2418 'aeizcm
266 2397 333 2418 non
360 2389 474 2427 attigit
500 2388 688 2430 quisquam,
713 2391 764 2418 est
784 2387 893 2418 forma

152 2431 326 2471 loquendi,
349 2442 390 2462 ex
414 2431 560 2470 antiquis
582 2431 789 2470 temporibus
816 2431 893 2462 reli-

154 2485 234 2514 qua,
258 2485 323 2515 qua
345 2476 568 2515 significatur,
585 2474 727 2511 nullam,
744 2484 806 2505 nec
830 2476 892 2505 mi-

152 2518 281 2549 nimam
312 2522 454 2558 partem,
470 2528 673 2558 quemquam
697 2519 834 2559 cepisse.
857 2529 889 2550 v.

154 2561 298 2592 Gronov.
314 2562 396 2592 Sest.
414 2563 448 2592 ii.
469 2566 496 2592 1.

198 2605 334 2643 Tesqaa.
345 2605 462 2644 fragm.
476 2605 736 2635 incert.t0m.ix.
749 2615 780 2645 p.
794 2607 864 2636 144.
874 2615 891 2636 e

152 2649 251 2682 Festo
262 2648 333 2678 loca
349 2659 463 2688 aspera
472 2652 505 2679 et
517 2649 677 2686 difficilia,
689 2659 788 2688 quem
805 2649 891 2680 vide.

199 2691 378 2724 Tesserula.
409 2693 466 2722 Or.
491 2693 537 2722 iii.
553 2695 606 2722 43.
637 2699 689 2722 est
704 2692 838 2733 lapillus
854 2693 889 2724 in

152 2737 360 2776 pavimento,
372 2735 461 2765 unde
474 2746 556 2775 opus
568 2735 789 2774 tessellatum,
802 2737 891 2776 quod

153 2780 241 2811 idem
264 2784 315 2809 est
338 2788 415 2808 cum
439 2779 676 2810 vermiculato:
700 2779 741 2809 de
758 2790 824 2819 quo
841 2781 894 2810 in-

146 2824 214 2855 fra.
246 2822 384 2853 Salmas.
402 2822 443 2852 ad
459 2822 561 2852 Solin.
580 2833 611 2862 p.
631 2825 705 2856 854.
734 2823 811 2857 add.
828 2823 893 2857 Ca·

136 2867 243 2900 ἐκαὶ).
258 2866 300 2898 ad
317 2867 454 2898 Sueten.
472 2866 556 2898 Caes.
571 2868 625 2901 47.

644 74 792 106 INDEX
829 68 966 102 LATm
972 74 1088 106 rrA‘rr
1093 76 1112 105 S
1117 92 1128 106 ο

969 165 1079 203 Testa,
1096 163 1223 205 tegula,
1240 163 1379 195 imbrex.
1405 162 1507 195 Dom.
1520 165 1574 196 23.
1600 171 1663 195 nt«-

923 219 987 248 que
1002 209 1059 239 illa
1072 219 1190 239 manus
1203 208 1306 248 copiae
1321 207 1475 238 Catilinae
1488 208 1662 239 caementis

924 262 963 282 ac
989 253 1076 283 testis
1100 256 1267 282 tectorum
1296 260 1446 281 meorum
1474 261 1508 281 se
1533 251 1659 282 famem

924 305 1018 326 suam
1035 296 1224 336 expleturas
1240 300 1457 335 putaverunt.

970 338 1258 370 Testamentarius.
1291 339 1460 377 subjector
1479 340 1663 368 testamen-

924 382 966 418 ti,
982 381 1104 413 falsarii
1122 393 1238 422 genus.
1270 383 1334 413 Off.
1352 382 1398 411 iii.
1421 384 1469 412 18.
1501 381 1591 411 Sext.
1612 383 1667 415 17.

926 424 1049 455 *vem
1071 426 1093 455 i.
1109 428 1162 457 42.
1193 426 1243 456 lex
1268 427 1525 456 testamentaria.
1541 434 1572 455 v.
1589 423 1664 456 lnd.

926 468 1030 507 Legg.
1047 469 1116 499 Lex
1134 470 1297 500 Cornelia.

972 511 1102 542 Testari
1117 513 1157 542 de
1169 513 1281 550 factis,
1294 523 1354 552 pro
1364 516 1527 543 testatum
1543 510 1666 542 facere.

928 554 1010 584 Suu.
1043 558 1089 586 14.
1120 556 1184 586 nisi
1211 556 1353 596 publicis
1381 555 1597 586 monimentis
1620 559 1666 586 u*

927 602 1034 628 status
1048 608 1166 629 essem.

975 641 1093 679 Testes,
1110 643 1271 672 testiculi.
1302 643 1344 672 ad
1358 643 1435 673 Div.
1452 643 1497 673 ix.
1513 643 1568 674 22.

973 685 1139 716 Testiculz'.
1164 685 1314 716 Herenn.
1331 687 1377 716 iii.
1391 688 1443 716 20.
1469 695 1528 726 pro
1542 687 1667 722 scroto,

930 738 1092 759 crumena
1121 733 1262 766 scortea,
1285 739 1302 759 e
1327 729 1412 769 pelle
1444 730 1668 760 testiculorum

930 773 1162 811 arietinorum,
1179 783 1280 812 quam
1305 782 1380 803 rcus
1399 773 1541 812 fingitur
1553 776 1670 802 tenere

930 816 1040 846 medio
1051 827 1097 847 sc.
1115 817 1233 855 digito,
1247 817 1287 846 ad
1302 817 1557 856 significandam
1575 815 1670 845 here·

931 859 1086 897 diuitem,
1102 861 1196 899 cujus
1221 870 1321 890 causa
1344 869 1472 889 veneno
1493 859 1669 889 hominem

930 903 1090 933 occidisse
1107 905 1271 943 arguitur.
1295 903 1347 933 Ita
1362 908 1450 933 recte
1469 903 1672 943 interpreta-

930 952 986 978 tus
1013 952 1064 977 est
1093 947 1277 977 Politianus
1305 947 1446 978 Miscell.
1477 957 1507 977 c.
1533 947 1586 977 62.
1614 947 1672 977 Sic

931 1001 984 1030 ap.
1015 991 1109 1020 Varr.
1131 991 1172 1021 R.
1189 991 1228 1021 R.
1245 991 1292 1021 iii.
1314 994 1362 1025 17.
1391 991 1502 1021 vesica
1517 999 1577 1030 pro
1594 999 1671 1020 cru-

931 1043 1032 1064 mena
1048 1044 1065 1064 e
1081 1035 1208 1064 vesica:
1232 1044 1297 1073 quo
1314 1044 1435 1074 genere
1451 1034 1556 1064 etiam
1571 1033 1674 1064 hodie

932 1080 1078 1108 utuntur
1093 1077 1225 1118 plebeii.
1240 1088 1270 1108 V.
1286 1078 1329 1108 ibi
1347 1078 1525 1108 GesneruS.

977 1121 1172 1161 Tea—testeam
1195 1122 1338 1152 testibus
1362 1121 1519 1151 adhibitis
1539 1119 1674 1151 tabulae

932 1167 967 1195 et
994 1165 1199 1206 syngraphas
1229 1165 1354 1202 faeere,
1376 1165 1519 1195 testibus
1549 1164 1672 1194 confir·

932 1210 1038 1246 mare,
1053 1208 1219 1239 testatum
1235 1208 1356 1239 facere.
1386 1209 1506 1248 Quint.
1522 1208 1553 1238 6.
1582 1209 1672 1238 testi-

920 1252 1066 1293 ficatur,
1093 1252 1275 1292 Quintium
1307 1261 1374 1282 non
1403 1252 1541 1282 stitisse.
1569 1251 1672 1282 Tusc-

932 1305 963 1326 V.
984 1299 1032 1326 11.
1056 1296 1254 1336 testificaris,
1269 1296 1349 1335 quid
1365 1295 1517 1326 dixerim.
1535 1294 1672 1325 Cluent.

933 1342 986 1370 51.
1011 1340 1117 1370 voluit
1128 1339 1297 1380 testg'ficarz'
1310 1340 1370 1369 διο.
1383 1338 1449 1369 vid.
1463 1339 1674 1369 Hotomann.

934 1383 976 1413 ad
1001 1383 1119 1423 Quint.
1147 1384 1177 1414 6.
1211 1383 1360 1424 Sylvium
1377 1383 1420 1413 ad
1450 1382 1587 1412 Cluent.
1619 1385 1674 1413 51.

934 1427 1096 1457 Passerat.
1116 1427 1158 1457 ad
1176 1427 1299 1457 Caeoin.
1320 1428 1369 1457 16.
1393 1429 1526 1457 *testes
1542 1426 1673 1456 invoco.

934 1470 975 1500 ad
991 1471 1067 1501 Div.
1082 1471 1151 1502 viii.
1173 1471 1221 1501 16.
1244 1471 1335 1503 Deos
1350 1470 1570 1509 hominesque
1587 1470 1676 1500 testi-

921 1514 1022 1554 ficor.

979 1558 1185 1598 Testfimho,
1204 1560 1256 1587 est
1277 1557 1443 1587 confectio
1465 1555 1675 1594 tabularum,

934 1611 1008 1640 quae
1034 1602 1176 1632 testibus
1200 1601 1356 1631 adhibitis
1380 1601 1430 1632 fit.
1461 1600 1598 1632 Muren.
1620 1601 1675 1632 24.

934 1645 992 1675 ubi
1009 1655 1039 1675 v.
1064 1645 1173 1675 Graev.

979 1689 1092 1727 Tesces,
1108 1698 1168 1729 pro
1192 1691 1327 1718 auctore
1343 1696 1558 1727 quocunque,
1574 1697 1600 1717 s.
1616 1685 1676 1717 ad-

933 1732 1146 1772 stipulatore,
1163 1736 1215 1762 est
1230 1733 1326 1762 Offic.
1344 1732 1390 1762 iii.
1407 1734 1460 1766 29.
1486 1728 1676 1772 philosophi

934 1777 1115 1813 affirmant,
1140 1785 1283 1814 quorum
1315 1779 1427 1806 testem
1456 1784 1524 1806 non
1547 1774 1676 1805 medio·

934 1819 1175 1850 crem—nolite
1189 1829 1300 1859 quaeso
1312 1819 1512 1859 vituperare.
1526 1818 1580 1849 Sic
1589 1818 1678 1849 dixit

934 1869 968 1894 et
984 1864 1123 1894 Ovidius
1147 1864 1228 1894 Her.
1246 1863 1324 1893 xvii.
1344 1865 1415 1894 124.
1439 1867 1516 1894 teste
1531 1862 1617 1893 Dea.

981 1907 1131 1943 Testario,
1155 1907 1248 1937 locus
1277 1912 1547 1943 concameratus,
1569 1904 1676 1936 forni-

935 1956 1041 1981 catus.
1066 1951 1161 1981 Brut.
1175 1952 1229 1981 22.
1253 1949 1396 1980 illumin
1414 1950 1558 1989 quadam
1576 1953 1676 1980 testu·

934 1995 1009 2025 cline
1024 2004 1100 2024 cum
1118 1994 1219 2024 servis
1242 1993 1385 2024 literatis
1405 1996 1676 2024 commentatum

934 2038 1047 2068 fuisse.
1065 2038 1106 2068 ad
1118 2038 1159 2078 Q.
1172 2038 1224 2068 Fr.
1238 2038 1285 2068 iii.
1303 2041 1329 2068 1.
1346 2048 1375 2069 c.
1391 2040 1418 2068 1.
1440 2037 1616 2068 honestate
1628 2040 1676 2067 te-

934 2083 1074 2114 studinis
1088 2081 1266 2112 obtinebit.

981 2125 1087 2156 Teter.
1119 2125 1273 2155 crudelis.
1296 2124 1396 2155 Tusc.
1413 2124 1436 2155 i.
1451 2126 1505 2155 40.
1536 2123 1573 2155 in
1595 2132 1677 2154 eum

935 2168 1045 2200 fuerat
1060 2170 1255 2200 teterrimus.
1283 2169 1330 2199 ib.
1346 2169 1380 2198 ii.
1393 2171 1424 2202 7.
1457 2168 1534 2198 tetri
1547 2167 1678 2198 crucia-

934 2217 1001 2243 tus.
1025 2213 1044 2231 ⁵*
1055 2213 1173 2243 foedus.
1196 2213 1276 2243 Nat.
1291 2212 1335 2242 D.
1353 2212 1387 2242 ii.
1404 2212 1456 2243 56.
1484 2215 1567 2242 teter
1583 2211 1676 2247 odor.

934 2256 1087 2297 *ἴω-915,
1103 2256 1179 2286 odio
1202 2256 1335 2295 dignus.
1366 2255 1407 2285 ad
1429 2256 1495 2296 Qu.
1520 2255 1572 2285 Fr.
1591 2255 1625 2284 ii.
1641 2255 1676 2286 6.

934 2300 965 2330 ei
980 2304 1049 2331 tres
1072 2300 1247 2331 teterrimae
1269 2299 1448 2329 sententiae
1470 2298 1674 2329 defuerunt:

935 2344 957 2374 i.
970 2354 999 2374 e.
1012 2344 1189 2374 hominum
1199 2343 1305 2374 trium
1315 2342 1589 2384 turpissimorum
1600 2351 1678 2372 sen-

933 2388 1064 2418 tentiae.

981 2431 1294 2469 Tetradrachmum,
1333 2433 1480 2469 quatuor
1522 2427 1673 2466 denarii;

934 2484 1014 2505 nam
1024 2475 1184 2506 drachma
1194 2473 1374 2514 respondet
1386 2473 1532 2503 denario.
1544 2471 1586 2502 ad
1597 2471 1677 2506 Div.

934 2519 991 2548 xii.
1019 2522 1068 2550 13.
1099 2518 1205 2548 ternis
1239 2518 1492 2549 tetradi-achinis
1519 2514 1676 2546 triticum

934 2562 1025 2601 apud
1047 2561 1257 2593 Dolabellam
1281 2565 1344 2592 est.
1365 2570 1396 2591 v.
1421 2559 1566 2590 Gronov.
1588 2558 1676 2591 Sest.

933 2606 981 2635 iii.
998 2608 1030 2636 4.
1053 2609 1088 2636 et
1104 2605 1239 2636 Manut.
1254 2605 1295 2635 ad
1310 2605 1333 2635 l.
1348 2614 1376 2634 c.
1393 2603 1469 2635 add.
1486 2602 1630 2634 Gronov.
1641 2606 1678 2634 et

934 2649 1066 2680 Duker.
1090 2649 1132 2680 ad
1146 2649 1218 2680 Liv.
1234 2649 1344 2679 xxxiv.
1362 2649 1415 2678 52.

979 2692 1177 2730 Τετνανσὴα,
1200 2695 1253 2723 est
1275 2700 1413 2729 nomen,
1435 2689 1525 2730 quod
1547 2689 1677 2720 tribue·

933 2736 1033 2767 batur
1055 2737 1109 2774 iis,
1124 2736 1244 2775 quibus
1268 2735 1404 2765 nomine
1428 2734 1519 2773 regio
1537 2733 1591 2764 uti
1606 2741 1681 2763 non>

933 2778 1070 2818 licebat,
1083 2781 1146 2810 etsi
1163 2783 1260 2809 erant
1275 2778 1442 2817 dignitate
1457 2781 1493 2808 et
1508 2780 1674 2818 potestate

934 2824 1039 2863 regia,
1072 2824 1121 2865 (et
1149 2822 1285 2862 quidem
1315 2822 1448 2862 proprie
1476 2824 1567 2859 tum,
1594 2828 1674 2850 cum

935 2868 1131 2900 obtinerent
1141 2870 1275 2909 partem
1291 2866 1385 2908 regni
1396 2866 1432 2898 in
1444 2868 1588 2906 quatuor
1597 2871 1675 2906 par-
