1804 3178
693 139 839 168 lxnnx
868 136 1147 173 nlsmmctm.

191 229 329 268 mactes,
356 228 428 261 rin.
457 237 487 260 v.
515 231 569 260 80.
607 226 733 259 Praetor
760 229 867 266 Darii,

192 275 199 282 ‘
214 274 422 313 Polycratem
437 270 655 311 §mevi-ceam,
667 282 694 302 υ.
712 272 866 303 Her-odae.

142 318 192 349 nii.
210 319 282 349 198.
305 319 390 348 male
405 318 440 347 in
452 315 523 346 edd.
538 315 732 356 quibusdum
756 317 867 346 scribi-

140 365 200 394 Μ
213 361 368 391 Orontes.

190 403 349 445 Orpheus,
374 403 417 434 N.
448 402 490 433 D.
522 402 543 432 i.
573 404 625 432 38.
655 412 732 432 enm
765 407 866 441 negat

140 447 244 478 fuisse
260 446 453 477 Aristoteles
472 457 478 475 :
497 454 631 475 carmen
649 445 831 486 Orphicum
847 456 867 476 a

142 490 355 532 Pythagoreis
371 490 510 530 Cei-copi
526 488 657 519 cuidam
675 490 844 519 tribuitur.

190 534 350 575 orpheus,
366 533 408 564 ad
423 534 499 564 Div.
517 534 579 562 xiv.
595 535 625 563 4.
642 543 754 563 servus
772 534 865 563 eice-

142 587 244 610 mnis.

191 620 345 662 Orphica,
361 619 402 651 de
415 618 459 651 N.
476 619 519 651 D.
535 619 581 650 iii.
597 622 649 651 23.
674 629 767 650 sacra
781 619 865 650 Bac-

139 663 208 702 qhi.

189 706 317 746 Osaces,
342 707 413 739 Att.
438 716 469 737 v.
495 708 548 738 20.
571 706 637 737 dux
666 706 864 737 Parthorum

142 750 282 793 (Pacori
295 753 434 788 nomine,
450 751 591 780 nondum
607 752 723 790 ephebi.
747 761 775 780 1¹.
799 750 865 781 Dio

144 794 232 826 Qut.
254 794 298 826 xl.
317 806 354 837 p.
385 794 469 833 133.)
499 804 621 833 magna
650 794 864 831 auctoritate,

137 837 261 870 vulnus
277 839 434 880 accipita
461 838 587 875 Cassio,
613 837 653 867 ab
679 837 866 867 Antiochea

138 881 290 922 fug-atur,
307 892 372 922 quo
388 881 522 912 vulnere
539 879 650 921 paullo
664 886 739 920 post
756 881 864 920 periit.

187 925 244 957 Cn.
265 925 423 957 Otacilius
437 925 538 956 Naso.
553 924 617 954 vid.
633 925 736 955 Naso.

182 969 227 1000 L.
247 968 329 1000 Otho
343 980 360 1000 e
374 969 506 1006 Rosciis,
534 969 622 1000 Mur.
644 972 691 1003 19.
711 968 763 999 lex
793 970 863 1009 ejus

140 1019 238 1052 grata
252 1013 432 1053 equitibus.
454 1012 525 1043 Att.
538 1013 594 1042 xii.
610 1017 649 1047 37
667 1016 701 1042 et
718 1015 770 1044 38.
794 1013 861 1043 xiii.

141 1058 197 1088 81.
218 1057 246 1087 si
256 1061 367 1087 tamen
381 1061 428 1087 ese
441 1057 536 1087 idem.
559 1066 588 1086 v.
605 1057 677 1088 Lex
692 1056 818 1087 Roscia.

187 1099 284 1139 Om‘a,
309 1100 382 1131 Att.
406 1100 463 1130 xii.
494 1101 532 1131 21
560 1106 596 1131 et
625 1102 677 1131 24.
710 1100 747 1131 C.
765 1099 861 1131 Lollii

139 1151 235 1174 uxor.

185 1185 298 1226 onius,
312 1186 386 1218 Att.
401 1188 464 1218 xvi.
484 1190 512 1218 1.

484 1316 520 1348 P.

185 1404 224 1436 T.
242 1404 424 1443 Pacuvius,
449 1403 524 1436 Mil.
548 1405 601 1438 27.
618 1413 718 1445 eques
742 1403 862 1436 Roma-

138 1455 213 1480 nus.

182 1491 234 1523 Μ.
250 1491 405 1530 Paccius,
427 1490 498 1522 Att.
521 1492 564 1524 iv.
591 1492 641 1523 16.
665 1491 784 1533 hospes
804 1491 866 1523 At-

142 1535 214 1566 tici.

183 1577 226 1609 L.
247 1577 374 1610 Junius
398 1577 578 1616 Faciamus,
598 1579 640 1609 ad
655 1579 730 1610 Div.
752 1579 795 1610 vi.
814 1582 863 1611 13.

139 1620 324 1662 Hispanus,
350 1622 486 1652 civitate
515 1623 670 1661 donatus,
706 1623 866 1654 Caesaria-

141 1673 216 1696 nuS.
230 1666 294 1696 vid.
310 1666 403 1698 Istrt.
419 1665 459 1696 de
474 1666 560 1698 Bell.
577 1667 754 1707 Hispanico
773 1667 821 1698 16.

183 1707 398 1747 Paeidianus,
428 1709 468 1740 de
485 1711 602 1750 optim.
625 1720 701 1750 gen.
723 1715 808 1740 orat.
834 1710 864 1741 6.

137 1749 239 1784 Tusc.
254 1753 298 1783 iv.
314 1755 367 1784 21.
382 1752 546 1793 gladiator
560 1754 650 1794 apud
666 1754 844 1784 Lucilium.

182 1794 234 1826 M.
250 1795 415 1834 Pacilius,
431 1797 523 1828 Verr.
538 1798 572 1828 ii.
585 1801 637 1829 38.
654 1805 689 1828 et
705 1800 757 1828 40.

182 1839 364 1871 Paciliana
378 1839 508 1871 domus.
523 1841 594 1872 Att.
609 1842 630 1871 i.
650 1844 700 1872 14.

128 1893 132 1897 ’
185 1881 365 1922 Paconius,
397 1884 439 1924 Ω.
464 1884 515 1914 Fr.
542 1885 564 1914 i.
584 1886 656 1916 1.6.
686 1885 785 1915 homo
809 1884 867 1915 ob·

139 1935 270 1963 neurus,
297 1928 354 1966 qui
369 1926 409 1958 de
424 1927 465 1968 Ω.
482 1928 641 1959 Cicerone
663 1934 866 1969 propraetore

141 1975 279 2010 questus
294 1975 378 2002 erat.

187 2013 342 2051 Pau-ores,
356 2015 408 2044 vel
430 2014 592 2053 Pacorus,
610 2015 652 2045 ad
668 2015 744 2046 Div.
769 2025 819 2046 xv.
839 2017 866 2045 1.

141 2055 215 2087 Att.
229 2066 260 2087 v.
280 2061 330 2088 18.
368 2057 487 2088 Orodis
504 2059 589 2098 regis
607 2059 806 2089 Parthorum
830 2059 868 2089 fi-

138 2099 217 2140 lius.
234 2100 276 2130 ad
292 2100 368 2131 Div.
384 2111 437 2131 xv.
455 2104 486 2132 3.
503 2112 580 2132 cum
604 2112 642 2131 eo
659 2108 767 2142 nupta
782 2102 867 2142 regis

140 2143 377 2174 Armeniorum
403 2144 481 2175 tilia.
509 2155 539 2175 ν.
566 2145 702 2176 Orodes.
719 2146 787 2176 Hic
808 2150 867 2183 ese,

139 2188 280 2228 quipost
292 2197 314 2218 α
331 2187 478 2218 Ventidio
499 2190 601 2219 victus
622 2199 654 2220 α.
673 2197 794 2220 Dccxv.
808 2198 869 2230 pe-

141 2231 213 2261 riit.
257 2231 325 2263 Dio
345 2231 430 2262 Cass.
446 2231 571 2273 xlix.p.
588 2234 663 2263 464.

185 2273 236 2304 M.
268 2274 450 2314 Pacuvius,
480 2276 522 2306 ad
559 2276 706 2306 Herenn.
742 2275 777 2305 ii.
815 2277 869 2307 23.

144 2315 250 2348 Poeta
277 2319 440 2357 tragicus,
459 2319 581 2360 floruit
602 2324 675 2359 post
704 2318 869 2357 Ennium,

141 2358 238 2402 eujus
251 2371 346 2401 nepos
347 2361 436 2409 seit.
453 2364 492 2394 de
509 2363 613 2394 Amic.
629 2367 659 2398 7.
676 2363 772 2394 Laele'i
786 2363 870 2393 umi-

140 2413 200 2438 σιω
214 2409 246 2435 et
259 2406 376 2446 hospes.

187 2447 309 2486 Poean,
330 2449 424 2479 Verr.
455 2450 498 2480 iv.
516 2453 567 2484 57.
594 2458 716 2479 nomen
747 2447 872 2488 Apolli-

143 2491 206 2521 nis.
229 2491 323 2522 Orat.
340 2492 363 2522 i.
381 2495 434 2527 59.
458 2493 574 2533 hymni
599 2502 704 2532 genus
720 2492 754 2522 in
771 2490 871 2531 Apol-

143 2533 260 2565 linem.
293 2535 388 2566 Verr.
417 2536 460 2566 iv.
491 2540 544 2571 57.
566 2537 636 2577 ejus
666 2536 800 2575 signum
836 2535 872 2565 in

143 2577 274 2618 templo
289 2578 484 2620 AEsculapii.

187 2620 280 2652 Sext.
297 2621 493 2661 Paeduceus,
509 2622 584 2653 vide
602 2622 785 2654 Pedaceus.

189 2663 356 2703 Poeom'm,
372 2666 412 2706 Ω.
441 2666 492 2697 Pr.
515 2667 561 2696 iii.
587 2670 618 2698 3.
645 2666 758 2696 rhetor
779 2663 873 2695 valde

143 2708 350 2744 exercitatus
365 2716 401 2741 et
422 2710 542 2748 bonus,
557 2720 624 2749 quo
650 2711 700 2740 usi
722 2712 801 2739 sunt
819 2708 873 2738 Ci-

143 2759 282 2782 cerones
295 2751 367 2783 filii.

189 2793 320 2833 Paetus,
336 2796 378 2826 ad
393 2796 470 2827 Div.
489 2797 533 2828 ix.
553 2797 602 2827 16.
625 2806 795 2835 cognomen
810 2794 874 2836 sa-

146 2837 247 2868 milia·
263 2837 421 2879 Papirc'oe.
438 2840 574 2871 Cluent.
589 2841 642 2870 26.
655 2844 685 2870 et
700 2840 874 2870 AEliornin.

146 2878 191 2909 nd
208 2879 280 2910 Att.
294 2881 330 2912 ii.
349 2885 375 2913 1.
391 2883 545 2916 Ciceroni
563 2883 661 2915 libros
674 2894 694 2915 a
707 2883 809 2916 fratre
824 2892 875 2917 re·

147 2920 244 2956 fletos
259 2923 374 2958 donat.

1555 138 1629 178 131

955 229 1080 268 Porus,
1115 232 1199 262 Phil.
1223 232 1292 263 xiii.
1322 233 1369 263 16.
1403 233 1584 271 Groeculue,
1611 247 1632 270 η

910 272 1038 304 Caesare
1069 275 1202 305 civit-ate
1240 276 1391 307 donatus.
1424 279 1457 308 in
1488 283 1629 320 vulgatis

907 317 978 347 edd.
990 322 1035 347 es!
1048 329 1057 346 .·
1083 318 1208 348 Pon-us.

951 360 1134 397 Pala-mon,
1152 362 1229 391 Nat.
1254 362 1295 392 1).
1312 362 1358 392 iii.
1372 365 1419 394 15.
1437 363 1523 394 silius
1540 365 1625 397 Leu-

907 404 1034 434 cotheae
1053 416 1058 433 z
1085 404 1176 435 Deus
1191 407 1350 435 ηιαϊὶηιιε,

952 448 1158 485 Palamedes,
1186 448 1227 478 ad
1253 448 1400 479 Herenn.
1423 449 1457 478 ii.
1480 452 1526 483 19.
1541 450 1625 492 Top,

951 534 997 564 M.
1028 533 1153 564 Lollius
1182 533 1375 571 Palicanus,
1398 533 1489 565 Verr.
1519 535 1551 565 ii.
1575 540 1628 568 41.

905 576 1044 608 Tribun.
1076 577 1119 618 pl.
1151 578 1206 609 Cu.
1231 578 1370 608 Lentulo
1393 582 1422 607 ee
1450 578 1490 609 L.
1527 580 1629 610 Gellio

913 621 994 652 Coss.
1026 621 1097 651 Att.
1114 622 1134 651 i.
1151 625 1177 652 1.
1190 627 1225 652 et
1246 625 1292 651 18.
1317 621 1411 651 Brut.
1428 623 1479 652 62.
1497 624 1628 652 cont-io—

907 665 1003 694 nibus
1030 665 1232 695 turbulentis
1259 665 1460 705 aptissimus.
1499 666 1551 695 De
1579 677 1627 696 co·

903 709 1056 747 gnomine
1068 718 1100 739 υ.
1116 709 1285 740 Burman.
1307 708 1351 738 ml
1364 709 1508 748 Quintil.
1531 709 1571 738 iv.
1596 711 1629 740 2.

908 751 1061 782 qumum
1077 753 1184 792 gentis
1209 751 1323 782 Lolliae
1346 753 1380 781 in
1406 761 1466 791 qno
1483 751 1628 783 Palicani

906 805 1088 833 cognomen,
1118 797 1204 826 dedit
1224 796 1368 826 Pelei-in.
1390 797 1479 834 epis-t.
1499 805 1536 835 p.
1553 798 1628 826 213.

906 840 961 878 qui
977 839 1065 878 apud
1078 839 1267 870 flIorcllimn
1284 840 1319 869 in
1334 841 1444 869 nuruis
1456 835 1527 878 ejus
1549 848 1630 878 gen-

906 883 948 912 tis
963 893 1024 912 non
1039 887 1094 913 est.

951 925 1065 964 Palla,
1083 924 1163 957 Coel.
1183 929 1231 956 10.
1249 934 1369 955 nomen
1392 924 1549 963 hominis,
1572 925 1627 957 cni

906 968 954 999 M.
973 969 1094 1000 Coelius
1110 970 1197 1000 bona
1209 969 1367 1008 eripuisse
1383 968 1566 998 dicebatur.

949 1012 1080 1050 Pallas,
1096 1014 1195 1050 aulis,
1212 1012 1255 1042 N.
1269 1013 1311 1042 D.
1328 1013 1373 1042 iii.
1390 1013 1550 1051 21³..pater
1561 1012 1627 1043 Mi-

905 1066 1013 1087 nervae
1029 1057 1216 1095 cujusdam,
1233 1066 1252 1086 a.
1267 1055 1335 1086 filia
1348 1055 1558 1085 interfectus.

949 1101 1158 1137 Pammenes,
1175 1100 1270 1130 Brut.
1285 1102 1338 1133 97.
1356 1098 1453 1137 longe
1470 1098 1626 1138 eloquem

903 1144 1052 1174 tissimus
1079 1143 1228 1180 Graeciae,
1247 1152 1312 1181 quo
1335 1142 1382 1172 M.
1398 1142 1521 1172 Brutus
1545 1151 1626 1172 usus

904 1192 967 1218 est.
989 1188 1046 1218 Or.
1070 1190 1123 1217 30.
1154 1185 1390 1217 Demosthenis
1426 1185 1627 1215 studiosissi-

906 1239 992 1261 mus.
1014 1231 1131 1261 mencz'o
1158 1229 1347 1259 Pammenis
1376 1238 1497 1268 quoque
1513 1229 1562 1268 fit
1584 1228 1626 1258 ad

904 1274 976 1304 Att.
992 1284 1021 1304 v.
1039 1276 1091 1305 20.
1114 1275 1156 1304 vi.
1173 1275 1203 1304 2.
1219 1273 1332 1309 nescio,
1347 1281 1391 1302 an
1407 1269 1562 1312 ejusdem.

950 1317 1162 1358 Pamphilus,
1197 1316 1433 1355 Lilybaeum,
1455 1314 1548 1346 Verr.
1585 1316 1628 1345 iv.

949 1404 1161 1444 Pamphilus,
1178 1403 1222 1434 N.
1239 1402 1282 1434 D.
1300 1403 1322 1433 i.
1339 1403 1392 1434 26.
1408 1401 1554 1432 Platonis
1570 1411 1631 1432 au-

905 1447 1006 1486 ditor,
1026 1457 1124 1487 quem
1142 1447 1307 1487 Epicurus
1326 1445 1415 1476 Sami
1439 1445 1578 1483 audivit,
1594 1450 1629 1476 et

905 1496 1020 1523 tamen
1039 1491 1215 1530 magnifice
1232 1489 1431 1520 contemnit.
1655 1517 1659 1521 ,

948 1535 1160 1574 Pamphilus,
1172 1533 1265 1564 Orat.
1279 1533 1324 1564 iii.
1339 1535 1392 1564 21.
1409 1531 1523 1562 rhetor
1537 1531 1629 1561 Grae-

905 1589 976 1610 cuS.
1001 1576 1117 1620 Hujus
1140 1576 1247 1617 τέχνην
1269 1577 1407 1607 laudant
1427 1576 1526 1606 etiam
1551 1575 1632 1605 Ari-

905 1627 977 1654 εἰσί.
995 1622 1091 1653 Rhet.
1108 1621 1141 1651 ii.
1158 1623 1211 1651 23.
1227 1624 1258 1650 et
1279 1620 1423 1662 Quintil.
1439 1619 1487 1648 iii.
1503 1619 1533 1649 6.
1550 1617 1628 1648 add.

906 1667 981 1699 Ind.
999 1666 1076 1697 Lat.
1091 1666 1127 1695 in
1142 1663 1257 1694 infula.

950 1709 1162 1749 Pamphilus,
1177 1707 1249 1738 Att.
1266 1706 1320 1736 vii.
1336 1707 1368 1737 2.
1384 1714 1496 1736 servus
1512 1704 1629 1736 Attici.

951 1753 1136 1789 Panaetius,
1169 1751 1324 1787 Rhodius,
1359 1748 1495 1779 Stoicus.
1518 1748 1576 1778 Or.
1606 1748 1629 1778 i.

912 1800 960 1828 11.
983 1796 1048 1827 Off.
1065 1796 1086 1826 i.
1100 1796 1152 1826 26.
1170 1794 1332 1834 Scipionis
1354 1791 1502 1822 Africani
1526 1789 1631 1828 majo-

907 1841 952 1872 ris
986 1843 1183 1881 praeceptor.
1217 1841 1253 1867 et
1289 1837 1385 1868 Brut.
1415 1838 1469 1866 30.
1499 1833 1631 1865 Rutilii.

907 1884 1003 1916 Brut.
1014 1883 1067 1915 26.
1092 1883 1130 1913 C.
1142 1881 1271 1912 Fannii.
1294 1880 1352 1911 Or.
1369 1879 1391 1909 i.
1406 1881 1456 1909 ll.
1479 1877 1632 1908 Mnesar-

908 1927 974 1958 chi.
1005 1926 1069 1957 Off.
1090 1926 1125 1956 ii.
1142 1927 1195 1957 22.
1222 1923 1339 1954 laudat
1359 1921 1505 1952 Afra-ani
1530 1920 1632 1950 absti-

909 1971 1070 2002 nentiam.
1089 1969 1211 2000 Att.ix.
1226 1969 1275 1999 12.
1291 1965 1380 2007 apud
1395 1974 1473 1995 eum
1489 1964 1631 1994 honora-

907 2019 963 2045 tus
978 2018 1040 2044 est.
1066 2013 1143 2044 Div.
1159 2012 1181 2042 i.
1198 2014 1229 2042 3.
1245 2014 1280 2041 et
1295 2014 1327 2044 7.
1344 2010 1425 2039 item
1441 2007 1475 2038 ii.
1492 2009 1545 2039 42.
1570 2006 1634 2036 Po-

908 2058 1028 2088 sidonii
1053 2057 1182 2093 doctor,
1208 2052 1389 2093 discipulus
1414 2050 1597 2090 Antipatri,
1614 2058 1634 2079 a

909 2101 1028 2132 Stoicis
1044 2098 1258 2140 degeneravit
1281 2097 1316 2127 in
1337 2095 1505 2126 sententia
1526 2093 1567 2123 de
1584 2092 1635 2122 di-

910 2145 1080 2176 vinatione
1094 2155 1104 2182 ;
1136 2142 1209 2172 risit
1235 2141 1327 2171 enim
1357 2139 1467 2169 avium
1493 2142 1634 2167 cantum

909 2193 945 2219 et
966 2187 1210 2226 astrologorum
1237 2183 1407 2225 praedicta.
1445 2180 1510 2210 Off.
1528 2180 1562 2209 ii.
1583 2181 1635 2209 14.

910 2232 941 2262 ei
967 2231 1078 2271 placet
1118 2238 1185 2259 non
1214 2235 1397 2266 numquam
1433 2221 1635 2259 verosimile,

911 2275 1013 2306 etiam
1031 2275 1058 2304 si
1086 2273 1197 2303 minus
1222 2271 1267 2301 sit
1291 2278 1421 2305 verum,
1447 2265 1638 2297 defendere.

909 2319 940 2349 T
942 2328 1010 2349 use.
1028 2317 1050 2347 i.
1066 2318 1118 2347 32.
1136 2316 1286 2345 animum
1303 2310 1480 2342 mortalem
1504 2309 1639 2339 statuit.

911 2362 992 2393 Nat.
1008 2362 1051 2392 D.
1073 2360 1106 2390 ii.
1122 2360 1175 2390 46.
1203 2357 1349 2393 dubitat,
1365 2364 1408 2385 an
1433 2353 1576 2384 mundus
1592 2352 1637 2381 sit

912 2406 982 2445 igni
1010 2403 1218 2435 interiturus.
1255 2400 1350 2431 Offic.
1377 2399 1399 2428 i.
1425 2399 1456 2428 2.
1483 2397 1530 2426 iii.
1546 2397 1577 2427 2.
1595 2395 1636 2424 de

912 2448 1028 2479 officiis
1042 2445 1291 2477 accuratissime
1307 2440 1503 2482 disputavit,
1520 2439 1556 2469 in
1570 2448 1636 2477 quo

912 2500 1027 2522 tamen
1058 2488 1182 2528 aliquid
1208 2484 1473 2527 reprehenditur.
1496 2482 1591 2513 offic.
1617 2482 1638 2510 i.

913 2538 966 2566 43.
983 2532 1197 2575 praetcrmisit
1213 2530 1325 2560 locum
1337 2527 1377 2559 de
1392 2527 1520 2557 duobus
1532 2525 1637 2556 hone-

913 2579 987 2616 stis,
1003 2581 1117 2607 utrum
1135 2574 1317 2605 honestius.
1340 2571 1405 2602 off.
1428 2570 1461 2600 ii.
1482 2572 1531 2599 10.
1559 2577 1639 2598 cum

914 2623 955 2653 de
983 2621 1138 2660 opinione
1155 2616 1306 2658 populari
1330 2615 1462 2645 locutus
1478 2617 1541 2649 est,
1558 2619 1639 2643 usus

915 2670 966 2696 est
994 2663 1099 2694 verbis
1122 2659 1336 2702 popularibus
1363 2663 1398 2687 et
1427 2655 1571 2686 usitatis.
1598 2653 1640 2684 de

915 2709 979 2740 Off.
997 2708 1031 2738 ii.
1049 2710 1079 2737 5.
1096 2709 1198 2743 negat
1213 2703 1332 2734 ducem
1348 2699 1425 2732 belli
1443 2705 1502 2729 aut
1519 2697 1643 2738 princi-

916 2761 992 2793 pem
1009 2749 1098 2780 ‹lomi
1123 2756 1261 2786 magnas
1277 2755 1327 2776 res
1344 2749 1378 2775 et
1394 2743 1556 2773 salutares
1571 2741 1643 2770 sine

916 2795 1092 2826 hominum
1118 2791 1236 2821 studiis
1259 2797 1372 2829 gerere
1388 2795 1493 2827 posse.
1517 2783 1581 2814 Off.
1611 2783 1645 2812 ii.

922 2843 971 2875 17.
987 2837 1132 2872 theatra,
1150 2834 1310 2874 porticus,
1323 2840 1408 2861 nova
1423 2827 1564 2868 templa,
1579 2834 1647 2856 non

918 2882 1047 2924 probat.
1074 2879 1146 2909 Fin.
1163 2878 1204 2908 iv.
1221 2881 1251 2911 9.
1269 2875 1309 2906 ad
1323 2876 1364 2914 Ω.
1376 2873 1589 2904 Tuberonem
1606 2869 1647 2899 de

919 2925 1031 2958 dolore
1057 2921 1217 2965 patiendo
1245 2919 1372 2951 scribit.
1410 2916 1482 2949 Att.
1520 2913 1590 2946 xiii.
1617 2915 1650 2944 Β.

963 2970 1023 3001 12
