1804 3178
603 100 748 130 mnEx
778 102 910 131 LATtN
918 103 1070 133 [Taus-

137 185 351 220 Librarivlus.
372 187 468 221 Balb.
484 187 515 219 6.
531 188 612 228 Leg.
629 188 651 219 i.
668 190 699 218 2.
717 189 816 218 ubra-

89 228 169 260 violi
183 230 293 270 latini,
308 239 385 263 sunt
402 231 566 269 homiues,
583 232 639 271 qui
656 231 754 261 libros
771 232 816 262 la-

91 272 182 304 tinos
199 275 390 307 descn'bunt
405 280 440 305 et
454 275 614 305 vendunt.

138 316 309 357 Librueur,
346 319 379 349 in
424 318 609 357 aequilibrio
657 324 816 349 servatus.

91 356 192 392 Tusc.
209 372 238 393 v.
261 365 312 393 et.
331 367 422 392 teri-a
451 361 569 400 quibus
596 362 714 392 librata
738 371 819 401 pon-

94 401 240 444 deribus,
267 406 385 445 quibus
411 406 560 435 cavernis
588 406 692 435 maria
720 405 819 435 susti-

92 452 183 478 neat.

98 523 101 525 ,
138 490 260 522 Lien-i.
283 491 348 522 Off.
363 491 410 522 iii.
438 493 487 522 15.
512 502 572 521 nec
588 497 745 532 apponet,
762 493 817 531 qui

93 540 212 565 contra
234 544 268 565 se
284 537 432 565 licentur.
456 537 595 565 Sensum
621 546 690 565 esse
716 540 816 575 puto:

95 577 153 616 qui
165 577 274 608 multo
290 578 401 608 minus
418 578 546 616 offerat,
564 583 597 609 et
615 580 659 609 ita
676 589 744 609 rein
763 579 818 609 ‹le-

96 620 239 660 primat,
255 625 292 652 ut
311 622 378 662 ipse
402 622 584 652 faciliorem
612 622 817 652 venditorem

96 661 230 694 habeat.
253 664 388 695 Nostri:
414 666 465 695 icb
484 666 566 704 giibe
583 665 675 696 nieht
692 666 768 696 halb
783 675 818 695 so

95 705 161 736 viel
191 707 300 746 datur.
362 709 462 739 Hunc
491 719 626 739 sensnm
658 709 754 746 vidit,
785 714 818 738 et

93 749 224 781 efficere
240 752 344 782 voluit
357 753 523 790 Muretus,
540 753 746 792 corrigendo,
763 753 818 791 qui

94 798 215 825 contra
231 805 301 826 asse
319 797 467 826 tice-asur.
484 797 563 826 item
579 796 730 825 Peareius
742 807 748 824 :
762 797 817 834 qui

93 842 245 869 conti-aa
266 848 300 870 se
324 839 346 870 l.
372 840 426 869 cui
449 840 649 877 conjecturae
673 838 818 869 multum

93 880 234 912 tribuit:
258 892 278 912 a
289 892 336 920 se,
350 883 370 912 i.
383 894 412 913 e.
429 883 464 912 in
477 882 688 912 commodum
703 892 816 912 suum.

95 922 161 954 Sed
176 924 228 955 vel
242 926 290 957 sie
306 930 420 956 manet
442 925 619 956 difficultas
647 927 681 956 in
709 925 819 956 latini-

90 970 178 1006 tate,
195 969 360 1009 quomodo
373 969 434 1000 hoc
447 976 563 1000 contra
574 970 663 1000 liceri
679 969 818 1001 dicatur.

94 1009 130 1040 Si
152 1017 271 1042 contra
295 1014 385 1043 liceri
410 1013 450 1043 de
472 1023 512 1043 ea
533 1023 580 1051 re,
595 1023 694 1052 quam
719 1023 820 1053 supra

92 1056 329 1094 expressimus,
353 1056 418 1086 diei
455 1056 557 1087 latine
596 1061 705 1096 potest
719 1068 726 1086 :
765 1057 818 1086 vix

96 1097 249 1129 dubitare
265 1098 357 1137 lieet,
374 1101 454 1139 quin
470 1105 512 1135 ,et
531 1105 647 1130 contra
669 1109 703 1130 se
729 1100 819 1130 liceri

95 1141 146 1172 sie
161 1141 225 1172 dici
242 1143 355 1183 possit.

141 1185 246 1217 Licet.
268 1192 392 1217 constr.
410 1196 486 1216 cum
503 1186 598 1216 infin.
613 1195 699 1227 pass·
715 1187 772 1218 Or.
787 1189 818 1218 4.

94 1229 192 1268 eujus
214 1240 254 1260 ex
278 1230 425 1270 epistolis
454 1229 596 1269 intelligi
623 1231 705 1260 lieet.
731 1230 773 1260 cf.
791 1241 818 1260 c.

94 1272 149 1304 60.
165 1272 224 1304 Or.
240 1274 262 1303 i.
279 1276 331 1304 42.
347 1275 419 1304 licet
435 1280 628 1313 carpentem
646 1274 767 1313 passim
785 1278 819 1304 et

93 1315 308 1356 colligentem
335 1317 480 1356 undique
503 1316 819 1358 ,repleri—scientia.

95 1361 117 1381 ί
132 1366 295 1399 sequente
319 1370 429 1390 accus.
469 1359 539 1399 Lig.
569 1361 599 1391 6.
630 1361 724 1392 liceat
749 1370 819 1391 esse

96 1403 249 1442 miseros,
263 1413 322 1444 pro
337 1404 475 1434 miseris.
493 1403 534 1433 cf.
546 1403 639 1435 Balb.
656 1407 703 1435 1‘2.
726 1404 819 1435 Verr.

95 1446 144 1477 iii.
158 1447 214 1482 96.
236 1447 307 1478 Att.
322 1458 355 1478 x.
372 1450 402 1479 8.
425 1447 490 1477 Sed
514 1452 566 1477 est
586 1447 735 1488 elliptica
755 1448 820 1478 for-

97 1499 166 1529 ma,
177 1500 251 1529 quae
266 1491 315 1521 sic
331 1490 484 1530 expletur
498 1502 505 1520 :
527 1492 621 1522 liceat
637 1491 744 1528 nobis,
761 1501 820 1521 nos

95 1542 168 1564 esse
190 1533 338 1564 miseros.
359 1534 424 1564 wid.
451 1533 580 1564 Duker.
596 1538 632 1564 et
647 1534 818 1565 Drakenb.

96 1576 140 1607 ad
155 1576 227 1608 Liv.
243 1577 312 1608 xlii.
328 1578 380 1609 36.
404 1578 423 1596 ⁸*
438 1588 506 1618 seq.
522 1582 572 1608 ut.
589 1578 678 1608 Mur.
695 1581 726 1609 4.
749 1579 821 1609 licet

96 1621 410 1661 —ut'impertiam.
446 1622 466 1639 ¹⁵
477 1621 592 1651 venale
621 1626 684 1651 est.
716 1621 820 1651 Attio.

95 1663 154 1701 xii.
170 1665 223 1695 23.
246 1664 287 1695 de
301 1664 405 1696 Drusi
428 1664 546 1702 hortis,
563 1665 679 1704 quanti
696 1666 822 1696 lavasse

93 1707 223 1738 scribis.
240 1708 302 1738 int.
317 1717 439 1738 emere.
456 1707 518 1738 boe
532 1717 632 1738 sensu
648 1708 756 1739 Plinio
771 1719 821 1738 re-

95 1751 210 1785 stituit
224 1750 287 1781 hoc
313 1752 450 1782 verbum
468 1750 660 1782 Harduinus
676 1762 750 1782 xxx.
769 1755 819 1783 10.

97 1797 118 1816 ὓ
135 1795 305 1826 liciturum
319 1804 390 1826 esse
406 1795 507 1826 habet
530 1795 645 1826 Cicero
666 1795 770 1826 Attio.
786 1795 820 1826 ii.

142 1881 314 1922 Ligurrio,
358 1883 489 1923 proprie
537 1887 590 1913 est
633 1881 820 1922 degustare.

97 1924 178 1956 hinc
189 1926 277 1956 varie
294 1926 430 1964 dicitur,
446 1933 484 1957 ut
501 1936 559 1967 pro
576 1927 730 1966 exiguam
748 1936 822 1967 par-

99 1973 170 1999 tem
187 1978 227 1999 ex
243 1968 355 2008 aliqua
379 1980 414 2000 re
430 1979 558 2010 capere.
581 1969 673 2000 verr.
701 1970 746 2000 iii.
767 1970 820 2003 76.

100 2020 168 2042 non
182 2013 352 2053 reperietis
369 2012 539 2043 bominem
566 2013 682 2043 timide
699 2022 760 2043 nec
776 2012 822 2043 le-

95 2055 183 2086 viter
197 2055 268 2086 haee
284 2056 528 2096 improbissima
542 2055 634 2087 luera
648 2058 822 2096 ligurrien-

98 2103 174 2130 tem.
214 2099 380 2130 Devorare
405 2109 540 2130 omnem
568 2100 743 2140 pecuniam
761 2110 822 2140 pu-

61 2158 66 2165 ·
97 2142 221 2174 blicam
245 2151 313 2188 no&
334 2143 510 2173 dubitavit.
535 2142 635 2181 Item,
652 2153 710 2184 pro
725 2143 821 2174 disei-

98 2185 200 2226 plinae
233 2186 334 2217 alicui
369 2196 503 2226 operam
550 2185 695 2226 aliquam
733 2187 822 2218 dare.

98 2229 201 2261 Dom.
230 2232 280 2261 18.
310 2229 408 2260 Sexte
440 2235 564 2268 noster,
601 2230 688 2260 bona
713 2231 821 2269 venia,

96 2273 256 2313 quoniam
271 2274 345 2313 jam
361 2272 553 2303 dialecticus
569 2283 604 2303 es
619 2278 654 2303 et
664 2273 727 2304 hoc
742 2283 823 2313 quo-

98 2326 164 2357 que
179 2318 331 2356 ligurris.
357 2317 392 2358 (i.
417 2326 446 2347 e.
468 2316 554 2347 banc
569 2326 699 2356 quoque
714 2322 821 2348 artem

98 2360 242 2400 attigisti
259 2364 295 2391 et
309 2360 503 2400 degustasti.
516 2360 580 2390 Sed
596 2359 677 2390 illud
692 2370 822 2400 quoque

100 2404 215 2435 innuit
230 2413 301 2434 esse
310 2404 427 2443 jocum
444 2414 484 2433 ex
499 2403 654 2442 ambiguo
670 2408 704 2434 et
720 2403 821 2434 alludi

99 2446 143 2478 ad
158 2447 204 2484 id,
219 2446 308 2487 quod
325 2446 505 2487 putabatur
527 2451 680 2478 naturam
698 2446 822 2478 Clodiae

101 2490 274 2531 ligumire)
293 2491 380 2530 quod
404 2490 531 2520 factum
552 2499 618 2520 non
636 2495 698 2528 est,
715 2495 755 2521 ut
780 2491 824 2521 sit

97 2533 242 2572 factum,
253 2534 330 2564 ferri
343 2534 384 2564 ad
396 2533 732 2574 populum—potest?
750 2534 822 2565 Ma-

99 2576 132 2608 le
148 2577 247 2618 vulgo
263 2577 298 2608 in
314 2577 376 2608 hoc
391 2577 462 2608 loeo
475 2577 750 2617 interpretantur,
766 2587 822 2618 ap-

98 2621 197 2661 petis.
241 2621 294 2651 Sic
310 2621 412 2651 etiam
429 2621 463 2651 in
480 2620 542 2650 lioe
558 2619 599 2650 ad
618 2621 694 2651 Div.
711 2621 752 2651 xi.
768 2622 820 2651 21.

101 2673 179 2694 cum
195 2663 331 2704 quidam
346 2664 386 2694 de
413 2664 546 2704 collegis
564 2663 684 2694 nostris
701 2665 823 2704 agrari-

101 2716 158 2736 am
173 2707 381 2738 curationem
405 2709 612 2746 &gum-Irene,
640 2706 822 2738 disturbavi

100 2759 185 2787 rem,
201 2753 373 2791 totamque
388 2752 478 2782 vobis
494 2752 654 2781 reservavi
667 2762 677 2790 ;
703 2750 823 2782 Manu-

99 2793 168 2824 tius
183 2792 425 2834 interpretatur
442 2799 650 2836 appeterent.
673 2794 750 2825 Non
766 2795 822 2826 ab·

99 2835 200 2868 surde
215 2848 223 2866 ε
239 2836 297 2867 sed
312 2837 431 2878 plenus
446 2847 562 2869 sensus
578 2837 631 2868 bic
646 2840 716 2868 est:
736 2837 821 2869 Cum

100 2880 309 2922 mentionem
323 2882 503 2915 curationis
526 2881 664 2924 agrariae
679 2881 714 2913 in
728 2890 823 2916 sena.—

1497 102 1579 142 ³45

860 197 897 219 tu
913 189 1074 226 facerent,
1098 196 1148 228 ut,
1173 194 1291 232 quibus
1318 196 1505 228 mandanda
1527 209 1579 230 es·

858 239 923 269 set,
938 232 1182 272 decerneretur,
1202 237 1249 274 (in
1260 248 1324 277 qua
1336 241 1444 279 potuit
1460 251 1574 274 eorum

859 286 989 314 quoque
1005 276 1167 316 cupiditas
1177 286 1233 309 aut
1246 291 1318 319 spes
1329 283 1528 314 intercedere
1543 292 1578 318 et

860 322 1032 359 apparere)
1051 330 1111 358 ego
1134 321 1300 361 impedivi.
1323 336 1386 363 quo
1411 328 1520 357 minus
1536 327 1575 358 de

860 372 900 392 ea
910 372 942 392 rc
953 366 1030 392 ante
1038 364 1214 403 quicquum
1224 365 1466 407 decerneretur,
1477 380 1575 409 quam

861 415 917 435 vos
934 406 1109 436 rodim-tis.

904 449 1102 488 Liguri-ilio,
1120 460 1193 490 pars
1218 454 1442 490 aegrotationis
1458 457 1572 488 animi.

859 490 959 522 Tuse.
978 493 1019 522 iv.
1034 496 1044 523 l
1057 497 1083 523 1.

906 536 1052 574 Limare,
1076 537 1206 576 proprie
1234 543 1285 568 est
1310 537 1388 569 lima
1415 542 1580 580 superflua

861 579 1028 616 abradere,
1055 588 1092 610 ut
1121 580 1254 620 politior
1278 592 1327 611 res
1353 583 1406 612 sit.
1431 583 1506 614 bine
1528 593 1580 616 est

862 632 920 661 pro
936 623 1119 653 detrahere.
1136 623 1177 654 ad
1203 624 1279 655 D'w.
1296 625 1340 655 iii.
1356 630 1385 656 ὃ.
1409 626 1448 656 de
1465 627 1581 658 libera-

861 665 956 697 litate
977 673 1036 696 tua
1057 668 1181 697 limavit
1198 668 1321 706 aliquid
1347 671 1509 707 posterior
1523 681 1582 702 an-

862 718 934 739 nuS.
962 711 1017 740 Or.
1040 711 1085 740 iii.
1102 716 1133 744 9.
1162 716 1296 741 tantum
1319 711 1414 742 alteri
1440 714 1582 753 affinxit,

861 752 900 782 de
916 751 1020 783 altero
1043 755 1177 784 firmavit.
1201 755 1218 771 ⁴*
1234 755 1273 784 de
1289 759 1431 794 oratore,
1446 758 1501 796 qui
1532 764 1581 788 te·

863 805 927 825 nue
940 800 973 826 ct
989 797 1074 827 exile
1091 797 1220 827 dicendi
1238 808 1342 836 genus
1358 805 1581 832 consectatur.

861 840 940 879 Opt.
967 850 999 879 g.
1015 840 1046 869 d.
1062 842 1093 870 4.
1117 850 1150 870 se
1166 841 1208 870 ad
1225 842 1352 872 minuta
1367 852 1490 882 genera
1503 854 1581 876 eau-

861 892 972 913 sarum
999 885 1136 913 limavit.
1163 889 1197 914 ot
1220 884 1260 914 de
1293 885 1499 926 philosopho,
1523 889 1582 928 qui

862 936 930 956 rem
943 927 1121 964 subtiliter,
1134 932 1260 957 remoto
1271 929 1360 958 ouini
1373 934 1491 960 ornatu
1507 941 1580 962 ora-

862 970 959 1007 torio,
974 970 1133 1000 edisserit.
1156 971 1218 1001 Off.
1237 971 1269 1001 ii.
1293 974 1340 1001 10.
1367 972 1430 1002 alia
1444 977 1495 1003 est
1510 973 1580 1012 illa,

861 1023 938 1043 eum
954 1015 1074 1044 veritas
1090 1014 1160 1055 ipsa
1181 1016 1316 1045 limatur
1335 1016 1368 1045 in
1386 1016 1581 1056 disputatio-

862 1065 916 1093 ne,
932 1057 1097 1087 subtilius.
1132 1057 1150 1076 ⁸*
1162 1067 1292 1095 acuere,
1309 1058 1486 1097 elaborare,
1507 1071 1581 1101 per-

862 1100 970 1130 ficere.
1001 1101 1057 1131 Or.
1080 1101 1102 1130 i.
1126 1102 1177 1132 25.
1202 1111 1307 1140 neque
1331 1101 1399 1132 haec
1422 1103 1470 1134 ita
1492 1104 1579 1143 dieo,

861 1148 900 1172 ut
915 1153 966 1173 ars
981 1143 1105 1183 aliquid
1120 1145 1236 1174 limare
1255 1154 1322 1174 non
1347 1147 1459 1186 possit.
1481 1146 1578 1180 Brut.

861 1186 914 1220 67.
937 1196 1078 1217 acumen
1097 1191 1167 1217 arte
1184 1189 1308 1218 limare.

906 1230 1069 1268 Limatus,
1092 1231 1235 1268 subtilis,
1262 1233 1374 1262 temnis.
1397 1232 1453 1263 Or.
1477 1233 1499 1264 i.
1527 1238 1580 1270 39.

861 1274 993 1304 limatus
1004 1275 1151 1304 oratione
1167 1280 1266 1313 atque
1282 1275 1422 1306 subtilis.
1445 1276 1515 1308 Fin.
1531 1278 1580 1309 iii.

866 1318 914 1346 19..
932 1318 1048 1348 limata
1059 1318 1217 1348 tenuitas.
1242 1318 1261 1336 ¹²
1277 1318 1413 1358 politus,
1430 1319 1578 1361 elegans,

861 1366 1047 1391 accuratus.
1069 1361 1164 1391 Brut.
1176 1363 1229 1392 24.
1244 1363 1298 1400 qui
1311 1372 1415 1401 genus
1432 1364 1579 1396 limatius

861 1403 991 1434 dicendi
1017 1409 1264 1435 consectantur.
1290 1405 1331 1435 ad
1353 1406 1428 1437 Div.
1443 1408 1497 1438 vii.
1526 1411 1580 1440 33.

861 1448 1051 1478 limatulum
1075 1447 1252 1487 judicium.
1285 1448 1363 1480 Nat.
1395 1450 1438 1480 D.
1465 1451 1499 1481 ii.
1527 1453 1580 1486 29.

862 1491 1049 1523 urbanitate
1074 1496 1262 1522 nostrorum
1288 1491 1459 1525 bominum
1484 1495 1580 1525 lima-

861 1538 923 1564 tus.

906 1578 1024 1615 Linea,
1037 1577 1075 1608 de
1087 1577 1334 1618 perpendiculo.
1359 1579 1428 1610 Fin.
1447 1580 1467 1611 i.
1485 1581 1515 1612 6.
1528 1591 1582 1612 εο-

863 1620 930 1651 lida
953 1631 1090 1661 corpora
1111 1621 1188 1652 ferri
1204 1631 1264 1652 suo
1279 1622 1432 1654 deorsum
1457 1625 1581 1665 ponde-

862 1674 897 1695 re
913 1664 955 1694 ad
972 1666 1102 1695 lineam.

907 1708 1170 1746 Lineamentum‚
1186 1708 1365 1740 delineatio
1388 1711 1508 1750 operis,
1524 1711 1581 1742 ad-

862 1751 1040 1782 umbratio.
1083 1751 1179 1782 Brut.
1207 1754 1259 1786 87.
1300 1752 1466 1793 intelliges
1496 1755 1580 1787 nihil

864 1795 999 1825 Catonis
1026 1796 1241 1833 lineamentis,
1271 1796 1333 1826 nisi
1361 1806 1475 1828 eorum
1508 1799 1581 1839 pig-

862 1845 1067 1876 mentorum,
1101 1848 1176 1878 quae
1212 1839 1348 1870 inventa
1377 1839 1524 1871 nondum
1546 1851 1581 1872 e-

862 1886 951 1919 rant,
974 1882 1088 1912 florem
1111 1885 1146 1911 et
1167 1881 1310 1912 colorem
1333 1882 1484 1914 defuisse.
1523 1884 1583 1916 Lt-

861 1930 1034 1956 neamenca
1051 1925 1186 1956 Catonis
1207 1931 1287 1956 sunt
1311 1927 1380 1964 ejus
1409 1926 1496 1965 libri,
1525 1928 1582 1967 qui

864 1979 913 1999 res
939 1969 1057 2007 nudas,
1073 1969 1144 1999 sine
1170 1974 1291 1999 ornatu
1318 1969 1506 2008 tradebant,
1521 1971 1580 2002 sed

862 2017 952 2042 recte
967 2016 1081 2043 tamen
1105 2011 1348 2051 subtiliterque,
1365 2012 1510 2052 adeoque
1537 2015 1581 2045 si-

863 2055 957 2086 miles
983 2055 1033 2085 vel
1060 2056 1196 2095 pieturae
1221 2057 1352 2093 lineari,
1373 2056 1478 2095 qualis
1499 2056 1580 2089 olim

862 2100 940 2137 fuit,
957 2098 1008 2129 vel
1030 2099 1244 2129 delineationi
1266 2099 1412 2139 pictoris,
1437 2110 1476 2130 ex
1502 2110 1580 2140 qua,

863 2143 968 2182 qualis
981 2142 1130 2182 picturas
1131 2149 1230 2172 utura
1238 2142 1294 2179 sit,
1304 2142 1445 2182 intelligi
1457 2149 1581 2183 potest,

863 2192 897 2216 et
913 2196 985 2225 quae
995 2192 1046 2217 est
1060 2185 1314 2216 fundamentum
1327 2185 1420 2216 bonae
1429 2187 1580 2227 pictura-.-

863 2230 882 2248 *
898 2229 1012 2260 Paullo
1028 2228 1123 2260 aliter
1138 2233 1188 2259 est
1211 2228 1272 2258 boc
1293 2229 1428 2259 verbum
1453 2230 1511 2261 Or.
1527 2231 1581 2262 56.

863 2273 956 2312 quasi
972 2272 1137 2312 quandam
1163 2271 1349 2312 palaestram
1374 2278 1409 2302 et
1431 2277 1582 2305 extrema

865 2317 1060 2347 lineamenta
1082 2315 1223 2346 orationi
1247 2315 1372 2346 attulit.
1419 2315 1457 2346 Id
1483 2316 1581 2356 quale

863 2361 920 2398 sit,
937 2359 1068 2390 docebit
1090 2358 1181 2389 locus
1207 2358 1259 2388 hic
1285 2358 1383 2389 Plinii
1409 2369 1503 2391 xxxv.
1532 2363 1583 2392 10.

864 2413 964 2442 quem
996 2403 1145 2433 tironum
1187 2411 1286 2432 causa
1324 2402 1582 2443 adscripsimus:

864 2446 1055 2477 Parrhasius
1072 2446 1196 2486 primus
1212 2445 1447 2485 Symmetriam
1473 2447 1584 2487 pictu-

864 2499 909 2520 rae
924 2489 1026 2527 dedit,
1053 2489 1179 2529 primus
1202 2489 1348 2528 argutias
1371 2489 1495 2528 vultus,
1518 2490 1585 2521 ele-

864 2533 1011 2573 gantiam
1028 2532 1152 2572 eapissi,
1173 2535 1381 2563 venustatem
1405 2533 1484 2571 oris,
1506 2543 1585 2564 eon·

863 2577 1005 2606 sessione
1041 2576 1209 2606 artificum
1235 2576 1269 2605 in
1309 2577 1399 2607 lineis
1426 2577 1583 2608 extremis

865 2619 1009 2660 palmam
1036 2618 1187 2660 adeptus.
1232 2618 1313 2649 Haee
1329 2624 1380 2650 est
1395 2620 1430 2650 in
1455 2620 1584 2660 pictura

863 2672 995 2693 summa
1010 2661 1186 2693 subtilitas.
1231 2662 1377 2702 Corpora
1397 2663 1487 2693 enim
1511 2664 1586 2704 pin·

864 2716 955 2746 gere,
971 2711 1006 2736 et
1021 2705 1129 2736 media
1145 2715 1269 2743 rerum,
1292 2709 1343 2736 est
1358 2705 1490 2745 quidem
1514 2716 1585 2738 ma-

865 2750 922 2789 gni
947 2749 1067 2789 operis,
1083 2748 1140 2779 sed
1163 2749 1197 2779 in
1223 2758 1288 2788 quo
1318 2749 1415 2779 multi
1446 2749 1584 2788 gloriam
1616 2751 1619 2753 ’

863 2792 1024 2823 tulerint:
1048 2799 1198 2823 extrema
1213 2801 1388 2833 corporum
1406 2792 1527 2831 facere,
1552 2796 1588 2824 et

865 2835 1046 2867 desinentis
1073 2836 1213 2876 picturae
1239 2835 1375 2866 modum
1405 2835 1586 2875 includere,

865 2889 978 2914 rarum
995 2879 1030 2912 in
1049 2888 1205 2912 successu
1219 2879 1300 2911 artis
1327 2879 1507 2918 invenitur,
1524 2879 1585 2912 διο.
