1804 3178
599 99 743 128 mmzx
774 99 906 128 LA'HN
914 99 1067 128 rrATls.

125 185 263 225 Merces,
291 187 417 219 reditus
440 198 480 218 ex
515 187 692 218 locatione.
716 188 808 219 Verr.

82 229 130 261 iii.
155 233 206 261 50.
233 242 349 261 merces
377 242 416 261 ex
448 231 562 261 fundo.
602 231 671 261 Att.
689 242 739 262 xv.
761 235 809 265 17.

81 283 204 304 moes
232 274 424 304 insularum.
448 275 466 292 ⁰
483 274 743 304 incommodum.
767 275 809 305 ud

83 316 160 348 Div.
178 318 198 347 i.
215 321 245 351 9.
271 327 337 347 non
354 318 401 347 ita
428 327 550 354 magna
567 319 719 348 mercede.

127 359 353 391 Mercuriales.
379 360 419 390 ad
442 361 481 399 Ω.
503 360 551 390 Fr.
581 361 613 390 ii.
638 365 666 392 5.
700 361 807 391 Colle-

83 403 178 442 gium
195 407 423 440 mere-almum,
439 404 478 433 de
505 414 570 442 quo
596 403 665 434 Liv.
694 406 727 435 ii.
754 407 806 436 (21.

127 489 268 526 Mer-ere,
291 489 457 529 stipendia
488 490 606 520 facere.
632 490 722 521 Ball».
754 493 806 522 90.

82 533 111 563 si
140 538 191 563 tot
213 532 403 563 consulibus
428 536 605 564 meruisset.
641 537 657 552 ⁸
674 534 806 573 elegans

83 581 135 606 est
161 576 231 606 hec
256 576 360 605 ratio:
387 576 477 606 Verr.
502 578 542 607 iv.
573 579 624 607 (ῐο.
650 578 727 617 quid
757 588 807 608 ar—

86 619 218 649 bin-aris
241 618 409 658 Rheginos
427 630 549 650 merere
574 620 669 658 velle,
685 626 721 651 ut
747 624 807 652 «Kc.

84 661 118 692 h.
133 672 162 692 e.
179 671 244 700 qua
268 663 412 692 mercede·
429 663 540 694 induci
568 674 673 703 posse,
692 672 727 694 ut
747 666 806 694 ὰς.

67 705 127 736 ef.
145 705 216 735 Fin.
229 705 262 735 ii.
278 707 330 735 ²:¹2.
348 706 431 736 Phil.
455 707 475 736 i.
498 710 545 737 14.
572 714 666 737 notat
693 714 804 737 nutem

84 749 120 779 in
137 747 199 778 hac
223 748 329 778 forma
355 751 498 789 proprie,
526 751 707 789 acquirere,
722 756 808 781 mni-

82 801 185 832 quam
203 792 390 822 mercedem
407 803 444 822 ac
469 795 655 833 pra-mium.
681 804 710 823 v.
727 804 809 834 prae-

81 840 135 865 ter
162 835 327 876 Interppr.
351 835 391 864 ad
417 835 509 866 Verr.
530 837 550 866 l.
576 847 603 867 c.
628 838 713 876 inpr.
731 837 812 867 Gro-

85 888 161 909 nov.
185 879 265 909 Obs.
290 879 331 909 ad
350 879 470 919 Script.
496 879 585 910 Ecel.
602 890 630 910 c.
648 884 679 914 7.
693 890 724 920 p.
755 882 807 914 76.

85 928 121 952 et
147 932 229 962 quos
262 922 376 952 laudat
405 921 588 954 Burmann.
615 925 657 954 ad
692 923 807 964 virgil.

85 966 163 996 AEn.
181 966 221 996 iv.
237 968 312 1000 349.

130 1009 331 1046 Meridiutiffi
392 1018 529 1039 somnus
597 1011 809 1041 meridianus.

85 1052 161 1084 Div.
178 1053 212 1082 ii.
238 1051 291 1083 68.
331 1051 577 1083 lucubrationes
609 1054 749 1091 detraxi,
777 1060 811 1084 ct

83 1088 321 1126 men-imminues
344 1095 467 1134 addidi,
493 1097 610 1135 quibus
635 1098 685 1127 uti
711 1104 812 1128 antea

85 1147 153 1169 uon
170 1138 329 1169 solebam.

129 1181 303 1213 Mei-itare.
326 1182 455 1212 Verrin.
469 1183 514 1213 iii.
528 1186 579 1214 50.
602 1183 738 1220 fundus,
755 1185 811 1223 qui

87 1234 140 1257 Hs.
157 1226 244 1256 dena
269 1227 447 1256 mer-immet
461 1236 471 1255 .-
497 1226 529 1256 h.
549 1236 578 1256 e.
604 1237 644 1256 ex
656 1237 721 1266 quo
737 1233 812 1257 tan-

85 1274 160 1300 tum
177 1269 325 1300 redisset.
341 1269 397 1299 sed
410 1269 557 1299 Graevius
574 1269 671 1300 aliter
686 1270 778 1309 legit.

130 1312 328 1344 Memor-ius.
354 1312 436 1343 Phil.
453 1313 486 1342 ii.
513 1316 566 1343 41.
601 1314 694 1354 pueri
721 1315 811 1353 inge-

87 1357 146 1387 nui
164 1366 239 1386 cum
257 1357 428 1386 meritoriis
443 1357 669 1388 versabantur.
686 1359 813 1388 merito-

87 1401 131 1430 rii
146 1404 226 1430 sunt
241 1405 351 1430 scorta
367 1399 561 1430 masculina.

128 1442 290 1474 Meritum
317 1443 352 1472 in
377 1448 506 1482 partem
533 1443 742 1473 deteriorem.
775 1444 815 1474 ad

88 1485 165 1517 Div.
181 1496 211 1517 v.
226 1490 258 1521 9.
298 1495 365 1516 non
390 1495 463 1516 meo
479 1488 603 1524 merito,
621 1487 641 1516 i.
659 1496 689 1516 e.
715 1487 814 1527 culpa

85 1538 173 1560 mea.

128 1571 275 1604 Merula.
318 1572 387 1603 Fin.
419 1582 448 1603 v.
482 1575 532 1603 15.
570 1573 637 1603 avis
669 1574 813 1612 cantrix,

89 1616 308 1656 quam'nostri
325 1620 444 1646 vocant
455 1616 528 1646 eine
541 1616 665 1646 Amsel.

130 1659 253 1690 Messis.
278 1659 393 1690 Parad.
410 1660 453 1690 vi.
474 1661 505 1690 2.
529 1659 585 1698 qui
609 1659 714 1690 caedes
743 1670 815 1690 mu-

85 1703 366 1743 nicipiorum,qui
392 1702 483 1733 illam
506 1702 632 1733 Sullani
658 1704 818 1744 temporis

88 1756 222 1776 messem
238 1746 440 1776 recordetur.

132 1789 240 1827 Meta,
255 1794 306 1820 est
323 1799 439 1827 conus,
456 1798 664 1828 quaecunque
682 1799 732 1819 res
748 1789 817 1819 lata

91 1832 162 1863 baei
179 1837 342 1872 acutoque
369 1832 514 1872 fastigio.
541 1832 616 1863 Div.
634 1834 668 1863 ii.
687 1833 718 1864 6.
743 1843 817 1863 um-

89 1876 150 1906 bra
165 1880 275 1914 terrae,
292 1886 366 1915 quae
383 1882 434 1906 est
451 1881 535 1907 meta
552 1877 670 1906 noctis.
687 1876 765 1906 hinc
782 1877 815 1906 in

95 1919 192 1950 Circo
208 1926 301 1950 metoe
325 1924 405 1949 sunt
433 1918 620 1950 columellae
640 1920 756 1960 pusitoe
781 1921 815 1949 in

93 1962 180 1992 flexu
194 1962 284 1994 Circi
296 1962 337 1993 ad
353 1963 498 2003 spinam,
513 1972 594 2002 quas
605 1963 752 1992 studiose
770 1964 816 1992 vi-

89 2006 208 2037 tabant
230 2006 369 2045 aurigae,
395 2012 434 2036 ut
456 2017 495 2036 ex
528 2006 667 2036 Horatio
696 2011 814 2036 notum

88 2054 151 2080 est.
168 2049 247 2080 binc
259 2049 342 2080 illud
359 2049 499 2079 ductum
515 2056 566 2079 est
581 2049 662 2080 Coel.
680 2052 732 2080 31.
749 2049 815 2080 hae-

93 2092 138 2124 sit
155 2092 196 2122 ad
213 2098 314 2123 metas
331 2092 420 2122 fama
436 2091 667 2123 adolescentis.

133 2135 291 2167 Metam.
308 2135 392 2166 Phil.
405 2136 449 2166 xi.
467 2139 497 2166 5.
521 2140 705 2166 castrorum
719 2139 817 2166 antea

91 2184 244 2218 metator,
281 2189 386 2217 nunc,
415 2183 454 2210 ut
487 2183 611 2219 sperat,
646 2179 748 2210 urbis.
775 2179 817 2209 cf.

92 2223 157 2256 xiv.
171 2225 203 2254 4.

134 2265 275 2303 Mieare,
292 2265 415 2296 dicitur
426 2265 466 2295 de
483 2270 577 2295 motu
593 2265 692 2296 celeri
703 2269 737 2296 et
750 2269 817 2296 tre-

94 2309 188 2341 mulo
210 2319 383 2339 venarum.
409 2309 489 2339 Nat.
517 2309 560 2339 D.
587 2309 620 2339 ii.
643 2313 674 2344 9.
699 2311 819 2340 micare

90 2361 159 2384 non
175 2352 334 2383 desinunt
361 2353 491 2382 arteriae
508 2357 543 2382 et
558 2362 662 2382 venae.
695 2352 773 2383 Div.
796 2352 818 2382 i.

90 2399 145 2430 47.
168 2397 286 2436 anguis
303 2397 508 2426 semianimis
520 2399 554 2425 et
569 2397 660 2426 varia
675 2396 819 2434 graviter

92 2440 220 2470 cervice
242 2441 376 2470 micans.
414 2439 508 2479 *par
539 2440 647 2478 impar
692 2439 817 2469 ludere.

92 2482 188 2513 offic.
204 2483 253 2513 iii.
277 2485 325 2517 19.
338 2483 459 2522 dignus
471 2482 605 2521 quicum
624 2483 658 2512 in
674 2483 820 2512 tenebris

91 2527 199 2556 micet.
216 2526 259 2557 cf.
281 2527 358 2557 Div.
385 2526 420 2556 ii.
438 2528 490 2556 41.
515 2536 544 2556 v.
571 2525 714 2556 Gronov.
739 2526 820 2556 Obs.

92 2569 140 2600 iii.
166 2572 217 2601 13.
250 2579 282 2610 p.
312 2569 386 2600 546.
411 2579 458 2608 sq.
483 2569 597 2600 *Inde
620 2575 671 2599 est
699 2569 820 2599 sortiri.

93 2612 159 2644 Off.
185 2613 230 2643 iii.
254 2615 307 2644 ⁶23.
341 2613 435 2652 quasi
462 2618 549 2642 sorte
581 2617 640 2643 aut
673 2613 821 2643 micando

92 2656 212 2687 victus.

136 2697 305 2737 Migrare.
342 2699 435 2731 Verr.
467 2699 502 2729 ii.
528 2700 581 2731 36.
622 2699 733 2730 minus
771 2702 823 2728 est

93 2750 196 2779 quam
211 2743 387 2782 emigrare.
411 2752 456 2773 sc.
474 2743 611 2774 initium
628 2743 736 2774 facere
754 2752 823 2772 mo-

95 2783 211 2814 vendae
227 2785 456 2826 supellectilis.

136 2826 249 2864 Aliter,
267 2839 325 2868 pro
341 2829 466 2870 pedite,
491 2835 544 2861 est
568 2830 609 2860 ad
633 2829 708 2861 Div.
725 2839 756 2859 x.
772 2830 824 2859 3‘2.

98 2869 155 2901 ubi
173 2879 204 2902 ν.
229 2870 337 2904 Graev.
353 2877 388 2905 et
403 2873 447 2905 ad
461 2872 587 2906 Juatin.
604 2874 673 2906 xiii.
689 2875 721 2906 3.
746 2872 828 2903 Gro-

1495 93 1578 132 353

855 196 928 217 nov.
944 188 985 217 ad
1002 188 1072 219 Liv.
1089 190 1172 219 uvi.
1191 193 1238 225 19.
1262 192 1371 222 xxviii.
1388 195 1413 222 Ι.

897 230 990 261 Mine
1013 241 1089 262 cum
1113 233 1281 274 singulari.
1308 235 1380 265 Mil.
1408 237 1458 265 ‘20-
1484 233 1571 263 mille

855 272 1027 304 hominum
1056 273 1234 306 valentium
1259 279 1447 308 xri-sabatur
1470 278 1527 306 ἃς.
1544 285 1572 306 ν.

855 316 1004 347 Perizon.
1021 317 1061 346 nd
1078 320 1199 348 sanctii
1218 320 1355 350 Minerv.
1375 331 1406 361 p.
1423 321 1498 352 611.

897 359 1012 390 Mimo.
1039 360 1121 390 Phil.
1151 362 1183 391 ii.
1208 366 1258 393 ¹2⁴.
1295 365 1361 393 xiii.
1394 366 1440 394 1l.
1477 361 1569 391 Verr-

853 403 899 434 iii.
918 405 968 434 236.
994 413 1022 432 v.
1041 407 1167 435 mimus.

894 446 1048 477 Minium.
1075 447 1156 477 Phil.
1174 448 1206 477 ii.
1224 449 1275 478 ⁶25.

895 490 1028 521 illimus.
1045 490 1211 520 histrionis
1229 501 1345 530 genus,
1361 492 1447 530 quod
1463 490 1566 521 actio-

854 543 910 563 nes
928 534 1017 563 dicta
1045 544 1216 572 moresque
1243 534 1428 571 hominum,
1456 534 1571 564 sivein

852 586 963 614 scena,
980 578 1046 606 sive
1063 579 1163 607 etiam
1182 584 1274 607 extra
1290 588 1361 607 eum
1389 578 1514 614 knive,
1531 577 1573 606 ri-

853 630 907 649 sus
939 631 966 649 οι
981 621 1167 650 ιῐιιιιυνιίιὼ
1206 631 1316 657 causa,
1343 622 1505 651 imitatur.
1542 629 1571 648 v.

854 663 1047 702 Etliologus.
1083 664 1173 694 verr.
1192 664 1237 694 iii.
1254 666 1305 695 36.
1330 665 1347 682 ‘¹
1366 668 1483 704 pot-ina
1504 671 1574 692 sce-

855 707 980 743 nicum,
994 708 1089 746 idque
1106 707 1154 736 vel
1173 708 1294 737 serium
1314 707 1365 737 vel
1383 705 1572 737 ridiculum.

854 749 962 780 Rabir.
991 751 1077 780 Post.
1096 753 1142 780 12.
1168 753 1339 780 mimorum
1363 753 1571 789 argumenta.

855 792 934 822 Coel.
952 795 1003 827 2⁸5.
1028 795 1118 824 mani
1133 794 1254 831 exitus,
1271 803 1336 823 non
1355 793 1472 824 fabulae
1488 804 1498 830 3
1516 793 1572 831 qui

854 834 944 865 locus
974 837 1123 876 inprimis
1148 837 1317 867 videndus.
1352 836 1435 867 Phil.
1461 837 1494 866 ii.
1520 837 1573 869 27.

853 889 992 918 persona
1008 880 1047 910 de
1064 881 1169 910 mimo.
1492 912 1503 920 ,

897 921 1004 960 Minu,
1021 924 1171 953 continet
1199 928 1334 953 centum
1358 922 1530 953 drachmas
1547 931 1572 951 s.

854 965 1017 996 denarios.
1040 967 1141 996 Acad.
1159 967 1200 996 iv.
1218 970 1268 997 30.
1287 970 1344 996 ὄιν.

897 1008 1066 1040 ΛΙίηἱιιηιιε
1079 1009 1223 1050 διψίῖεπ.
1243 1010 1282 1039 ad
1301 1011 1375 1040 Div.
1395 1010 1437 1039 ix.
1457 1009 1506 1038 16.
1524 1007 1572 1037 di-

854 1056 926 1081 ctus
941 1064 959 1082 a
977 1055 1085 1089 minio,
1103 1063 1167 1092 quo
1184 1059 1296 1083 statua
1311 1053 1404 1082 Jovis
1426 1053 1458 1082 in
1478 1051 1575 1090 Capi-

855 1095 934 1125 tolio
950 1096 1138 1126 inducenda
1152 1096 1331 1126 Iocabatur.
1364 1095 1448 1126 Plin.
1462 1094 1572 1124 xxxiii.

854 1142 885 1172 7.
909 1139 948 1168 de
977 1140 1041 1169 ritu
1056 1144 1182 1169 statuas
1200 1140 1346 1169 Deorum
1371 1137 1527 1179 pingendi
1544 1146 1575 1167 ν.

861 1181 1048 1212 Broukhus.
1066 1183 1106 1213 ad
1129 1182 1203 1213 Tib.
1217 1183 1249 1212 ii.
1268 1186 1318 1213 55.

900 1225 1108 1256 inimicamur.
1133 1226 1204 1256 Att.
1227 1226 1290 1255 xvi.
1327 1228 1373 1255 11.
1398 1225 1577 1255 miniatulae

856 1268 987 1299 cerulae.
1013 1280 1041 1299 v,
1059 1269 1189 1300 Cerula.
1218 1268 1294 1299 ibid.
1310 1279 1362 1298 xv.
1382 1271 1429 1298 15.
1453 1272 1503 1297 est
1519 1268 1579 1297 mi-

857 1313 949 1342 ndam
962 1313 1085 1343 cerula.
1103 1312 1145 1342 cf.
1171 1312 1311 1342 Casaub.
1329 1311 1370 1341 ad
1387 1311 1533 1342 Persium
1547 1320 1580 1350 p.

860 1365 904 1385 m.
921 1359 995 1387 418.

902 1398 1060 1430 Minister.
1083 1400 1176 1429 Orat.
1195 1399 1216 1429 i.
1233 1401 1286 1429 45.
1304 1402 1355 1432 59.
1370 1398 1531 1428 ministros
1545 1406 1580 1426 se

859 1443 1008 1481 praebent
1036 1443 1219 1472 oratoribus
1247 1443 1280 1472 iu
1299 1441 1448 1480 judiciis,
1478 1441 1499 1470 ii
1525 1441 1580 1479 qui

861 1487 1065 1527 τραγματωιοὶ
1083 1491 1252 1515 vocantur.
1299 1485 1310 1514 1
1317 1485 1390 1514 dem
1406 1484 1530 1514 dicitur

901 1530 1120 1559 summrator.
1150 1528 1206 1558 Or.
1231 1529 1264 1559 ii.
1288 1532 1303 1563 7
1311 1532 1341 1559 5.
1376 1527 1449 1558 add.
1474 1526 1581 1556 Flacc.

902 1616 1066 1652 lfflmaere,
1083 1613 1242 1645 refellere.
1258 1613 1321 1644 off.
1333 1615 1354 1644 i.
1367 1615 1419 1645 29..
1436 1614 1583 1644 minuen-

861 1659 904 1689 da
920 1664 971 1689 est
988 1659 1057 1688 haec
1073 1659 1196 1698 opinio.

903 1701 1027 1732 Minus.
1052 1711 1128 1731 cum
1145 1711 1214 1731 acc.
1237 1700 1330 1730 Verr.
1355 1700 1376 1729 i.
1406 1703 1459 1734 47.
1477 1700 1583 1729 minus

861 1745 1048 1776 dimidium.
1060 1746 1120 1774 int.
1134 1754 1244 1783 quam.
1262 1742 1375 1774 *1¹2id.
1393 1746 1442 1777 57.
1461 1749 1497 1773 ut
1516 1751 1582 1772 uno

864 1791 972 1819 minus
1006 1792 1092 1818 teste
1121 1787 1257 1817 haberet
1283 1786 1444 1817 Rabonio.
1472 1786 1527 1816 ubi
1554 1794 1585 1815 ν.

862 1833 962 1863 Grou.
987 1831 1061 1862 add.
1097 1830 1213 1861 Burm.
1246 1829 1287 1860 ad
1317 1829 1412 1860 Ovid.
1435 1829 1474 1860 A.
1499 1829 1538 1858 A.
1561 1828 1583 1858 i.

905 1918 1101 1949 Minutaee‘m
1121 1918 1338 1956 interrogare.
1361 1914 1462 1945 Acad.
1478 1916 1530 1948 29.
1554 1913 1588 1944 id

861 1963 901 1992 fit
917 1963 950 1991 iu
966 1962 1076 1992 sorite.

903 2005 1066 2042 Minutas,
1076 2003 1115 2034 de
1130 2002 1294 2034 scribendi
1308 2010 1426 2042 genere
1443 2009 1519 2030 cum
1537 1999 1586 2029 di-

862 2050 964 2086 citur,
991 2055 1042 2078 est
1078 2054 1181 2078 tenue
1215 2056 1252 2076 ac
1292 2054 1384 2085 paene
1416 2043 1584 2083 jejunum.

863 2093 958 2124 Brut.
976 2095 1028 2122 83.
1041 2090 1120 2130 quid
1135 2095 1205 2120 tam
1222 2089 1380 2124 fractum,
1392 2090 1462 2117 tam
1479 2087 1586 2116 minu-

862 2141 945 2166 tum.
964 2134 1043 2165 ibid.
1057 2137 1110 2165 84.
1133 2135 1261 2164 minuta
1277 2131 1454 2162 subtilitas.
1478 2129 1536 2160 Or.
1548 2129 1583 2158 ii.

863 2183 914 2210 38.
930 2181 1093 2209 minutum
1103 2186 1207 2216 genus
1220 2175 1390 2206 sermonis.
1406 2174 1534 2203 minuta
1551 2172 1586 2201 in

864 2223 1014 2253 oratione
1033 2220 1192 2251 dicuutur
1207 2219 1358 2249 membra
1380 2217 1496 2252 incisa,
1512 2224 1587 2254 quae

861 2265 1004 2306 periodis
1029 2268 1255 2304 opponuntur.
1280 2262 1336 2292 Or.
1351 2263 1403 2291 23.
1425 2259 1481 2290 illa
1496 2258 1586 2288 enim

864 2310 934 2350 ipsa
950 2312 1121 2341 contracta
1137 2310 1171 2336 et
1186 2307 1324 2336 minuta.
1342 2304 1397 2334 ubi
1414 2304 1587 2333 contracta

860 2356 1078 2393 opponuntur
1093 2350 1274 2385 hiantibus,
1291 2349 1418 2378 minuta
1433 2344 1587 2386 periodis-

864 2397 897 2426 in
914 2394 1105 2426 Dialecticis
1129 2398 1222 2429 sunt,
1235 2391 1334 2422 Tusc.
1355 2391 1389 2420 ii.
1409 2392 1457 2420 13.
1480 2389 1589 2419 minu-

864 2443 905 2469 toe
921 2435 1216 2473 conclusiuncnloe‚
1229 2444 1308 2475 quas
1321 2434 1385 2464 alio
1396 2433 1495 2463 verbo
1511 2440 1590 2461 con—

864 2482 1018 2518 tortulas,
1051 2479 1267 2514 consectaria,
1293 2480 1401 2507 vocat.
1445 2474 1463 2494 ¹*
1479 2473 1590 2505 Philu—

864 2525 958 2565 sophi
977 2525 1104 2554 minuti.
1139 2522 1221 2553 Cato
1235 2524 1287 2553 23.
1310 2520 1381 2551 Fin.
1398 2520 1419 2550 i.
1439 2521 1488 2549 18.
1511 2520 1591 2548 sunt

866 2569 985 2608 abjecti
1015 2572 1048 2597 et
1079 2564 1327 2597 contemnendi.
1363 2563 1382 2581 ⁰
1398 2561 1515 2594 Partit.
1540 2563 1591 2595 1‘1.

865 2613 993 2642 minuta
1010 2615 1060 2640 est
1075 2609 1182 2640 omnis
1199 2606 1382 2647 diligentia.

911 2654 1085 2685 Mdv-millo.
1110 2652 1194 2682 Phil.
1211 2652 1256 2682 iii.
1278 2652 1327 2682 12.
1351 2649 1394 2680 vi.
1411 2651 1442 2680 4.
1466 2646 1592 2687 gladia-

866 2704 934 2735 tor,
952 2698 1007 2736 qui
1026 2706 1101 2727 cum
1121 2695 1253 2726 retiario
1264 2699 1300 2724 et
1313 2693 1442 2724 Threce
1458 2699 1591 2730 compo-

868 2742 973 2772 nitur.
997 2739 1088 2780 Lips.
1114 2739 1247 2769 Saturn.
1264 2737 1298 2767 ii.
1315 2739 1346 2768 8.
1367 2739 1417 2766 10.
1440 2734 1594 2764 dit-itura

867 2784 1006 2827 μόρμυρος
1023 2788 1057 2814 et
1069 2780 1227 2825 pogpwga‘uv
1238 2780 1348 2822 piscis,
1364 2778 1450 2819 quod
1466 2777 1595 2816 insigne

871 2829 906 2859 in
934 2828 1030 2867 galea
1054 2826 1228 2867 gerebant,
1245 2829 1283 2855 ut
1305 2828 1381 2864 post
1399 2820 1597 2867 Salmasium

870 2870 915 2903 nd
943 2870 1048 2903 Solin.
1078 2879 1110 2911 p.
1139 2871 1215 2902 213.
1238 2866 1359 2900 statuit
1389 2864 1531 2897 Gronov.
1557 2870 1592 2893 ιι

911 2922 961 2946 Aa
