1800 3131
177 64 253 115 ,60

194 160 380 191 statuarius
392 165 451 199 est,
464 162 521 202 qui
535 165 736 196 memoratur
747 174 800 206 ap.
819 165 918 197 leeo·

194 202 317 232 critam
327 203 522 243 epigramm.
537 209 567 239 7.
600 225 603 227 ·

239 244 282 275 L.
296 245 472 285 Asi-anius,
480 250 589 287 poeta,
601 248 696 280 Brut.
706 252 758 281 45.
770 250 920 281 imitatur

195 286 235 318 C.
243 287 386 319 Titium.
400 288 470 319 Fin.
486 291 507 320 i.
519 293 550 321 3.
560 291 781 322 Menandrum
794 291 920 323 solebat

195 334 384 361 convertere
400 332 459 362 ἃς.

238 371 280 402 L.
295 372 469 411 Afianius,
485 374 557 405 Att.
580 375 602 406 i.
626 378 673 406 18.
703 378 747 410 19.
769 378 819 408 ΩΟ.
845 376 919 406 Auli

195 413 284 445 filius
308 414 438 446 dicitur.
461 416 502 446 ad
527 417 603 447 Div.
625 418 688 448 xvi.
720 420 768 449 19.
793 418 919 458 legatus

196 455 345 496 Pompeii
369 457 401 487 in
427 457 596 499 Hispania.
627 459 758 490 Nomen
781 461 848 500 ejus
871 466 921 490 est

195 497 298 529 etiam
312 498 353 529 ad
367 499 442 530 Div.
465 501 486 530 i.
506 503 532 531 1.
548 501 631 531 Phil.
647 502 714 531 xiii.
739 504 784 533 13.
806 502 922 532 Consul

185 537 264 577 fait
281 550 357 571 cum
377 542 508 572 Metello
528 543 634 574 Celere
647 543 688 573 A.
718 543 756 574 U.
773 553 920 575 Dcxcni.

199 581 290 622 Ejus
306 593 356 613 res
365 590 464 622 gesta>
478 594 553 615 cum
574 585 706 616 Petreio
721 591 834 616 contra·
857 585 921 616 Cae-

199 633 310 654 sarem
329 631 410 656 notre
430 631 507 656 sunl
522 637 539 656 e
554 629 574 657 l.
596 628 616 657 i.
647 627 781 658 Coesaris
802 629 840 658 cle
860 629 921 658 bel-

197 667 228 696 lo
265 666 378 698 Civili..
400 668 466 698 Dio
493 670 513 698 l.
542 669 656 699 xxxvii.
684 679 719 709 p.
749 672 799 701 50.
831 671 919 707 dicit,

197 717 273 739 eum
295 710 409 739 melias
432 712 556 740 saltare
571 713 724 751 potuisse,
749 722 849 752 quam
871 723 922 743 res

193 758 322 788 gerere.
609 784 611 789 ,

240 791 285 822 Ρ.
302 791 482 832 Africanus
503 793 622 835 major,
637 795 736 826 Acad.
756 796 788 827 ii.
805 798 834 827 ⁶2.
861 796 921 827 Pa-

190 835 336 864 ·naetium
352 844 462 870 secum
484 836 594 867 habet.
609 837 702 868 offic.
718 837 751 868 ii.
776 840 827 870 22.
850 839 920 876 ejus

198 876 400 907 abstinentia
413 888 433 908 a
455 878 602 909 Panaetio
623 879 786 910 landatur.
801 880 841 910 de
863 881 919 910 Or.

198 917 243 948 iii.
260 922 289 952 7.
305 919 340 948 in
362 919 497 950 dicendo
512 922 629 959 gravis.
654 922 734 952 Har.
757 923 852 962 Resp.
873 925 919 954 12.

199 969 259 999 pro
273 960 372 991 Corn.
389 962 409 991 i.
425 962 461 992 in
481 963 623 993 secundo
639 963 823 994 Consulatu
846 975 922 994 cum

196 1001 250 1032 Ti.
273 1002 389 1042 Longo
411 1004 582 1035 Senatoria
600 1005 754 1036 subsellia
775 1017 794 1037 a
809 1006 922 1047 populi

198 1054 351 1074 consessu
365 1046 537 1085 separatin
552 1047 807 1087 Megalensibus,
818 1053 851 1078 et
867 1049 922 1079 Se-

199 1087 293 1116 natui
316 1087 458 1127 primum
481 1088 589 1119 locum
605 1090 672 1120 dat.
687 1090 726 1120 de
741 1090 797 1121 Or.
813 1091 846 1121 ii.
869 1091 923 1124 67.-

199 1128 333 1159 Censor.
348 1129 442 1160 offic.
457 1131 479 1161 i.
502 1133 553 1162 33.
576 1134 647 1172 ejus
662 1132 748 1163 filius
768 1134 817 1173 (P.
836 1132 919 1173 Afr.)

197 1170 235 1201 L.
252 1171 358 1201 Paulli
373 1172 479 1202 filium
503 1173 660 1214 adoptat·,
684 1180 818 1215 propter
832 1175 923 1205 infir-

201 1214 354 1244 mitatem
377 1214 574 1245 valetudinis
597 1225 665 1246 non
687 1218 797 1256 potuit
821 1219 922 1258 patris

198 1255 314 1285 similis
337 1265 415 1287 esse.
440 1257 516 1288 add.
532 1258 626 1288 Brut.
648 1262 694 1292 19.
720 1259 799 1290 Fuit
813 1264 924 1290 tamen

198 1306 275 1327 cum
280 1303 380 1337 patre
397 1297 637 1338 legatofratris
653 1301 696 1331 L.
714 1301 871 1341 Scipionis
889 1303 924 1333 in

199 1340 278 1370 bello
294 1340 430 1379 Syriaco
444 1342 478 1371 in
494 1342 585 1378 Asia,
603 1341 678 1373 Liv-
692 1345 746 1380 37,
767 1346 796 1377 7.
811 1349 843 1374 et
856 1344 924 1374 Λιι-

199 1390 282 1420 gur,
296 1384 350 1419 40,
365 1384 418 1414 42.
435 1385 489 1414 ubi
503 1394 531 1414 v.
551 1384 665 1423 Sigon.
681 1385 812 1416 Habuit
830 1390 860 1416 et
875 1388 924 1416 al—

199 1428 307 1454 terum
323 1424 437 1463 filium
466 1426 608 1463 Cnoeum,
631 1431 670 1457 ut
693 1429 837 1467 appellat
863 1429 925 1458 Va-

201 1467 260 1497 ler.
275 1466 324 1497 M
342 1467 384 1497 iv.
402 1470 432 1497 ὁ.
447 1470 477 1498 3.
493 1477 587 1508 quem
605 1468 751 1508 Pighius
766 1471 812 1501 ad
825 1471 862 1501 A.
884 1470 925 1501 U.

199 1510 273 1542 579.
284 1513 385 1548 putat
400 1519 464 1540 esse
478 1520 564 1548 eum,
578 1512 633 1550 qui
642 1521 695 1552 ap.
713 1512 788 1543 Liv.
804 1515 859 1550 41,
871 1515 923 1547 27.

201 1550 244 1581 L.
261 1551 368 1590 Scipio
383 1551 516 1590 dicitur,
526 1558 659 1593 proetor.
682 1564 713 1585 v.
732 1554 867 1585 Torren.
882 1555 928 1585 ad

201 1592 276 1623 Val.
290 1592 340 1623 M.
358 1595 379 1623 l.
395 1603 422 1623 c.

242 1635 287 1665 P.
307 1634 488 1674 Africanus
512 1637 630 1674 minor,
653 1637 746 1668 Offic.
770 1638 791 1668 i.
817 1640 868 1670 3⁶2.
883 1637 923 1671 L.

199 1676 307 1707 Paulli
320 1677 368 1707 fil.
384 1688 412 1708 v.
433 1678 473 1708 L.
490 1678 635 1709 Paullus
648 1679 888 1718 Macedonicus,
904 1691 926 1712 a

199 1727 260 1760 quo
285 1719 497 1751 AEmilianus
523 1721 657 1758 dicitur,
684 1723 763 1762 quia.
777 1722 926 1762 familioe

200 1761 445 1802 AEmilioefnit.
470 1762 547 1792 ibid.
567 1763 755 1803 eloquentia
776 1765 927 1796 cumulat

200 1803 279 1834 belli
316 1804 466 1843 gloriam.
511 1805 606 1835 Brut.
637 1808 688 1837 21.
719 1807 857 1837 Divinat
891 1808 926 1838 in

203 1846 289 1876 Caec.
306 1848 356 1877 21.
373 1849 504 1877 accusat
528 1846 566 1878 L.
584 1848 732 1879 Cottam.
750 1849 808 1880 Or.
825 1850 859 1880 ii.
874 1850 925 1883 67.

200 1887 296 1919 Brut.
312 1891 362 1922 87.
378 1889 452 1931 ἄξων
465 1888 571 1919 dictus
586 1894 635 1920 est
649 1901 669 1920 a
689 1891 815 1921 Fannio
830 1891 864 1922 in
877 1892 926 1922 hi-

202 1931 315 1967 storia,
332 1930 371 1961 de
387 1932 457 1962 Far.
472 1934 502 1964 7.
520 1932 578 1962 ἃς.
625 1932 860 1972 Carthaginem
873 1944 927 1964 ca-

202 1973 263 2012 pit,
278 1974 371 2004 Verr.
391 1975 415 2004 i.
429 1978 460 2005 4.
478 1974 678 2014 Carthagine
700 1981 796 2015 capta
810 1976 926 2006 Siculis

202 2016 409 2046 monimenta
436 2026 494 2046 sua
521 2017 678 2054 restituit,
708 2017 783 2049 Mil.
810 2020 841 2049 3.
871 2018 924 2050 Ti.

203 2056 394 2087 Gracchum-
404 2060 481 2098 jure
495 2058 705 2090 interfectum
720 2069 779 2099 pro
797 2061 926 2090 concio-

204 2107 246 2129 ne
267 2099 488 2140 interrogatus
507 2101 693 2141 respondet,
716 2102 809 2132 Offic.
830 2102 852 2132 i.
873 2105 925 2133 ⁶25.

203 2150 226 2170 a
237 2140 278 2180 Ω.
294 2141 443 2180 Metello,
464 2143 704 2183 (Macedonico)
724 2145 792 2173 sine
805 2145 927 2175 acerbi-

205 2185 274 2213 tate
290 2183 453 2222 dissensit,
467 2185 509 2225 Ω.
534 2185 587 2216 Fr.
604 2186 624 2216 i.
647 2189 676 2216 8.
697 2186 926 2226 Xenophontis

205 2225 430 2265 Cyropaediam
460 2237 527 2257 non
556 2227 650 2268 ponit
689 2228 728 2258 de
762 2229 925 2267 manibus,

205 2266 283 2298 Mil.
305 2271 336 2302 7.
352 2268 439 2298 domi
459 2277 560 2300 noctu
584 2270 793 2307 interficitur,
808 2270 847 2300 de
865 2271 923 2302 Or.

204 2307 239 2339 ii.
253 2311 306 2340 40.
327 2311 361 2340 in
377 2321 439 2349 qua
454 2312 539 2342 caede
554 2313 659 2342 socius
674 2312 738 2342 fuit
753 2312 791 2343 C.
808 2312 924 2344 Carbo.

207 2349 272 2381 Sed
293 2352 331 2382 de
353 2354 465 2383 eadem
487 2364 523 2383 re
545 2359 674 2384 tantum
698 2359 867 2394 tamquam
890 2357 928 2386 de

205 2394 382 2433 suspicione
395 2397 561 2426 hominum
576 2398 718 2437 quuitur
729 2397 775 2427 acl
788 2396 867 2428 Dic.
883 2397 926 2429 ix.

206 2436 257 2465 21.
280 2441 311 2466 et
336 2442 483 2468 auctores
504 2439 597 2468 cedis
616 2441 717 2479 ‘plane
741 2440 868 2469 incerti.
896 2450 927 2470 v.

208 2476 319 2507 Vellei.
331 2479 365 2509 ii.
378 2482 410 2509 4.
425 2480 536 2510 Valer.
551 2480 601 2511 M.
616 2482 658 2512 iv.
676 2485 702 2512 1.
718 2481 924 2512 Plutarchus

204 2519 240 2548 t'n
255 2519 402 2550 Romulo.
426 2523 470 2552 ad
484 2521 606 2553 Heren.
629 2524 673 2554 iv.
697 2526 746 2554 13.
771 2533 929 2554 memora.

206 2565 264 2591 tur
286 2562 445 2602 Scipionis
468 2566 607 2601 nomine,
630 2567 704 2596 item
721 2569 757 2595 in
775 2566 876 2596 Laelio
898 2573 929 2598 et

198 2605 317 2642 paucis
335 2606 410 2635 aliis
426 2607 512 2644 locis,
532 2608 616 2646 quod
628 2607 790 2648 res-facile
805 2609 928 2640 indica-

205 2646 261 2676 bit.
288 2667 291 2669 -
328 2657 336 2660 -

204 2704 206 2706 v
247 2688 442 2727 Agamedes,
456 2690 554 2721 Tusc.
577 2692 601 2721 i.
617 2694 669 2725 47.
685 2702 761 2723 cum
780 2693 929 2734 Tropho-

206 2730 262 2761 nio
275 2729 395 2769 fratre
416 2733 580 2772 templum
603 2733 805 2774 Delphicum
829 2737 929 2767 aedifi-

205 2776 271 2802 cat.
319 2773 397 2812 Ejus
411 2779 552 2805 votum.·
784 2789 786 2791 ’

246 2815 486 2854 Agamemnon,
519 2818 716 2850 Homericus
745 2820 812 2860 ille,
846 2830 926 2863 stepo

206 2863 488 2889 commemoratur.

683 77 857 109 „INDEX
881 76 1194 107 msromcus.

1002 163 1242 203 Agamemnon,
1275 171 1390 195 ’comen
1430 165 1516 197 serm·
1560 171 1607 198 est
1647 167 1684 198 in

962 204 1072 246 Epist.
1088 207 1134 237 ad
1145 202 1302 237 Atticm'n.
1472 234 1512 253 ν,

1002 248 1203 287 Agathinus,
1222 249 1256 279 in
1270 247 1363 280 Verr.
1381 247 1414 279 ii.
1430 249 1483 280 36.
1497 249 1684 284 Thermita·

962 299 1036 320 nus.

1003 332 1210 371 Agathocles,
1227 333 1262 362 in
1284 331 1377 363 verr.
1401 333 1444 363 iv.
1468 335 1519 364 55.
1544 333 1682 366 Notissi-

964 384 1036 404 mus
1051 374 1171 405 Sicilia?
1188 374 1272 411 Rae,
1288 375 1326 404 de
1339 385 1398 415 quo
1417 376 1482 405 vicl.
1499 375 1615 415 Polyb.
1631 378 1683 410 lib.

965 426 995 445 x.
1004 425 1040 455 p.
1055 419 1127 450 918.
1142 417 1352 456 inprimisque
1360 417 1497 448 Diodor.
1514 417 1615 448 Sicut.
1629 421 1685 459 qui.

965 459 988 488 l.
1010 461 1057 492 19.
1074 460 1125 489 520.
1140 459 1329 496 Agathoclis
1346 461 1411 490 lale
1423 465 1662 492 commemorat.

1005 501 1211 538 Agathocles,
1226 501 1265 530 de
1281 501 1355 531 niv.
1373 501 1396 531 i.
1412 503 1464 532 ⁶24.
1479 503 1550 541 ejus
1571 502 1684 534 Histo-

964 541 1013 571 ria
1041 550 1328 573 commemoratur.
1372 543 1566 581 Agathocles
1589 546 1685 576 hislo-

964 584 1025 613 r1'ci
1044 584 1106 613 dno
1125 588 1212 621 sunt,
1233 584 1446 623 Babylonius,
1462 587 1516 626 qui
1537 590 1568 617 el
1594 586 1684 628 Cyzi·

964 635 1062 656 cenas
1075 626 1208 663 dicitur,
1221 627 1304 665 quod
1315 627 1352 656 cle
1370 626 1480 666 Cyzico
1492 630 1618 669 scripsit
1626 643 1637 663 ;
1654 634 1685 660 et

966 667 1112 704 Samius,
1143 668 1198 707 qui
1226 669 1265 697 (ἵε
1292 668 1372 708 Rep.
1399 668 1684 703 Pessinuntioram
1723 674 1734 683 “

964 711 1103 750 scripsit.
1149 709 1214 740 Sed
1231 711 1316 740 hunc
1331 711 1434 740 locum
1453 712 1492 742 de
1505 712 1686 753 Babylonio

965 753 1188 792 accipiendum
1201 756 1302 791 putat
1318 753 1336 782 l
1344 752 1446 783 'ossius
1457 754 1496 783 de
1509 754 1602 786 Hist.
1624 756 1684 788 Gr.

964 795 987 824 l.
1006 795 1048 824 iii.
1061 804 1095 833 p.
1115 796 1186 824 158.
1206 799 1230 824 t.
1247 795 1290 824 iv.
1312 794 1392 835 Opp.
1422 794 1542 827 Utrum
1568 807 1606 828 ea
1619 798 1686 828 Hi-

964 837 1079 873 storia,
1098 846 1198 876 quam
1229 835 1336 867 Cicero
1357 836 1458 878 affert
1482 847 1522 868 ac
1544 839 1633 870 libris
1647 841 1686 871 de

970 877 1198 917 Cyzicenorum
1209 880 1314 916 rebus,
1330 889 1375 909 an
1389 889 1462 909 vero
1473 889 1512 910 ca:
1525 881 1590 911 alio
1597 891 1686 912 sum-

965 924 1001 949 ta
1009 921 1062 956 sit,
1071 930 1134 950 non
1142 920 1290 951 dixerim.
1305 922 1561 962 ‚Quatuordecim
1571 924 1687 955 hocno-

966 963 1053 991 mine
1066 963 1151 992 viros
1162 971 1202 992 ει·
1213 964 1408 1003 antiquitate
1417 965 1544 1004 collegit
1557 965 1685 998 Fabric.

965 1004 1057 1035 Bibl.
1089 1004 1148 1034 Gr.
1172 1004 1218 1035 iii.
1247 1008 1295 1036 11.
1313 1015 1351 1045 p.
1373 1008 1447 1039 273.
1470 1008 1583 1047 quibus
1604 1009 1687 1039 adde

966 1046 1126 1076 decimum
1140 1047 1292 1086 quintum
1303 1047 1528 1087 Agathoclem,
1543 1050 1687 1082 Archon-

966 1092 1031 1118 tem
1058 1088 1284 1120 Atheniensem
1315 1089 1444 1130 olymp.
1477 1099 1532 1122 cv.
1561 1103 1595 1122 eo
1621 1095 1688 1133 ipso

965 1136 1118 1170 tempore,
1135 1140 1196 1170 quo
1218 1131 1370 1171 Delphici
1387 1132 1547 1172 Apollinis
1555 1133 1688 1174 fanum

965 1173 1106 1212 diripere
1129 1175 1279 1212 aggressi
1305 1177 1381 1204 sunt
1404 1174 1594 1208 Phocenses.
1619 1178 1686 1209 vid.

966 1214 1120 1245 Pausan.
1135 1225 1165 1245 x.
1178 1218 1210 1247 2.
1655 1249 1663 1254 ,

1007 1254 1193 1296 Agesilaus,
1214 1258 1254 1289 ad
1272 1258 1401 1290 Divers.
1417 1268 1448 1289 v.
1475 1261 1524 1291 12.
1544 1260 1688 1301 Spartia-

965 1302 1028 1337 tes,
1050 1309 1153 1338 neque
1173 1300 1309 1340 pictam,
1322 1307 1428 1340 neque
1443 1301 1557 1332 fictam
1572 1303 1689 1343 imagi-

967 1351 1043 1372 nem
1070 1351 1162 1372 suam
1189 1347 1300 1373 extare
1325 1343 1444 1374 voluit.
1470 1343 1566 1375 offic.
1587 1344 1629 1376 .ii.
1657 1348 1688 1376 5.

967 1384 1037 1413 sine
1063 1384 1259 1423 adjumentis
1285 1385 1457 1416 hominum
1481 1391 1616 1426 magnas
1638 1397 1688 1418 res

967 1425 1093 1456 efficere
1109 1427 1230 1466 potuit.

1007 1468 1102 1507 Agis,
1124 1468 1188 1498 Off.
1211 1469 1246 1499 ii.
1270 1470 1322 1500 23.
1344 1479 1399 1499 rex
1423 1467 1690 1502 Lacedaemonio-

967 1519 1053 1548 rum,
1073 1511 1219 1541 diversus
1239 1511 1280 1541 ab
1301 1521 1347 1548 eo,
1370 1511 1425 1550 qui
1444 1511 1528 1541 vixit
1549 1516 1690 1554 tempore

967 1552 1147 1592 Lysandri,
1163 1562 1223 1592 quo
1241 1553 1320 1583 duce
1335 1553 1543 1584 Athenienses
1563 1556 1609 1585 ad
1616 1555 1690 1597 flu-

967 1603 1041 1625 men
1054 1594 1165 1633 AEgos
1178 1595 1255 1625 vieti
1268 1600 1354 1625 sunt.

1008 1637 1212 1677 Aglaophon,
1229 1637 1268 1667 de
1282 1637 1376 1667 Orat.
1399 1636 1445 1667 iii.
1459 1640 1489 1671 7.
1505 1639 1612 1679 pictor
1633 1649 1688 1670 ex-

967 1678 1099 1709 cellens.
1110 1679 1188 1710 Duo
1202 1679 1440 1720 Aglaophontes
1446 1681 1587 1720 pictores
1600 1686 1689 1719 sant,

962 1726 1061 1760 pater
1073 1721 1224 1762 etfilffls:
1249 1722 1286 1751 de
1313 1723 1427 1762 quibus
1450 1727 1596 1754 veteram
1611 1725 1692 1756 locos

967 1764 1123 1801 congessit
1136 1763 1262 1794 ‚Iunius
1279 1763 1385 1794 Catal.
1399 1764 1528 1806 Artific.

1010 1805 1053 1836 L.
1068 1806 1205 1844 Agrius,
1223 1805 1329 1837 Flacc.
1349 1809 1399 1836 13.
1414 1817 1512 1846 eques
1526 1808 1625 1840 Rom.

1009 1848 1144 1886 Agonis,
1159 1847 1193 1877 in
1208 1848 1319 1879 Caecil.
1339 1851 1386 1882 17.
1399 1848 1606 1889 Lilybaetana
1616 1861 1690 1882 mu·

967 1888 1040 1925 lier,
1053 1890 1188 1920 Veneris
1203 1890 1331 1921 liberta.

1012 1932 1050 1962 T.
1066 1933 1222 1971 Agusius,
1237 1932 1277 1962 ad
1292 1932 1368 1963 Div.
1378 1933 1458 1964 xiii.
1482 1937 1536 1968 70.
1560 1933 1690 1966 Cicero-

969 1973 1018 2003 nis
1031 1984 1138 2004 comes
1155 1974 1188 2004 in
1203 1974 1310 2005 cxilio.

1008 2016 1131 2053 Ahala,
1154 2026 1327 2055 cognomen
1351 2016 1576 2049 Serviliorum.
1598 2029 1630 2051 v.
1656 2031 1686 2051 c.

968 2057 1054 2089 Phil.
1072 2059 1106 2089 ii.
1125 2062 1174 2089 11.
1191 2060 1247 2088 ubi
1269 2064 1315 2089 est
1327 2069 1431 2090 sermo
1444 2060 1483 2090 cle
1499 2060 1537 2091 C.-
1552 2061 1688 2092 Servilio

967 2100 1030 2131 Ah.
1045 2103 1100 2141 qui
1113 2101 1252 2132 Aletium
1264 2101 1439 2141 intevfecit.
1481 2101 1581 2142 ‚Quod
1592 2104 1627 2133 in
1641 2115 1691 2135 eo-

968 2143 1041 2173 dem
1067 2145 1173 2183 capile
1201 2145 1270 2174 ait:
1305 2143 1391 2184 Quid
1418 2143 1498 2174 duos
1524 2144 1689 2184 Servilios,

969 2184 1085 2216 Cascas
1099 2195 1141 2216 an
1164 2186 1283 2216 Ahalas
1305 2186 1410 2216 dicam
1433 2187 1492 2216 &c.
1511 2186 1549 2216 id
1568 2188 1616 2218 ita
1639 2189 1690 2219 in-

968 2228 1079 2266 tellige
1089 2241 1097 2257 :
1122 2227 1286 2266 Servilios,
1290 2227 1446 2267 facinore
1460 2230 1517 2258 hoc
1528 2232 1690 2268 promeri-

969 2273 1027 2306 tos,
1044 2276 1081 2300 ut
1102 2271 1217 2301 Ahaloe
1230 2272 1339 2310 potius
1359 2280 1458 2310 quam
1478 2270 1584 2302 Cascoe
1606 2272 1691 2303 dioe-

969 2316 1103 2342 rentur.-
1126 2316 1164 2343 ἰιι
1177 2317 1262 2343 recte
1283 2313 1458 2343 Manutius
1471 2317 1502 2343 et
1519 2313 1689 2345 I‘Vesselin-

966 2354 1043 2391 gius
1058 2355 1096 2385 V.
1119 2355 1150 2385 C.
1165 2356 1240 2385 obss.
1255 2355 1291 2385 ii.
1309 2355 1357 2384 16.
1371 2355 1426 2385 ubi
1441 2359 1472 2385 et
1483 2355 1584 2394 docet,
1605 2355 1690 2388 Cice*-

969 2397 1055 2426 ronz's
1068 2401 1161 2428 oetote
1172 2398 1277 2427 nullos
1291 2396 1411 2427 Ahalas
1413 2396 1532 2437 fuisse.

1010 2439 1092 2469 Aius
1115 2439 1275 2479 Loquens,
1290 2438 1329 2470 de
1348 2439 1425 2470 Div.
1440 2440 1475 2471 ii.
1499 2442 1550 2472 32.
1567 2451 1690 2474 nomen

970 2479 1045 2517 Dei,
1059 2491 1115 2512 ara
1127 2482 1205 2521 ejus.

1009 2524 1075 2554 Ala
1090 2534 1129 2554 ex
1141 2524 1266 2561 Axilla,
1279 2532 1461 2562 cognomen
1477 2525 1615 2564 Serxdlii,
1630 2526 1690 2558 Or.

969 2567 1022 2596 45.
1053 2565 1108 2596 ubi
1145 2570 1259 2596 tamen
1285 2565 1402 2597 Lamb.
1429 2569 1569 2599 correxit
1593 2569 1691 2600 Hala

970 2617 1028 2648 pro
1043 2609 1164 2639 Ahala.

1011 2651 1214 2687 Alabandus,
1230 2650 1310 2681 Nat.
1332 2650 1376 2681 D.
1400 2651 1445 2681 iii.
1473 2654 1521 2682 15.
1541 2652 1692 2684 conditor

971 2692 1129 2723 Alabandi
1144 2699 1178 2723 ct
1192 2693 1282 2723 Deus
1296 2693 1398 2730 urbiS.

1013 2735 1222 2772 Alabarches,
1237 2734 1278 2764 ad
1298 2735 1370 2765 Att.
1394 2735 1429 2766 ii.
1448 2738 1499 2770 17.
1521 2741 1568 2768 est
1591 2737 1694 2770 Pom.-

966 2778 1073 2817 peius,
1099 2778 1154 2816 qui
1170 2776 1326 2817 jactabat
1352 2787 1385 2807 se
1411 2780 1588 2818 vectigalia
1614 2790 1691 2821 pop.
1743 2812 1747 2813 ⁷

973 2819 1068 2850 Rom.
1083 2819 1178 2849 valde
1197 2819 1336 2850 amisse.
1379 2820 1494 2861 Quam
1513 2827 1625 2853 autem
1637 2833 1692 2853 ac-

973 2861 1209 2893 commodatum
1225 2862 1268 2893 sit
1282 2863 1338 2893 hoc
1352 2871 1480 2901 nomen,
1494 2873 1534 2895 ecc
1552 2875 1586 2895 eo
1597 2866 1697 2896 intel—
