1804 3178
638 127 784 157 mnnx
807 129 938 158 LA'ris
946 131 1099 161 nuris.

116 217 190 247 (ate
204 220 324 247 cecata
342 215 460 247 oratio.
483 215 505 246 i.
521 224 550 245 e.
567 215 755 254 obscurata,
773 226 847 256 quoe

118 258 262 299 intelligi
279 269 345 290 non
360 263 483 300 potest.

167 302 287 334 Οτι-ω.
316 303 457 344 passive,
483 311 543 342 pro
567 300 688 332 lateus.
722 302 780 332 Or.
813 304 846 332 ii.

119 347 172 380 87.
197 356 248 376 res
270 356 370 378 ερατ.
409 345 486 385 Agr.
503 346 537 376 ii.
558 347 606 375 14.
629 355 689 376 cur
710 345 774 375 hoc
797 353 847 376 est

117 393 190 420 tam
213 390 391 421 obscurum
415 395 515 428 atque
540 398 671 419 cereum.
701 389 848 420 ‘coecum

120 432 247 464 faciens
273 439 310 464 et
332 433 522 463 obscurum.
554 431 626 462 Mil.
658 436 707 467 19.
743 442 849 472 neque

119 486 204 507 cena
228 486 293 508 nox
315 475 517 507 ostendisset
546 475 718 506 Milonem.
751 478 850 507 Dum.

127 523 176 551 10.
205 529 295 551 caecoe
320 519 425 550 nubes
450 519 651 559 reipublicae.
691 520 804 560 Ligar.
824 523 850 550 1.

120 572 224 594 cecus
247 564 363 601 timor,
390 567 442 593 est
469 563 575 593 inanis
601 570 634 594 et
657 563 771 594 falsus.
810 564 851 594 ad

122 605 199 638 Div.
213 607 257 637 vi.
273 610 304 641 7.
327 616 445 636 coecum
462 607 592 637 timoris
611 614 829 638 tormentum.

170 649 317 681 &laton
347 649 440 680 Verr.
458 650 500 680 iv.
518 653 568 681 2²4.
593 651 710 680 artifex
735 661 854 690 argen-

120 692 149 724 ti
175 692 335 767 lcaelandi,
367 694 423 733 qui
455 694 552 733 signa
580 695 664 724 vasis
695 694 854 735 illiganda

124 746 173 767 οε
189 742 236 767 at.

171 779 320 812 celatus.
343 779 437 811 Verr.
460 781 482 811 i.
505 781 558 811 36.
589 780 630 811 iv.
658 783 706 814 19.
737 790 854 820 argen-

121 827 197 854 tum
236 825 387 854 coelatum
418 824 535 854 dicunt
567 833 644 855 vasa
681 831 853 863 argentea,

123 868 243 906 quibus
266 868 362 907 signa
385 873 456 897 arte
479 867 608 907 illigata
630 872 724 904 sunt,
741 874 780 897 ut
796 877 854 898 aut

122 916 198 942 tota
212 917 273 942 aut
294 911 469 942 dimidiata
490 911 676 948 emineant,
693 911 764 941 sine
782 912 854 950 qui-

122 954 185 984 bus
209 960 388 995 argentum
416 964 538 994 purum
565 961 626 984 cst.
651 964 680 984 v.
701 955 852 995 inprimis

124 997 263 1029 Salmas.
285 998 328 1028 ad
353 997 504 1028 Solinum
530 1008 563 1039 p.
585 1001 659 1032 735.
674 1007 723 1037 sq.
752 997 852 1028 Tusc.

126 1041 148 1072 i.
165 1043 218 1072 35.
239 1046 333 1072 tecta
348 1042 474 1072 caelata.

173 1084 310 1122 Coelare,
324 1084 475 1125 sculpere
500 1083 609 1124 sigilla
632 1094 672 1114 ex
696 1094 776 1115 auro
796 1091 853 1115 aut

126 1135 279 1168 argeum,
311 1128 400 1168 quod
431 1129 471 1158 fit
501 1127 592 1158 caelo.
639 1128 716 1158 niv.
749 1129 769 1158 i.
802 1129 854 1158 36.

126 1170 224 1202 Hanc
253 1173 398 1213 speciem
436 1171 618 1202 Praxiteles
649 1173 774 1202 coelacit
805 1181 856 1202 ar-

126 1221 240 1256 gente.
263 1215 404 1246 Salmas.
420 1215 442 1246 l.
459 1226 487 1245 c.
504 1222 538 1244 et
556 1225 587 1255 p.
604 1218 678 1249 774.

174 1259 372 1290 Caerimom'a.
396 1259 568 1289 sanctitae.
599 1259 695 1289 Rosc.
714 1258 788 1289 Am.
803 1261 856 1293 39.

125 1305 313 1334 cerimonia
337 1303 521 1342 legationis.
557 1301 657 1332 Tusc.
683 1302 704 1332 i.
735 1304 783 1333 12.
807 1311 857 1332 se-

127 1346 321 1387 pulcrorum
337 1347 526 1377 cerimonia.
542 1346 663 1375 *sacra
679 1345 759 1385 ipsa.
784 1345 856 1376 Mil.

126 1392 180 1422 22.
203 1392 392 1421 caerimcmiae
406 1389 550 1420 violatae.
580 1389 619 1418 de
639 1389 740 1419 sacris
763 1389 856 1419 bonae

127 1433 224 1472 Deae,
254 1443 329 1473 quae
359 1433 494 1464 Clodius
523 1432 700 1474 polluerat.
737 1433 858 1462 *reve—

128 1478 239 1508 rentia
261 1478 426 1516 Deorum,
450 1477 520 1507 lnv.
545 1476 580 1506 ii.
605 1478 658 1507 22.
688 1482 798 1506 metus
824 1484 859 1507 et

126 1522 303 1552 cerimonia
318 1522 479 1552 Deorum.
503 1519 545 1550 cf.
562 1529 591 1549 c.
608 1523 660 1551 53.

136 1584 138 1586 -
177 1564 303 1597 Coesim.
319 1565 377 1596 Or.
393 1565 446 1599 67.
462 1565 567 1594 caesz'm
582 1563 705 1600 dicere,
723 1563 743 1593 i.
756 1573 785 1593 e.
800 1573 859 1603 per

129 1608 248 1647 incisa,
265 1609 337 1639 sine
354 1606 651 1648 comprehensione
671 1607 857 1637 verborum.

179 1651 294 1683 Caem.
321 1651 352 1682 Τ
352 1652 439 1692 opic.
456 1653 508 1683 25.
536 1654 614 1681 ruta
628 1656 663 1680 et
678 1660 759 1680 caesa
776 1651 859 1681 reci-

131 1705 221 1737 pere.
245 1695 288 1726 cf.
311 1695 368 1727 Or.
385 1695 419 1726 ii.
436 1698 489 1727 55.
512 1704 542 1723 v.
560 1699 646 1724 ruta.
671 1693 741 1724 Att.
757 1704 787 1724 v.
808 1696 857 1725 18.

129 1740 219 1771 inter
232 1749 314 1770 coesa
329 1743 364 1770 et
379 1745 542 1780 porrecta.
558 1748 589 1768 v.
606 1743 770 1778 porrecta.

178 1781 308 1814 Caestus.
334 1790 385 1813 est
408 1782 516 1813 lorum
540 1780 640 1812 clavis
658 1780 786 1817 ferreis,
803 1781 857 1811 cui

130 1836 251 1858 manus
275 1826 392 1857 dextra
413 1825 618 1866 implicatur,
640 1830 680 1855 ut
701 1824 795 1864 pugil
818 1834 857 1854 eo

129 1870 249 1902 fortius
265 1869 364 1900 ferire
382 1870 497 1910 possit.
521 1869 664 1908 figuram
680 1869 751 1907 ejus
766 1867 858 1898 exhi-

131 1914 190 1945 bet
214 1913 357 1945 Zornius
384 1914 419 1943 in
445 1911 530 1944 Bibl.
557 1912 670 1951 Antiq.
696 1912 799 1950 Exeg.
825 1921 858 1952 p.

131 1960 208 1993 904.
229 1956 330 1988 Tusc.
347 1957 381 1987 ii.
401 1959 451 1991 17.
475 1956 618 1987 eaeslt'bus
633 1955 806 1985 contundi.

182 2001 426 2032 Calamis-trum.
463 2000 728 2030 instrumentum
758 1998 860 2028 ferre-

133 2054 206 2082 um,
237 2054 304 2084 quo
341 2042 453 2083 capilli
491 2044 682 2083 crispantur
719 2041 858 2079 urendo,

132 2088 223 2119 unde
246 2088 475 2118 calamistrati.
505 2086 585 2117 hinc
606 2085 796 2116 traducitur
817 2085 859 2115 ad

134 2132 241 2162 nimia
258 2131 419 2162 orationis
433 2137 644 2161 ornamenta.
666 2139 696 2159 ν.
712 2139 741 2160 c.
765 2128 861 2160 Brut.

132 2178 187 2210 75.
210 2175 395 2206 orationem
411 2175 610 2205 calamistris
625 2173 768 2203 inurere.

184 2218 372 2250 Calamitas.
399 2221 582 2258 tempestas
616 2216 767 2255 frugibus
789 2225 864 2256 per-

135 2263 272 2293 niciosa.
294 2262 388 2293 Verr.
404 2262 451 2292 iii.
467 2264 519 2296 98.
543 2261 717 2291 calamitas
731 2259 861 2290 fructu-

135 2315 206 2336 um.
221 2305 300 2337 hine
314 2305 355 2336 ad
370 2305 570 2345 perniciosos
587 2303 738 2334 homines
754 2308 863 2333 trans-

134 2349 256 2387 fertur,
279 2350 337 2389 qui
363 2349 516 2380 civitates
543 2347 739 2387 compilant,
755 2346 864 2376 horni-

136 2402 262 2433 nesque
275 2402 310 2424 re
322 2392 479 2423 familiari
491 2396 659 2422 evertunt.
679 2390 733 2420 Sic
745 2389 863 2421 Verres

135 2437 172 2467 ii.
202 2439 255 2471 37.
296 2427 472 2467 εαΙαηῗῖειιε
504 2434 692 2465 Siculorum
731 2433 864 2464 dicitur.

135 2479 310 2518 *jactura
335 2479 416 2510 Lael.
433 2481 487 2511 21.
517 2479 692 2509 calamitas
715 2477 751 2507 in
767 2477 865 2508 amit-

135 2523 246 2555 tendis
263 2523 433 2554 amicitiis.

186 2567 408 2598 Calamitosus.
433 2565 513 2606 Agr.
529 2565 564 2595 ii.
580 2566 633 2599 29.
656 2563 800 2604 vectigal
811 2574 865 2594 ca-

137 2611 337 2642 lamieoeum.

186 2653 367 2685 Calantica.
394 2657 534 2692 tegmen
557 2651 689 2692 capitis,
706 2660 772 2690 quo
792 2660 866 2681 mu-

137 2696 236 2728 lieres
251 2697 446 2734 utebantur,
464 2696 559 2735 cujus
575 2705 673 2726 usum
691 2697 867 2735 propterea

139 2740 256 2774 clodio
277 2741 393 2781 objicit
416 2740 533 2771 Cicero
556 2739 591 2769 in
616 2737 709 2769 Clod.
730 2747 782 2778 ap.
798 2737 866 2767 No-

140 2793 248 2816 nium.

190 2827 335 2858 Calceus.
356 2826 439 2858 Nat.
449 2826 493 2858 D.
506 2826 528 2857 i.
540 2827 593 2861 29.
609 2825 707 2856 calcei
718 2822 865 2864 repandi.

140 2879 170 2902 v.
186 2870 363 2911 repanduS.

199 2914 364 2945 calculus.
402 2913 475 2945 Pin.
506 2913 541 2945 ii.
573 2915 624 2948 19.
655 2910 866 2952 voluptatum

1528 129 1609 176 207

893 219 1026 248 calculis
1041 219 1221 250 subductis.
1247 221 1325 252 Loel.
1348 224 1394 253 16.
1420 225 1459 254 acl
1476 229 1613 258 calculos

894 270 1021 290 vocare.
1038 261 1103 291 ‘dc
1118 262 1193 292 lnrlo
1209 265 1381 295 duodecim
1399 271 1610 308 svripionnn:

895 303 1072 342 fragment.
1091 305 1244 343 Hortensi.
1262 319 1291 347 p.
1309 312 1382 339 401.
1399 318 1433 339 ut
1451 314 1612 344 calculum

896 347 1046 382 reducas,
1063 349 1090 377 si
1106 354 1139 377 te
1155 348 1221 378 dati
1241 352 1387 389 poenitet.

944 390 1113 431 (ὶιΙςΙὶιειύ,
1136 392 1284 430 callist-io.
1315 404 1408 431 vexo,
1429 398 1531 434 agito,
1547 408 1614 428 mo-

896 433 1026 464 lestiam
1051 444 1139 471 creo,
1164 437 1334 472 negotium
1359 430 1454 468 facio.
1475 441 1538 479 Qu.
1566 442 1615 473 Fr.

896 478 943 507 iii.
958 480 988 508 2.
1012 477 1126 507 eodem
1145 477 1196 507 die
1212 479 1390 510 Gabinium
1404 482 1442 511 ad
1458 483 1614 522 populum

897 520 1086 551 luculenter
1120 520 1309 560 calefecerat
1346 523 1534 555 Memmius.
1575 529 1616 559 ad

897 564 972 595 Div.
988 565 1054 595 viii.
1070 565 1100 594 6.
1131 566 1164 595 Si
1181 575 1235 595 vos
1261 566 1371 596 Parthi
1389 567 1470 597 nihil
1485 570 1618 608 vallaci-

896 613 970 645 τινα,
994 617 1053 637 nos
1076 607 1129 637 hic
1153 608 1274 647 frigore
1297 609 1514 648 frigescimus.
1541 614 1617 644 ibid.

898 653 961 681 xvi.
980 655 1027 682 18.
1051 650 1175 691 caltha-e
1190 651 1371 682 hominem.

947 695 1046 725 (aleo.
1079 705 1187 724 vexor.
1211 696 1252 725 ad
1279 697 1354 727 Div.
1380 697 1445 726 viii.
1471 698 1501 728 6.
1530 707 1618 730 nunc

897 740 991 768 calet.
1024 739 1042 755 ¹*
1058 741 1164 768 calere
1185 738 1354 776 dicuntur,
1379 750 1451 779 quae
1475 742 1620 773 studiose

899 786 1057 820 aguntur,
1068 783 1252 819 jactantur.
1277 782 1417 823 Philipp.
1437 793 1466 813 v.
1483 787 1513 815 4.
1537 788 1621 816 cale-

900 825 975 855 bant
989 825 1158 855 nundinae.
1175 826 1285 856 Plane.
1298 828 1349 857 23.
1367 828 1493 857 crimen
1505 830 1620 866 caluit,

898 878 932 898 re
951 870 1088 898 recenti.
1105 869 1125 898 i.
1138 879 1167 898 e.
1184 870 1390 899 sermonibus
1407 870 1623 902 vehementer

892 912 1060 950 jactatum
1078 918 1139 942 est.
1177 912 1283 943 Simili
1302 914 1427 943 ratione
1444 915 1547 945 etiam
1563 915 1622 946 ho-

901 957 1006 985 mines
1022 955 1181 986 dicuntur
1200 958 1316 993 calere,
1332 960 1369 986 ut
1383 956 1478 988 Brut.
1491 958 1543 988 66.
1564 970 1622 990 ca-

901 1001 964 1028 lere
982 999 1014 1028 in
1033 999 1172 1038 agendo.
1196 999 1266 1029 Ait.
1283 1010 1333 1029 xv.
1350 1001 1380 1030 6.
1396 1010 1438 1030 an
1454 1011 1527 1038 ego,
1544 1012 1622 1033 eum

897 1052 1012 1072 omnes
1046 1044 1184 1079 caleant,
1219 1043 1382 1081 ignaviter
1415 1044 1540 1083 aliquid
1574 1045 1623 1075 fa-

899 1086 1008 1115 ciam?
1033 1086 1151 1116 *Verr.
1170 1087 1189 1116 i.
1207 1087 1259 1117 26.
1281 1094 1454 1126 postquam
1472 1089 1551 1118 satis
1567 1099 1622 1119 ca-

899 1132 963 1159 lere
993 1138 1042 1159 res
1070 1130 1139 1159 visa
1160 1134 1221 1159 est.
1253 1129 1285 1159 h.
1311 1140 1341 1160 e.
1365 1135 1537 1169 postquam
1562 1133 1621 1162 visi

899 1176 979 1203 sunt
1001 1173 1147 1202 convivae
1165 1173 1245 1203 satis
1261 1173 1336 1202 vino
1352 1174 1468 1211 calere,
1487 1176 1623 1206 animis·

900 1225 964 1255 que
980 1225 1050 1245 esse
1067 1216 1237 1246 commoti.

948 1260 1089 1289 Calidas.
1116 1259 1180 1289 Off.
1212 1259 1232 1289 i.
1256 1261 1309 1290 24.
1345 1259 1452 1290 calida
1474 1260 1624 1292 consilia.

899 1303 1078 1333 temeraria
1092 1306 1126 1332 et
1141 1302 1335 1342 periculosa.

948 1345 1073 1384 Caliga.
1096 1355 1201 1385 genus
1217 1346 1318 1376 calcei
1334 1346 1487 1377 militare.
1502 1347 1572 1378 Att.
1589 1348 1624 1378 ii.

900 1392 929 1419 3.
953 1389 992 1419 de
1012 1390 1188 1430 Pompeio:
1212 1389 1293 1420 mihi
1311 1390 1541 1430 ejus—caligae
1556 1400 1623 1423 non

900 1433 1086 1473 placebant.

949 1476 1069 1516 Caligo.
1112 1475 1182 1506 Fin.
1212 1485 1243 1506 v.
1275 1479 1324 1507 15.
1361 1486 1420 1516 per
1447 1479 1623 1517 caliginem

900 1521 1057 1550 cernitur.
1083 1520 1104 1550 i.
1123 1529 1152 1549 e.
1176 1519 1356 1550 obscurius.
1378 1520 1516 1551 *status
1540 1522 1621 1562 reip.

900 1564 1124 1603 perturbatus.
1147 1563 1222 1593 Sen.
1245 1573 1277 1603 p.
1294 1562 1374 1593 Red.
1390 1565 1420 1594 3.
1444 1566 1548 1603 caligo
1563 1573 1622 1594 an-

901 1608 934 1637 ni
953 1606 1054 1645 illius,
1072 1607 1112 1637 de
1127 1610 1276 1647 tempore
1293 1606 1462 1638 Clodiano.
1481 1617 1511 1638 v.
1528 1614 1624 1638 tene-

901 1650 980 1681 brae.

950 1693 1084 1724 Fallere.
1108 1692 1230 1723 callum
1247 1692 1380 1730 ducere,
1396 1693 1624 1726 obdurescere.

901 1737 943 1768 ad
966 1737 1041 1768 Div.
1059 1737 1099 1766 iv.
1117 1739 1147 1767 5.
1179 1737 1212 1766 in
1229 1736 1292 1766 illis
1307 1737 1404 1766 rebus
1423 1738 1624 1768 exercitatus

903 1781 1034 1811 animus
1045 1781 1117 1819 jam
1133 1781 1251 1810 cauere
1266 1779 1374 1811 debet.

951 1823 1064 1855 Galles.
1095 1824 1186 1852 Sext.
1213 1826 1243 1854 5.
1275 1822 1379 1855 Italiae
1403 1825 1501 1854 calles
1525 1827 1626 1863 atque

902 1872 1072 1907 pastorum
1099 1865 1243 1896 stabula.
1270 1867 1358 1897 Sunt
1383 1867 1443 1897 viae
1467 1876 1625 1907 pecorum

903 1921 943 1941 ex
960 1911 1080 1951 aestivis
1097 1910 1301 1950 pastionibus
1317 1910 1351 1940 in
1367 1909 1520 1941 hibernas
1534 1920 1626 1941 com-

903 1955 1091 1985 meantium
1108 1958 1142 1983 et
1158 1957 1283 1983 contra.
1307 1963 1336 1982 v.
1350 1953 1459 1984 Ursin.
1473 1953 1516 1984 ad
1530 1953 1625 1984 Varr.

903 1997 943 2029 R.
968 1998 1006 2028 R.
1034 1998 1067 2027 ii.
1085 1999 1114 2028 2.
1151 1999 1198 2026 10.
1231 1996 1327 2028 Unde
1353 1996 1442 2027 silvae
1467 1998 1625 2036 callesque

896 2042 1101 2082 jung-untur.
1119 2050 1148 2071 v.
1167 2039 1308 2080 lnterpr.
1331 2040 1371 2070 ad
1387 2041 1523 2070 Sueten.
1540 2039 1627 2070 Caes.

908 2089 957 2120 19.
987 2084 1122 2114 Cluent.
1147 2087 1198 2118 59.
1229 2087 1309 2114 sunt
1324 2082 1423 2114 colles
1439 2088 1624 2124 pastorum,

905 2129 961 2160 ubi
977 2128 1041 2167 leg.
1059 2127 1189 2157 videtur
1203 2126 1313 2157 calles.

954 2171 1086 2203 Callide.
1122 2169 1363 2209 intelligenter,
1390 2168 1538 2200 solerter.
1568 2169 1626 2200 Or.

905 2217 927 2246 i.
952 2217 1004 2246 20.
1035 2214 1150 2244 callide
1175 2213 1293 2243 dicere.
1322 2213 1342 2243 i.
1365 2212 1540 2244 subtiliter.
1568 2212 1628 2243 Or.

906 2261 958 2290 28.
986 2258 1102 2288 callide
1123 2261 1157 2287 et
1179 2262 1296 2296 argute
1311 2256 1431 2288 dicere.
1455 2255 1578 2286 Caecin.
1595 2259 1626 2287 5.

908 2302 990 2332 nihil
1007 2301 1121 2332 callide
1137 2300 1189 2339 agi
1206 2309 1310 2340 posse.

956 2344 1109 2376 Callidus.
1139 2344 1217 2374 Nat.
1249 2343 1292 2374 D.
1322 2342 1368 2373 iii.
1403 2345 1452 2373 10.
1488 2341 1628 2373 Callida»

906 2399 998 2426 voco,
1016 2397 1155 2428 quorum
1179 2390 1350 2426 tamquam
1374 2395 1493 2416 manus
1515 2395 1629 2426 opere,

907 2433 954 2463 sie
975 2433 1105 2463 animus
1123 2440 1184 2460 usu
1201 2429 1392 2460 concalluit.
1415 2428 1560 2466 ‘solen-s,
1577 2429 1630 2459 in-

907 2475 1072 2515 telligens.
1103 2474 1181 2504 Nat.
1205 2473 1248 2504 D.
1265 2474 1298 2504 ii.
1314 2476 1367 2507 57.
1402 2476 1523 2503 natura
1545 2471 1629 2502 nihil

908 2525 959 2550 est
973 2518 1133 2549 callidius
1157 2515 1176 2534 ‘
1187 2516 1226 2546 de
1242 2520 1371 2547 oratore
1387 2520 1439 2547 est
1451 2514 1581 2546 subtilis
1594 2518 1630 2546 et

908 2566 1036 2594 acutus.
1054 2571 1084 2591 v.
1101 2570 1129 2591 e.
1145 2561 1202 2591 Or.
1219 2563 1250 2594 7.

956 2605 1094 2636 Callum.
1129 2603 1230 2635 Tusc.
1260 2603 1295 2634 ii.
1322 2605 1371 2633 15.
1399 2601 1508 2632 Labor
1536 2601 1629 2641 quasi

908 2651 1030 2680 callam
1053 2647 1187 2678 obducit
1209 2644 1324 2677 dolori.
1348 2645 1424 2676 ibid.
1441 2646 1487 2677 iii.
1501 2646 1554 2675 22.
1580 2644 1629 2675 ‹li-

910 2697 1032 2724 uturna
1046 2690 1204 2730 cogitatio
1220 2690 1340 2720 animis
1350 2690 1472 2720 callum
1485 2692 1631 2718 vetusta·

908 2737 951 2767 tis
965 2735 1158 2765 obduxerat.

958 2779 1144 2810 Calumnia.
1170 2777 1222 2815 lis,
1234 2785 1334 2816 quam
1350 2774 1451 2806 alicui
1465 2774 1536 2805 sine
1552 2783 1631 2804 cau·

909 2833 946 2854 sa
968 2821 1188 2858 intendimus,
1204 2824 1243 2850 ut
1257 2820 1287 2850 ei
1308 2818 1508 2855 molestiam,
1524 2822 1558 2847 et
1573 2826 1630 2857 pe-

910 2865 1053 2898 riculum
1084 2873 1246 2895 creemus.
1279 2862 1352 2893 Mil.
1379 2864 1432 2895 27.
1459 2860 1630 2891 calumnia

910 2909 1022 2941 litium
1039 2907 1160 2940 fundos
1175 2906 1300 2938 alienos
1316 2905 1463 2948 petebat.
1483 2903 1525 2945 Ω.
1541 2902 1592 2934 Fr.
1606 2902 1630 2933 i.
