1804 3178
658 108 806 139 INDEX
839 111 1130 142 LATmPrxns.

186 197 380 242 Adjvmetus.
412 196 546 229 cluent.
572 201 622 229 lo.
652 208 726 238 quie
749 197 868 242 adjun-

140 243 247 274 ctior-a
262 243 340 274 huic
355 251 462 274 cause.
478 249 568 273 sunt.

186 284 401 327 Adiunctum.
432 295 494 316 vox
523 285 710 324 dialectica,
733 286 774 316 de
804 297 869 326 qua

143 329 208 361 vid.
219 329 304 371 Top.
326 333 374 361 11.

185 374 388 405 Administer
401 372 522 411 victus,
531 382 590 414 pro
601 375 754 404 minister.
773 374 868 405 Rosc.

185 460 427 491 Arimini-strare
460 470 520 501 pro
548 461 747 492 ministrare.
774 461 867 493 verr.

140 512 171 534 v.
186 506 217 535 4.

183 547 451 578 Administrator.
471 546 570 578 Tusc.
583 557 613 579 v.
625 550 678 580 92.
696 548 770 579 edd.
784 553 865 579 vett.

141 599 202 632 pro
216 591 373 621 minister.

183 633 409 664 Admirabilis.
440 635 474 665 in
499 642 628 676 partem
652 635 864 666 deteriorem.

139 673 225 707 Phil.
235 677 282 707 iii.
292 681 323 712 7.
335 679 764 718 admirabilisimpudentia.
779 680 865 710 *Ad-

139 721 316 751 mirabiiia.
335 721 357 751 1³
359 722 404 752 in.
430 723 470 752 iv.
488 724 540 756 ⁴27.
558 719 714 764 παράδοξα
729 724 849 753 Stoica.

181 764 364 796 Adnisi-ari.
389 766 422 795 in
436 772 564 806 partem
577 765 786 796 deteriorem.
799 768 863 798 Off.

138 806 173 838 ii.
202 808 249 838 16.
280 809 359 847 quia
381 808 439 839 has
455 809 671 850 pecuniarum
688 809 864 840 effusiones

135 859 205 881 non
221 851 436 883 admiremur.
466 853 535 883 fin.
552 853 573 882 i.
591 854 621 883 2.
637 852 699 883 hoc
716 854 862 893 primum

123 891 126 895 ’
137 899 190 925 est
201 895 236 925 in
248 905 314 934 quo
324 897 481 926 admirer.
499 896 540 926 cf.
551 897 592 926 N.
605 896 647 926 D.
659 897 693 926 ii.
705 900 757 928 4³.
776 898 863 928 Mur.

140 941 190 972 19.
215 938 296 978 quid
309 939 458 970 admirer
472 939 512 970 (le
529 938 759 971 multitudine.

178 982 369 1016 Admiscen'.
400 983 443 1014 N.
468 983 510 1013 D.
534 984 568 1014 ii.
598 986 644 1013 10.
675 988 732 1014 aer
755 985 862 1016 multo

135 1023 244 1055 calore
259 1026 421 1057 admistas
435 1031 496 1057 est.
513 1026 588 1057 add.
607 1027 785 1058 admixtus.

178 1069 404 1100 Admissaiius
434 1070 540 1102 intell.
571 1080 686 1110 equus.
717 1072 779 1101 Pis.
808 1074 860 1103 28.

123 1111 212 1149 ‚Piso
234 1113 448 1144 admissarius
464 1114 587 1144 dicitur
602 1120 737 1154 propter
752 1115 861 1146 libidi-

134 1164 206 1186 nes.
222 1166 253 1187 v.
267 1156 410 1188 Budaeus
428 1158 469 1188 ad
487 1158 588 1188 Pand.
606 1168 637 1197 p.
655 1168 699 1188 m.
716 1162 789 1192 ⁴293.

177 1199 376 1232 Adniissum.
398 1201 503 1232 subst.
516 1206 706 1242 peccatum,
718 1203 860 1233 facinus.

123 1242 254 1281 ‚Partim
271 1244 328 1275 Or.
343 1248 395 1276 35.

127 1326 129 1329 Α
178 1287 364 1319 Admittas.
394 1288 494 1319 Tusc.
518 1289 539 1318 i.
560 1291 612 1324 29.
643 1288 727 1319 nihil
751 1293 802 1318 est
826 1289 859 1319 in

134 1331 256 1362 animis
275 1332 477 1364 admistum.
501 1333 683 1373 opponitur
704 1332 860 1373 simplici.

133 1383 164 1404 v.
180 1375 214 1404 in
231 1374 390 1415 Simplex.

177 1418 374 1450 Admodum.
403 1419 514 1460 plane.
539 1420 634 1451 Brut.
661 1424 714 1452 55.
750 1420 861 1451 litera-

134 1471 210 1492 rum
232 1463 409 1493 admodum
434 1463 480 1493 nil
504 1464 640 1494 sciebat.
670 1465 688 1483 ²*
708 1464 789 1503 Leg.
814 1465 861 1494 iii.

137 1507 187 1536 11.
206 1506 270 1536 scis
285 1506 401 1544 frater,
415 1507 519 1537 solere
536 1509 570 1538 in
587 1507 778 1546 hujusmodi
794 1517 861 1538 ser-

133 1557 247 1586 mone,
264 1556 302 1580 ut
315 1551 457 1580 transire
475 1550 539 1581 alio
555 1553 671 1591 possit,
686 1552 861 1582 admodum

132 1591 210 1622 dici.
233 1593 370 1624 verbum
394 1595 617 1625 assentientis.
664 1595 751 1626 Nam
768 1595 862 1625 addit

131 1635 297 1676 Quintus:
311 1636 388 1668 Non
398 1638 552 1677 equidem
565 1640 735 1669 assentiar.
749 1639 767 1656 ¹*
776 1638 861 1669 Phil.

132 1687 163 1708 v.
191 1682 239 1714 17.
269 1681 411 1719 majores
435 1683 553 1720 nostri,
577 1688 704 1713 veteres
729 1682 777 1712 illi
800 1683 859 1712 ad-

127 1723 266 1761 -modum
280 1725 421 1764 antiqui.

174 1767 342 1798 Admoveo.
374 1768 470 1799 Brut.
488 1771 540 1801 54.
570 1769 740 1800 admovere
758 1771 860 1800 orati-

131 1819 233 1841 onem
255 1812 417 1842 sensibus.
434 1813 455 1843 i.
471 1823 500 1844 c.
515 1813 624 1843 faeere
648 1818 686 1843 ut
702 1815 770 1844 vim
785 1823 859 1844 sen-

130 1854 221 1885 tiant
235 1854 416 1886 auditores.

173 1897 460 1930 Admurmuratio.
485 1900 520 1930 in
531 1900 693 1932 irrisione.
708 1900 801 1931 Verr.
815 1901 857 1931 iv.

135 1942 184 1972 12.
208 1951 239 1972 v.
261 1942 309 1972 16.

174 1985 370 2016 Adolescens.
395 1985 435 2015 de
450 1985 586 2017 homine
609 1989 662 2018 40.
679 1996 857 2025 annorum,

131 2027 166 2058 in
179 2027 290 2059 Caecil.
301 2034 332 2064 9.
351 2029 398 2059 M.
412 2029 584 2060 Caecilium
595 2030 732 2061 fratrem
744 2036 857 2068 tuum,

129 2070 350 2102 lectissimum
368 2080 468 2112 atque
484 2075 735 2104 ornatissimum
752 2075 858 2105 adole-

128 2120 277 2146 scentem.
291 2116 372 2147 Erat
383 2122 496 2146 autem
515 2126 638 2157 praetor
652 2117 857 2157 designatus.

71 2162 73 2164 ’
129 2157 215 2189 Phil.
230 2160 263 2190 ii.
279 2160 333 2190 46.
363 2169 398 2190 se
421 2160 648 2192 adolescentem
671 2166 780 2198 vocat,
811 2161 859 2191 lo-

129 2211 235 2241 quens
264 2202 305 2233 de
335 2203 511 2234 consulatu
537 2214 608 2234 suo.
645 2203 743 2235 Catil.
774 2205 795 2234 i.
827 2208 857 2235 8.

128 2252 318 2277 senatorem
349 2247 500 2277 Sextium
532 2249 566 2278 in
597 2252 716 2279 senatu
752 2248 858 2280 adole-

126 2294 267 2320 scentem
281 2289 385 2321 dedit.

170 2333 344 2374 Αᾰφίανε.
374 2334 469 2365 Brut.
491 2338 539 2369 19.
570 2335 624 2374 qui
642 2334 732 2367 hunc
749 2335 857 2366 mino-

128 2385 199 2407 rem
217 2376 405 2418 Scipionem
423 2388 442 2408 a
458 2378 573 2410 Paullo
594 2378 769 2419 adoptavit.

169 2420 363 2460 Adoptatus.
387 2422 429 2452 ad
445 2422 522 2453 Div.
540 2422 668 2457 xvi.‘21‚.
693 2421 856 2452 adventus

127 2464 402 2503 adoptatissimus.
445 2465 498 2495 Sic
515 2465 611 2495 edere
629 2466 729 2505 coepit
743 2465 858 2495 Victo-

126 2507 195 2538 rius
210 2518 220 2545 ;
245 2507 302 2539 sed
318 2509 384 2539 vid.
403 2514 518 2539 notam
537 2514 683 2539 nostram
701 2508 744 2538 ad
760 2508 793 2539 h.
810 2508 832 2539 1.

169 2550 384 2591 Adpromitto.
403 2552 499 2583 Rosc.
512 2553 550 2587 Α.
563 2556 594 2587 9.
613 2562 690 2582 cum
703 2553 751 2582 ita
763 2552 855 2582 futu-

125 2603 202 2627 rum
218 2593 258 2625 T.
274 2595 414 2626 Roscius
429 2597 683 2636 adpromz'tteret.
698 2596 718 2625 i.
735 2607 763 2625 e.
781 2605 855 2636 pro-

126 2638 278 2669 mitteret
290 2639 438 2680 insuper,
448 2649 521 2679 quae
536 2639 768 2680 Chrysogonus
779 2648 854 2679 pro-

125 2681 294 2720 mitteret,
317 2682 456 2722 futura3
483 2683 570 2714 unde
594 2693 648 2723 ap.
670 2682 774 2712 ‹lCtos
797 2681 855 2712 ad-

124 2725 354 2764 promissores,
377 2726 418 2756 de
448 2727 566 2766 quibus
591 2737 622 2757 v.
649 2725 853 2758 Salmas.'de

125 2766 215 2797 mod.
232 2777 324 2800 usur.
341 2780 372 2810 p.
389 2773 464 2805 709.

165 2810 303 2852 Atlrepo.
338 2812 432 2844 Verr.
465 2814 512 2844 iii.
540 2814 592 2845 68.
629 2813 782 2854 adripere
812 2811 854 2842 ad

124 2853 320 2886 amicitiam.
351 2856 527 2896 paullatim
558 2867 593 2889 se
618 2857 788 2888 insinuare
819 2856 853 2886 in

124 2897 320 2931 amicitiam.
336 2899 397 2932 διε.

1560 109 1630 148 181

955 200 1144 233 Adscenms.
1175 203 1284 235 Plane.
1300 206 1352 235 25.
1384 206 1496 238 multis
1522 213 1572 239 cst
1595 210 1629 240 in

913 243 1036 274 virtute
1053 246 1231 277 adscensus.

955 287 1107 336 Adsciseo.
1123 290 1221 320 Dom.
1234 292 1285 321 36.
1301 291 1472 322 adscisco-e
1484 292 1612 325 laudem
1617 318 1628 334 ‚

910 332 1122 370 sapientiam.
1216 339 1222 344 “

954 374 1114 404 Adri-ribo.
1145 375 1184 404 dc
1208 375 1287 414 ch.
1313 377 1333 405 i.
1355 377 1385 406 G.
1415 387 1466 406 me
1498 388 1625 418 quoque

909 417 1052 448 adscribe
1075 418 1184 448 fratris
1206 420 1391 449 sententia».
1416 421 1525 451 Rabir.
1548 422 1580 451 Ρ.
1601 427 1626 454 1.

909 461 1073 491 adscribat
1089 461 1129 491 ad
1145 472 1242 492 suum
1259 463 1417 498 iudicium
1435 474 1542 494 mcum
1555 475 1627 495 svn-

908 505 1062 535 tentiam.
1096 505 1178 536 Phil.
1208 506 1241 535 ii.
1266 508 1317 535 32).
1348 506 1527 537 adscribere
1555 518 1627 547 per-

909 547 996 579 fidiae
1013 548 1153 585 alicujus
1168 558 1261 578 suam
1280 548 1500 579 voluntatem.

950 592 1142 632 Adscriptio.
1174 592 1294 623 Coeciu.
1318 595 1370 622 33.
1397 593 1564 631 signifieat
1580 595 1625 632 id,

907 635 994 674 quod
1008 635 1211 675 adscriptum
1229 642 1292 672 est,
1308 641 1345 665 ut
1361 637 1521 675 exceptio.

949 679 1189 718 Adscripticins.
1220 679 1263 709 N.
1287 679 1329 709 D.
1355 679 1399 709 iii.
1418 682 1467 710 15.
1498 680 1571 710 novi
1593 686 1628 711 et

906 722 1099 762 adscriptieii
1115 723 1212 752 cives.

948 766 1145 805 Adseriptor.
1167 768 1242 796 Sen.
1255 776 1286 806 p.
1299 766 1379 797 Reti.
1392 769 1424 797 4.
1446 767 1628 806 adscriptor

907 809 940 838 in
971 819 1023 839 mc
1056 810 1270 840 restituendo.
1301 811 1321 840 i.
1351 820 1379 839 c.
1412 811 1467 849 qui
1499 811 1627 840 auctori

905 853 1127 883 restitutionis
1151 863 1232 883 meae
1254 862 1404 883 assensus
1420 858 1481 883 est.
1498 853 1576 893 Agr.
1594 854 1628 884 ii.

905 900 936 930 9.
961 897 1172 936 adseriptores
1189 896 1282 936 legis,
1299 903 1376 926 sunt
1393 897 1627 937 approbatores

905 949 922 968 c
935 939 1074 979 collegio
1087 941 1273 977 tribunitio,
1286 941 1341 979 qui
1355 950 1422 970 una
1435 950 1512 970 eum
1528 939 1627 971 Rullo

901 983 1071 1014 ferendam
1087 991 1287 1014 statuerant.

944 1027 1117 1066 ,dds-pergo.
1149 1027 1190 1057 ad
1213 1027 1288 1057 Div.
1307 1027 1348 1058 vi.
1365 1028 1395 1058 6.
1424 1026 1541 1057 leviter
1568 1028 1627 1058 ad-

900 1080 1034 1110 spersas.
1061 1071 1082 1101 i.
1099 1081 1127 1100 e.
1146 1071 1350 1110 perstrictus.
1375 1071 1496 1100 Caecin.
1514 1071 1544 1101 6.
1568 1071 1627 1102 ad·

900 1115 1051 1153 sporgere
1073 1113 1237 1144 sextulam
1262 1113 1370 1144 alicui.
1395 1115 1416 1144 i.
1433 1124 1462 1144 e.
1477 1113 1567 1151 dare,
1585 1114 1628 1144 do

902 1167 936 1186 re
952 1167 1062 1197 parva.
1088 1157 1128 1187 ad
1142 1157 1206 1197 Qu.
1225 1157 1274 1188 Fr.
1288 1158 1320 1187 ii.
1338 1160 1384 1187 10.
1407 1157 1548 1197 epistola
1563 1157 1627 1187 hoc

901 1201 1059 1240 adspersit
1076 1200 1248 1230 molestiae.

943 1245 1138 1284 Adspiratio.
1162 1244 1241 1275 Nat.
1261 1244 1301 1274 D.
1324 1244 1356 1274 ii.
1374 1246 1425 1274 33.
1448 1244 1626 1283 adspiratio

902 1288 1003 1318 aeris:
1036 1288 1169 1318 emissio
1197 1288 1280 1318 aeris
1306 1297 1324 1317 c
1351 1287 1565 1327 pulmonibus
1591 1292 1627 1317 ct

901 1341 969 1369 ore,
987 1336 1024 1362 ut
1040 1332 1129 1372 capit
1144 1332 1247 1361 etiam
1264 1331 1381 1361 Heins.
1397 1330 1438 1360 ad
1451 1331 1627 1370 Virg.AEn.

903 1385 933 1405 x.
958 1378 1031 1410 291.
1061 1376 1112 1405 Sic
1129 1375 1270 1405 adflatus
1287 1374 1410 1404 dicitur
1431 1373 1528 1405 Ovid.
1547 1374 1627 1405 Her.

907 1420 955 1448 1⁶2.
978 1421 1030 1450 44.
1055 1429 1084 1449 ν.
1100 1423 1133 1449 ct
1151 1419 1184 1448 in
1201 1418 1344 1458 adspirO.

945 1463 1090 1503 Adspiro.
1131 1463 1297 1502 pervenio,
1329 1460 1460 1491 accedo.
1489 1460 1626 1492 Tuscul.

901 1516 930 1536 v.
958 1509 988 1537 5.
1026 1507 1060 1536 in
1088 1505 1268 1545 equuleum
1293 1514 1360 1535 non
1385 1505 1535 1544 adspirat
1558 1505 1627 1534 vita.

902 1549 1011 1580 beata.
1032 1549 1112 1580 Sull.
1130 1552 1177 1580 18.
1191 1550 1332 1588 quitum
1345 1547 1627 1588 dicataclspirasse

903 1593 937 1623 in
957 1603 1113 1633 campum
1131 1592 1268 1623 Sullam.
1293 1591 1335 1622 cf.
1352 1592 1415 1621 Pis.
1432 1594 1462 1622 5.
1488 1592 1507 1609 ¹⁶
1520 1591 1562 1628 N.
1580 1591 1624 1621 D.

902 1637 935 1667 ii.
959 1640 1011 1668 55.
1042 1636 1217 1677 pulmones
1240 1646 1274 1665 se
1297 1634 1502 1666 contrahunt
1517 1635 1626 1674 adspi-

901 1685 1023 1711 rantes.
1039 1681 1059 1710 i.
1075 1690 1104 1710 e.
1121 1683 1198 1710 aera
1213 1680 1420 1709 emittentes.

944 1724 1181 1764 Adstipnlator.
1205 1723 1314 1753 Pison.
1332 1727 1363 1756 9.
1391 1721 1447 1762 qui
1464 1721 1541 1758 isto,
1559 1729 1625 1751 non

902 1767 1000 1797 modo
1030 1771 1275 1807 propugnatore
1304 1776 1338 1795 se
1367 1765 1542 1801 tutiorem,
1568 1764 1627 1794 sed

901 1811 1059 1841 advocato
1087 1816 1146 1840 aut
1169 1811 1403 1848 adstipulatore
1424 1807 1625 1848 paratiorem

901 1854 970 1884 fore
991 1861 1137 1894 putaret.
1162 1853 1204 1883 cf.
1219 1853 1335 1893 Quint.
1356 1855 1404 1882 18.
1436 1851 1495 1881 Est
1511 1858 1625 1880 autem

901 1899 1128 1938 adstipulatm·,
1147 1898 1202 1936 qui
1227 1897 1260 1926 in
1282 1906 1315 1925 re
1340 1895 1494 1935 praescnti
1512 1898 1575 1930 est,
1592 1901 1627 1923 et

900 1952 969 1971 una
994 1942 1081 1971 idem
1105 1950 1166 1981 pro
1187 1940 1303 1970 eodem
1328 1937 1522 1978 stipulatur,
1547 1946 1624 1966 cum

901 1985 974 2024 quis
996 1985 1058 2015 sibi
1081 1984 1262 2024 stipulatur
1285 1981 1421 2021 aliquid,
1440 1991 1468 2010 v.
1486 1979 1625 2010 Salmas.

901 2029 991 2059 Mod.
1009 2028 1106 2058 Usur.
1124 2038 1156 2068 p.
1173 2031 1247 2061 709.
1265 2029 1340 2059 710.
1364 2026 1382 2043 *
1394 2023 1495 2054 Acad.
1511 2023 1552 2052 iv.
1568 2025 1622 2054 21.

898 2072 1085 2102 Stoicorum
1108 2071 1322 2111 adstipulator
1340 2067 1536 2098 Antiochus.
1555 2075 1625 2096 me-

898 2116 1081 2156 taplioriee.

942 2159 1099 2190 Arlstitno.
1133 2157 1213 2187 Her.
1231 2156 1277 2186 iii.
1292 2158 1344 2187 20.
1370 2154 1426 2184 ubi
1443 2153 1508 2183 vid.

943 2203 1129 2240 Adstm'ngo.
1166 2202 1236 2230 Att.
1268 2210 1298 2229 x.
1329 2199 1359 2229 6.
1399 2203 1493 2237 pater
1524 2196 1624 2227 nimis

899 2246 1088 2285 indulgens,
1112 2242 1269 2284 quicquid
1292 2252 1354 2281 ego
1376 2241 1552 2277 adstrinxi,
1574 2249 1626 2269 re-

900 2289 1000 2319 laxat.
1022 2288 1122 2319 Tusc.
1139 2288 1184 2318 iii.
1202 2288 1232 2318 6.
1263 2285 1404 2316 breviter
1418 2284 1625 2321 adstringere

899 2339 1108 2372 argumenta.
1134 2331 1204 2361 Fat.
1222 2332 1270 2361 14.
1283 2329 1406 2359 arctius
1417 2327 1624 2365 adstringere

899 2377 1076 2413 rationem,
1092 2375 1126 2406 h.
1149 2384 1178 2404 e.
1203 2374 1251 2404 ita
1272 2380 1469 2413 proponere,
1487 2375 1525 2400 ut
1548 2369 1622 2410 plus

899 2419 1019 2450 valeat.
1046 2419 1183 2458 Quinc-t.
1200 2420 1230 2448 5.
1249 2416 1455 2453 adstringere
1477 2413 1622 2452 aliquem

898 2464 965 2494 suis
989 2461 1248 2497 conditionibus,
1264 2460 1286 2490 i.
1303 2469 1333 2488 e.
1353 2458 1475 2494 facere,
1491 2461 1530 2486 ut
1546 2465 1625 2486 con-

899 2507 1042 2542 ditiones
1065 2505 1214 2544 accipere
1238 2507 1388 2542 cogatur.
1413 2500 1476 2530 Off.
1500 2500 1547 2530 iii.
1570 2500 1623 2530 32.

897 2550 987 2580 fraus
1006 2549 1183 2586 adstringit
1204 2546 1402 2587 perjurium,
1419 2552 1484 2574 non
1508 2541 1623 2591 dissol-

898 2595 957 2631 vit,
969 2594 989 2623 i.
1003 2603 1031 2623 e.
1045 2598 1159 2631 auget.
1181 2590 1293 2621 Plane.
1305 2592 1357 2620 30.
1370 2587 1467 2618 officii
1484 2592 1624 2616 servitu-

896 2644 965 2667 tem
981 2637 1186 2674 adstringere
1200 2631 1394 2664 testimonio
1407 2629 1622 2670 sempitcrno.

897 2679 977 2710 Sull.
996 2682 1048 2714 ⁶29.
1071 2678 1235 2716 adstringi
1249 2675 1384 2706 scelere.
1418 2673 1471 2703 Sic
1487 2678 1522 2702 et
1539 2670 1621 2702 Phil.

897 2725 937 2754 iv.
951 2726 981 2754 4.
1004 2724 1024 2741 Ῥ
1034 2722 1135 2752 Tusc.
1150 2721 1195 2752 iii.
1209 2721 1240 2751 6.
1259 2718 1403 2750 breviter
1416 2716 1621 2754 aihta-ingere

894 2772 1104 2808 argumenta.
1487 2803 1492 2808 ι

938 2811 1133 2841 Acis-erictus.
1156 2807 1252 2838 Brut.
1270 2809 1322 2837 31.
1345 2804 1529 2835 adstrictior
1549 2810 1622 2831 ora·

894 2855 943 2885 tio
957 2853 1158 2884 Stoicorum.
1182 2851 1204 2881 i.
1220 2861 1248 2880 e.
1265 2848 1436 2880 concisior.
1461 2846 1518 2876 Or.
1532 2845 1554 2876 i.
1572 2844 1620 2875 16.

895 2897 1043 2929 numeris
1059 2896 1242 2928 adstrictior
1256 2896 1355 2935 poeta
1368 2895 1510 2922 oratore.

934 2944 990 2973 1⁴8
