1804 3178
574 109 716 137 ΙΝΒΕΧ
752 110 1043 138 LA'mNiTATm.

45 199 209 228 §numere
224 196 348 229 dieitur
363 199 466 229 etim
481 196 545 227 hoc
565 206 664 227 sensu
689 206 779 227 com-

51 248 166 281 parare
181 251 226 271 se.

96 283 366 321 lustramentum,
381 284 533 320 materia,
544 282 697 313 facultas.
715 283 779 313 Ra-

49 326 110 357 bir.
150 328 238 359 Post.
269 332 299 359 2³.
343 330 599 358 instrumentum
638 327 779 357 bonitati

50 379 208 410 qua-rere.
242 371 340 402 Catil.
364 372 396 401 ii.
418 375 447 401 5.
477 372 695 400 instrumenta
720 371 783 400 vir-

49 415 146 452 tutis,
175 421 254 445 sunt
285 415 371 445 bona
394 414 571 450 naturalia,
596 414 714 453 quibus
743 413 784 444 ad

49 459 208 488 virtutem
232 458 363 488 facilius
388 458 589 498 pervcnitur.
623 457 663 487 ad
687 458 782 488 Brut.

56 503 107 533 15.
143 503 360 532 instrumenta
389 502 492 539 regia,
521 507 600 530 sunt
630 501 783 538 honores,

50 545 204 585 imperia,
219 545 337 584 quibus
360 544 548 574 abutuntur
570 544 719 574 homiues
742 544 783 575 ad

51 587 314 619 dominationem
331 588 525 628 pamndam.

97 631 226 669 Iuncta,
243 631 283 661 de
307 632 418 668 domo,
434 642 454 661 a
477 631 570 661 nulla
591 636 686 671 parte
710 630 782 661 aliis

51 674 179 706 edibus
197 675 331 714 juncta,
355 676 422 705 sive
447 676 570 715 potiuS‚
593 675 633 705 de
660 674 784 705 aedibus

51 717 202 759 pluribus
226 719 356 758 junctis
388 719 488 749 unius
518 718 658 755 domini,
682 723 716 748 et
743 718 783 748 ab

51 762 145 792 omni
174 771 270 802 parte
300 762 424 792 liberiS.
463 761 543 792 Coel.
575 766 607 796 7.
637 762 783 791 insulam

52 814 123 835 esse
152 805 317 836 venalem.
354 806 420 837 Off.
452 806 496 835 iii.
532 805 582 836 16.
625 805 786 834 Claudius

52 849 247 889 proscripsit
268 850 423 880 insulam.
453 849 496 879 cf.
521 848 594 878 Pin.
617 849 651 878 11.
673 848 725 878 ⁶26.
755 858 785 878 v.

51 892 160 923 Graev.
177 897 212 922 et
228 893 361 924 Manut.
384 892 426 923 ad
441 891 522 922 Coel.
538 895 570 926 7.

101 935 282 967 Insulsitas.
305 936 376 967 Att.
389 946 419 966 v.
435 939 485 966 11.
508 936 721 966 insuavitatem
740 935 785 965 rei

53 979 150 1010 serre.
175 979 253 1010 ibid.
270 980 339 1010 xiii.
355 982 408 1014 99.
431 980 596 1010 insulsitas
612 978 709 1008 villae.

99 1023 241 1062 Integer.
272 1022 315 1053 ad
337 1023 412 1054 Div.
429 1033 459 1053 v.
484 1025 536 1054 2²0.
567 1022 641 1052 coll.
664 1022 721 1052 Or.
739 1022 785 1052 iii.

52 1068 85 1097 4.
116 1075 168 1096 res
198 1069 250 1097 est
273 1066 309 1096 111
332 1068 474 1106 integro.-
510 1067 559 1096 ita
584 1066 718 1102 dicitur,
750 1072 789 1096 ut

55 1119 157 1140 causa.
178 1111 321 1149 integra.
352 1111 395 1140 ad
417 1111 493 1140 Div.
515 1110 537 1140 i.
566 1112 594 1140 l.
625 1108 789 1139 ¹*inviola-

55 1152 129 1184 bilis
144 1153 196 1183 vel
212 1153 400 1184 inviolatus.
423 1154 518 1184 Rosc.
536 1154 573 1183 A.
590 1155 642 1183 33.
667 1153 723 1191 jus
738 1154 789 1182 in-

55 1200 198 1236 tegrum.
229 1197 302 1227 ¹'ad
324 1198 399 1228 Div.
423 1208 454 1227 x.
470 1201 500 1228 8.
530 1196 572 1226 ad
594 1197 788 1226 societatem

28 1242 341 1280 ·integert·im0rum
371 1241 593 1282 periculorum
620 1239 787 1270 accedere.

55 1283 142 1315 ‘On
166 1284 199 1314 ii.
223 1287 276 1316 45.
307 1286 445 1323 integroe
469 1284 665 1314 sententiae:
702 1282 734 1313 h.
761 1292 790 1313 e.

58 1327 152 1358 nullo
174 1327 251 1358 fuco
275 1333 451 1368 corruptae.
482 1328 589 1358 *Dim
614 1327 634 1357 i.
658 1328 710 1360 ⁶29.
740 1327 791 1356 in-

61 1373 148 1410 tegri
169 1378 387 1412 opponuntur
410 1371 545 1412 repletis
563 1372 636 1407 *iam
662 1370 735 1400 cibo
758 1376 793 1399 et

60 1421 154 1456 potu.
171 1416 231 1452 sie,
244 1417 375 1454 integ-ra
391 1415 510 1452 fames,
523 1414 564 1444 ad
578 1415 653 1444 Div.
667 1414 709 1444 ix.
727 1414 780 1444 90.

103 1459 341 1498 Intelligentia‚
367 1459 469 1488 notio.
503 1458 587 1497 Top.
612 1461 643 1488 5.
672 1458 793 1487 inlelli-

57 1504 172 1541 gentia
189 1502 361 1542 impressa.
384 1502 427 1531 cf.
444 1501 524 1540 Leg.
542 1502 564 1530 i.
581 1505 612 1535 9.
633 1503 682 1531 10.
711 1501 793 1529 *ca-

60 1551 150 1586 ptus.
174 1545 255 1585 Leg.
272 1546 293 1576 i.
314 1546 362 1576 16.
386 1546 481 1576 Orat.
499 1546 520 1575 i.
534 1548 585 1575 58.
608 1545 792 1582 intelligen-

59 1591 107 1620 tia
123 1589 323 1620 communis.
350 1590 408 1619 Or.
425 1592 478 1620 33.
503 1589 720 1627 intelligentia
736 1597 794 1627 po-

61 1631 201 1673 pularis,
231 1633 414 1673 opponitur
441 1632 620 1669 subtiliori,
651 1640 724 1670 quae
754 1640 792 1660 ex

59 1681 132 1707 arte
156 1676 294 1716 petitur.
323 1676 402 1706 binc
425 1676 643 1714 intelligentia
666 1673 793 1715 simpli-

62 1721 147 1750 citer
169 1720 260 1750 Verr.
284 1719 324 1750 iv.
350 1722 402 1751 21.
429 1720 590 1750 tribuitur
611 1719 655 1755 ci,
672 1718 727 1757 qui
752 1717 792 1747 de

62 1773 98 1794 re
115 1763 225 1802 aliqua
241 1763 324 1793 bene
341 1763 487 1802 judicat,
501 1769 663 1801 tanquam
679 1761 718 1791 de
742 1766 794 1790 ta-

61 1807 162 1844 bulis,
173 1807 257 1837 vasis
273 1807 399 1837 caelatis
416 1807 475 1837 &c.
499 1806 616 1836 eodem
633 1804 730 1834 niodo
746 1804 795 1834 di-

65 1851 154 1881 citur
169 1851 274 1880 etiam

110 1895 307 1933 Intelligere.
331 1893 425 1924 verr.
442 1893 484 1924 iv.
505 1895 553 1923 14.
566 1893 597 1922 2.
622 1891 665 1922 cf.
679 1891 796 1922 Burm.

64 1938 106 1968 ad
129 1938 267 1968 Sueton.
284 1937 323 1967 de
346 1937 533 1967 Grammat.
556 1946 586 1966 c.
614 1938 662 1965 10.
691 1935 711 1953 ¹*
725 1934 796 1965 lnv.

63 1982 154 2016 1.’39.
184 1982 384 2020 intelli-gitur
407 1991 449 2010 ex
469 1989 526 2019 se3
549 1979 590 2009 dc
610 1979 798 2016 axiomatis,

69 2034 143 2065 quae
161 2024 258 2055 hodie
274 2031 447 2055 vocantur.

115 2069 348 2108 Intemperans.
373 2067 475 2098 Tuse.
492 2067 525 2097 ii.
545 2069 594 2100 17.
619 2068 670 2095 est
683 2066 800 2096 intem-

60 2122 186 2155 perans
201 2111 354 2142 militaris
371 2111 404 2141 in
421 2110 499 2141 forti
513 2111 583 2140 viro
598 2108 714 2148 gloria.

63 2181 69 2187 .
117 2156 297 2194 Intendere,
313 2155 354 2186 de
377 2165 429 2192 co,
445 2153 534 2193 quod
556 2153 629 2192 quis
654 2151 802 2182 instituit

66 2200 178 2230 facere
193 2200 227 2230 in
251 2208 450 2238 quocunque
475 2206 606 2237 genere.
635 2196 694 2226 Or.
711 2195 733 2226 i.
748 2197 801 2227 20.

67 2246 120 2276 31.
153 2243 199 2281 111,
215 2242 303 2283 quod
325 2243 574 2277 intenderemus,
592 2239 802 2270 confirmare.

70 2298 101 2317 v.
119 2287 279 2318 Intentio.
301 2286 419 2326 Quint.
431 2287 483 2319 2⁷9.
507 2293 620 2324 quem,
636 2282 802 2322 quomodo

70 2341 161 2362 nunc
185 2330 335 2367 intendit,
360 2339 401 2359 ne
430 2329 463 2358 in
489 2329 640 2358 vivorum
666 2325 801 2365 quidem

70 2376 212 2405 numero
247 2379 323 2404 tum
362 2373 571 2403 demonstrat
605 2370 717 2400 fuisse.
761 2368 804 2400 ad

72 2418 149 2449 Div.
164 2418 186 2448 i.
201 2419 233 2449 2.
264 2417 379 2458 Lupus
401 2415 566 2446 intendere
587 2414 701 2453 coepit,
725 2416 803 2443 ante

70 2470 104 2492 se
133 2467 286 2502 oportere
316 2460 550 2491 discessionem
579 2457 708 2487 facere:
745 2456 803 2486 ubi

71 2504 204 2536 videtur
217 2514 288 2535 esse
303 2514 364 2545 pro
382 2502 596 2533 contendere.
625 2501 651 2530 si
668 2499 802 2539 quidem

72 2547 173 2579 lectio
188 2557 272 2579 sana.
285 2553 347 2579 est.
372 2547 449 2578 ibid.
468 2547 536 2576 viii.
552 2548 583 2576 4.
611 2554 645 2574 se
659 2543 804 2574 intende-

72 2595 153 2623 rant
182 2591 383 2623 adversarios
414 2591 448 2620 in
477 2589 687 2619 tribunatum
714 2586 803 2625 ejus:

75 2634 109 2666 h.
125 2645 155 2666 e.
169 2635 365 2666 institerant
381 2633 582 2665 adversarios
597 2641 632 2661 se
647 2630 805 2671 praebere.

122 2678 272 2710 Intentio.
310 2678 382 2709 lnv.
411 2678 433 2708 i.
463 2681 512 2708 10.
536 2674 626 2715 apud
656 2673 804 2704 rhetores

75 2721 158 2762 quid
171 2721 239 2752 sit?

120 2765 280 2796 Intentus.
296 2765 491 2796 Verr.v.31.
507 2760 726 2794 tabernacula
737 2769 809 2790 car-

74 2809 183 2839 baseis
205 2809 332 2839 intenta
351 2808 453 2839 velis:
486 2806 574 2846 quod
593 2805 807 2836 Burmannus

77 2852 119 2882 ad
144 2851 262 2892 Virgil.
286 2852 363 2883 AEn.
390 2852 434 2883 iv,
461 2852 535 2882 506.
566 2850 809 2888 interpretatur

75 2898 178 2927 tecta.
211 2895 318 2926 Possis
333 2900 449 2927 tamen
465 2895 568 2927 etiam
585 2892 733 2934 accipere
749 2899 808 2932 pro

1465 106 1540 142 ³31

820 203 931 227 tenta:
968 202 1005 228 ut
1032 197 1173 229 dicimus
1197 200 1333 231 tendere
1359 210 1486 238 arcum,
1509 207 1544 232 ct

825 240 1008 271 intendere.
1201 265 1205 270 .

870 284 969 315 Inter.
1002 284 1097 315 Rosc.
1128 284 1164 314 Α.
1197 289 1226 316 5.
1257 287 1423 326 judicium
1460 289 1546 317 inter

822 328 975 357 sicarios:
1000 327 1143 358 formula
1159 329 1307 368 antiqua,
1324 340 1394 369 pro,
1410 330 1450 360 de
1466 331 1549 360 sica·

825 372 885 408 rio,
901 371 940 401 (1(-
957 371 1046 401 caedc
1065 380 1130 400 reo.
1162 371 1244 401 Pliil.
1262 373 1294 402 ii.
1311 376 1342 403 4.
1367 376 1451 403 inter
1469 374 1552 403 sica-

826 415 890 445 rios
907 414 1084 445 defendere
1100 413 1262 453 aliquem:
1287 415 1319 445 h.
1333 427 1362 445 e.
1378 426 1471 446 reum
1488 426 1551 446 οω-

825 458 884 488 dis.
916 459 1007 498 ‘pro
1031 467 1101 499 per,
1124 458 1163 487 de
1188 464 1347 497 tempore.
1378 459 1451 489 Aet.
1471 460 1491 489 i.
1518 461 1551 490 in

828 502 918 532 verr.
940 505 988 532 13.
1013 503 1100 532 inter
1115 501 1229 531 decem
1246 510 1363 538 annos,
1380 506 1553 541 postquam

828 546 888 576 &cu
913 555 971 585 per
986 545 1101 576 decem
1118 544 1190 575 illos
1206 554 1322 580 annos,
1339 545 1456 583 quibus
1474 546 1535 576 ἃς.

872 588 1118 620 Inter-urescere.
1148 589 1248 619 Tusc.
1269 598 1299 617 v.
1322 591 1368 619 14.
1400 587 1482 618 nihil
1507 589 1555 617 in-

827 637 1022 663 term-escere
1037 632 1135 663 debet
1153 641 1282 668 eorum,
1298 631 1332 662 in
1357 631 1474 670 quibus
1490 631 1559 661 vita

830 676 928 706 beata
943 677 1106 706 consistit.

874 720 1086 755 Imm-calare,
1113 719 1200 749 divin
1228 728 1332 748 unum
1362 726 1421 748 aut
1449 717 1564 758 plures·

829 763 996 799 inserere;
1020 761 1107 801 quod
1134 763 1246 798 fiebat,
1275 766 1311 791 ut
1340 771 1449 791 annus
1480 771 1559 791 cum

829 806 956 836 ratione
972 805 1044 836 coeli
1062 814 1271 843 congrueret.
1299 815 1328 834 v.
1341 805 1434 834 Verr.
1450 805 1484 834 ii.
1503 806 1557 835 52.

833 849 904 880 Att.
923 850 964 879 vi.
986 853 1011 880 1.
1035 850 1127 889 quasi
1144 851 1373 878 inem-calatum
1391 857 1457 877 non
1474 849 1529 878 sit.

875 893 1100 930 Intercalaiis,
1117 892 1342 922 intercalatus.
1371 891 1488 932 Quint.
1505 892 1558 921 25.

830 942 908 967 ante
939 947 967 965 v.
986 936 1152 966 Kalendas
1177 937 1398 966 intercalares,
1433 933 1562 963 lntelli-

829 989 868 1019 ge
893 980 932 1009 de
958 979 1116 1010 Kalendis
1148 980 1268 1009 mensis
1295 979 1494 1014 intercalati,
1517 987 1557 1007 ex

827 1024 986 1053 instituto
1016 1023 1133 1054 Numae
1149 1035 1156 1052 :
1188 1022 1227 1052 de
1253 1032 1318 1061 qua
1334 1031 1367 1051 re
1386 1021 1446 1051 vid.
1461 1030 1561 1060 quem

830 1067 917 1097 adh.
934 1066 958 1096 l.
981 1067 1095 1096 laudat
1119 1066 1279 1102 Graevius,
1306 1065 1449 1094 Gronov.
1479 1065 1559 1095 obs.

832 1110 865 1140 ii.
886 1113 934 1141 18.
980 1110 1044 1139 Sed
1059 1110 1129 1147 ejus
1155 1115 1304 1138 mentem
1322 1118 1359 1138 ex
1377 1108 1558 1138 Graevianis

833 1154 938 1183 verbis
956 1154 1007 1183 vix
1025 1154 1148 1183 tirones
1167 1153 1245 1182 satis
1263 1151 1462 1190 intelligant.
1503 1150 1563 1181 Est

831 1202 947 1227 autem
973 1196 1062 1227 haec:
1096 1197 1212 1226 Annus
1238 1196 1358 1226 Numae
1388 1200 1459 1224 erat
1486 1197 1563 1225 355.

832 1240 986 1270 dierum:
1020 1250 1060 1270 ex
1091 1249 1156 1279 quo
1184 1239 1352 1274 instituto,
1380 1238 1457 1276 quia
1485 1243 1562 1267 octo

834 1293 1001 1314 annorum
1027 1284 1134 1324 spatio
1151 1286 1203 1317 90.
1220 1282 1289 1312 dies
1316 1281 1488 1312 aberrabat
1505 1290 1563 1310 311-

835 1336 897 1357 nus
913 1337 932 1357 a
947 1336 1047 1357 cursu
1076 1326 1166 1363 solis,
1192 1325 1250 1356 hos
1274 1329 1326 1360 90.
1343 1324 1412 1354 dies
1428 1325 1462 1353 in
1482 1333 1563 1363 qua-

835 1375 912 1400 tuor
939 1380 1068 1400 menses
1095 1371 1318 1406 intercalares,
1332 1369 1399 1398 sive
1426 1367 1563 1398 Merke-

835 1413 964 1451 (1011105,
988 1414 1163 1454 descripsit
1188 1413 1314 1450 Numa,
1340 1411 1423 1441 duos
1445 1411 1563 1441 binum

839 1458 902 1498 (ita
925 1457 1068 1488 Gronov.
1105 1456 1170 1487 Sed
1197 1456 1296 1486 debet
1320 1465 1411 1485 esse:
1437 1454 1536 1484 unius
1553 1465 1562 1483 t

836 1500 924 1540 quod
941 1500 1038 1531 aliter
1052 1510 1185 1530 summa
1204 1509 1271 1529 non
1294 1501 1436 1535 constat,
1454 1497 1515 1527 nisi
1532 1497 1565 1527 6.

836 1544 947 1581 horas,
971 1553 1045 1584 quae
1068 1549 1147 1574 sunt
1176 1553 1275 1583 super
1297 1543 1372 1573 365.
1399 1541 1480 1577 dies,
1506 1541 1567 1570 du·

835 1587 915 1625 caS.)
934 1587 1016 1618 duos
1031 1592 1167 1617 ternum
1182 1592 1216 1616 et
1232 1586 1348 1624 viginti
1365 1584 1508 1621 dierum,
1526 1589 1561 1613 et

834 1635 909 1671 post
929 1631 1100 1661 biennium
1118 1629 1378 1668 unumquodque
1395 1638 1433 1658 ex
1450 1627 1512 1664 liis,
1530 1631 1567 1657 et

836 1675 970 1714 quidem
1001 1674 1152 1711 alternis,
1183 1673 1280 1703 modo
1312 1681 1439 1712 parem,
1470 1669 1569 1701 niodo

839 1718 1013 1758 imparem,
1041 1714 1250 1757 interposuit.
1306 1715 1369 1746 Eos
1393 1724 1522 1744 menses
1549 1723 1570 1744 a.

837 1762 961 1792 Graecis
990 1762 1141 1791 inventos
1169 1760 1357 1790 induxerat.
1400 1758 1489 1798 Quia
1509 1767 1569 1788 311-

836 1809 907 1835 tem
930 1804 1037 1835 Graeci
1062 1809 1197 1834 tantum
1224 1805 1288 1834 354
1310 1803 1438 1832 dierum
1469 1800 1570 1830 facie·

838 1850 920 1879 bant
936 1857 1077 1885 annum,
1094 1852 1168 1887 post
1183 1847 1319 1876 tertium
1347 1843 1567 1881 oetaeum-ida,

840 1892 873 1922 11.
889 1902 918 1922 e.
933 1895 1009 1932 post
1023 1893 1140 1922 ‘bitum
1157 1900 1300 1926 annum,
1316 1889 1384 1918 dies
1400 1893 1495 1917 erant
1514 1888 1566 1917 (2-1.

839 1935 998 1976 superflui
1010 1935 1146 1971 Numae,
1157 1934 1191 1964 hi
1208 1933 1348 1968 scilicet,
1362 1941 1441 1970 quos
1457 1931 1570 1969 singu-

840 1979 878 2009 lis
894 1979 1003 2016 annis,
1021 1979 1054 2008 in
1083 1978 1241 2008 honorem
1268 1975 1402 2015 imparis
1421 1974 1565 2010 numeri,

843 2023 1020 2061 adjecerat.
1037 2022 1149 2060 itaque
1165 2021 1265 2050 tertia
1281 2017 1482 2049 oetaeteride
1500 2027 1567 2046 non

843 2069 898 2100 90.
929 2070 968 2096 ut
998 2065 1114 2105 primis
1144 2063 1271 2095 duabus
1300 2060 1571 2097 octaeueridibus,

845 2109 903 2140 sed
919 2109 971 2140 66.
995 2108 1065 2139 dics
1082 2107 1282 2148 interposuit
1299 2117 1306 2135 ε
1332 2114 1396 2144 quo
1413 2104 1502 2134 facto
1519 2113 1570 2133 so-

845 2152 911 2183 lem
928 2157 963 2182 et
976 2151 1091 2182 lunam
1105 2151 1147 2181 ad
1162 2150 1294 2181 casdem
1310 2154 1416 2178 metas
1434 2147 1571 2177 reduces

846 2196 999 2227 habebat.
1044 2194 1154 2234 Atque
1171 2194 1224 2224 hic
1241 2197 1292 2222 cst
1315 2191 1433 2231 Cyclus
1450 2190 1573 2221 Numae

845 2242 898 2271 214.
922 2248 1100 2276 annorum,
1126 2237 1166 2268 de
1182 2247 1246 2276 quo
1267 2241 1319 2266 est
1336 2233 1424 2274 apud
1440 2233 1573 2264 Livium

845 2283 866 2313 i.
883 2285 936 2314 20.
958 2281 977 2301 ¹*
993 2282 1035 2312 ad
1049 2282 1124 2312 Div.
1142 2281 1183 2310 vi.
1205 2283 1252 2311 14.
1267 2277 1412 2309 Kalend.
1435 2278 1575 2307 interca-

847 2328 934 2357 lares
963 2325 1099 2366 priores,
1139 2323 1238 2354 Hunc
1269 2323 1379 2352 locum
1421 2329 1501 2360 cape
1533 2319 1574 2350 de

848 2369 1017 2400 mensibus
1032 2368 1252 2399 intercalariis
1265 2365 1414 2396 Caesaris.
1439 2363 1483 2400 ls,
1497 2363 1576 2402 quia

847 2413 926 2443 anni
943 2412 1039 2450 ratio,
1056 2415 1193 2452 propter
1209 2408 1423 2440 intercalandi
1446 2406 1578 2437 licenti-

847 2466 916 2493 am,
932 2466 998 2496 qua
1014 2455 1192 2486 Pontifices
1209 2453 1259 2483 usi
1276 2457 1386 2488 erant,
1403 2450 1578 2490 perturba-

845 2504 883 2531 ta
911 2505 995 2537 erat,
1009 2499 1129 2538 etipse
1154 2498 1256 2527 fastos
1278 2494 1457 2526 emendare
1483 2493 1580 2523 insti·

846 2548 972 2581 tuerat,
990 2543 1096 2583 primo
1118 2540 1268 2571 instituit
1283 2547 1409 2569 annum
1432 2538 1495 2568 365
1512 2536 1581 2567 die·

849 2596 924 2616 rum
939 2599 949 2625 ·,
973 2584 1105 2621 deinde,
1124 2590 1162 2614 ut
1178 2590 1255 2613 ante
1273 2583 1305 2612 in
1322 2581 1475 2612 ordinem
1494 2580 1582 2610 redi-

851 2634 902 2660 ret
917 2639 1038 2666 annus,
1064 2628 1143 2658 fecit
1167 2635 1307 2662 annum,
1332 2633 1431 2664 quem
1460 2625 1582 2653 vocant

851 2672 1065 2703 confusionis,
1120 2671 1157 2701 ln
1179 2681 1219 2700 eo
1243 2672 1342 2700 erant
1356 2673 1423 2698 tres
1450 2675 1580 2697 menses

851 2717 1068 2752 intere-alarii,
1085 2715 1211 2754 primus
1237 2714 1277 2751 is,
1293 2712 1350 2751 qui
1367 2722 1406 2741 ex
1423 2710 1581 2740 instituto

852 2759 973 2790 Numae
991 2760 1025 2789 in
1042 2758 1137 2789 illum
1155 2766 1281 2788 annum
1308 2754 1476 2785 incidebat
1491 2765 1497 2782 :
1524 2751 1584 2782 de-

851 2802 929 2833 inde
946 2802 1011 2833 duo
1028 2802 1167 2832 Caesaris
1194 2799 1330 2839 integri,
1347 2796 1514 2836 interjecti
1530 2796 1583 2825 in-

851 2851 905 2876 ter
928 2845 1152 2876 Novembrem
1179 2848 1214 2875 et
1235 2842 1468 2874 Decembrem.
1493 2838 1587 2869 Prio-

851 2889 896 2922 πίε
930 2888 1089 2922 Kalendae
1119 2888 1219 2920 dieue
1256 2889 1337 2919 sunt
1365 2883 1584 2921 [mercatore
