1790 3219
571 85 721 116 ixnnx
747 83 1046 112 univiriam.

46 177 120 215 ἠὼ
128 175 423 207 infamia-vestros
431 176 559 206 animos
567 174 601 205 in
609 174 709 204 aliam
715 181 791 213 par-

48 221 331 252 tem—traducat.
347 220 553 255 ‘sumum-e,
565 217 712 256 exsequi.
729 216 788 246 At-

47 264 107 294 tie.
121 273 152 294 v.
162 268 194 298 9.
218 275 353 295 summa
368 262 571 294 abstinentia
586 269 709 291 munus
727 259 789 290 lioc

49 308 352 338 extraordinarium
361 308 580 338 traduc-emus.
595 306 612 322 '⁵
620 304 792 334 traducere

48 361 176 391 equum
191 352 352 382 dicuntur
367 351 510 389 equites,
527 358 604 378 cum
626 348 659 377 in
682 352 791 377 trans-

49 396 205 425 vectione
228 405 248 425 ι
271 403 419 431 censore,
444 401 511 422 non
535 391 670 421 ademto
693 401 791 430 equo,

49 444 241 469 transeunt.
272 438 406 468 Cluent.
430 439 482 466 48.
515 435 690 465 Arrii-anus
715 445 792 465 euin

51 489 140 512 esset
165 482 302 518 Censor,
325 487 359 510 et
382 480 417 510 in
441 480 595 519 equitum
628 489 729 509 censu
754 479 792 508 C.

51 525 202 556 Licinius
231 524 383 554 sacerdos
415 523 725 563 prodisset—dixit,
758 532 792 552 se

51 567 260 606 scirestllum
283 568 455 607 conceptis
479 568 585 597 verbis
610 568 791 607 pejerasse:

50 612 80 642 si
97 612 170 651 quis
185 617 304 642 contra
318 611 427 641 dicere
439 610 551 647 vellet,
562 620 700 641 usurum
715 620 792 640 eum

51 664 113 686 ouo
127 655 340 685 testimonio:
369 654 488 684 deinde
508 664 584 684 cum
603 661 721 684 contra
737 664 794 683 ne-

52 707 109 729 mo
145 698 286 736 diceret,
311 699 413 738 jussit
451 708 574 737 equum
612 698 794 728 traducere.

53 741 213 773 ‘traduci
236 751 287 772 est
311 743 410 772 etiam
437 742 470 772 in
490 741 741 782 adoptionibus:
766 741 793 771 si

54 786 128 825 quis
144 786 321 826 adoptione
340 787 377 816 lit
393 796 410 816 e
428 785 568 825 patricio
583 784 731 825 plebeius
748 785 792 815 le-

53 838 95 869 ne
109 830 250 860 curiata.
273 829 344 860 Att.
361 830 383 859 i.
406 832 454 860 18.

99 872 290 911 Traducta),
320 872 536 912 metonymia.
573 871 631 902 Or.
663 871 710 900 iii.
741 873 793 901 42.

52 924 96 947 ne
112 916 169 947 illa
182 917 317 956 quidem
334 917 496 947 traductio
513 921 611 954 atque
636 915 794 945 immuta-

53 961 102 991 tio
127 961 160 990 iu
184 961 283 990 verbo
306 960 366 990 ἃς.
398 969 457 1000 pro
484 959 570 989 Afris
601 964 652 989 est
682 965 796 989 sumta

53 1003 176 1034 Africa.
208 1004 348 1043 ‘figura
371 1003 406 1034 in
429 1004 548 1033 verbis.
578 1003 727 1033 Herenn.
753 1003 794 1032 iv.

58 1050 109 1078 14.
147 1047 311 1078 traductio
337 1053 401 1084 est,
425 1056 499 1086 quae
524 1047 618 1084 facit,
643 1052 693 1083 ut,
718 1055 794 1076 cum

53 1090 144 1122 idem
160 1091 297 1121 verbum
315 1091 462 1122 crebrius
475 1097 632 1130 ponatur,
647 1099 712 1120 non
725 1099 796 1119 mo-

53 1134 97 1165 do
126 1143 194 1165 nun
224 1134 371 1165 offendat
401 1135 567 1172 animum,
598 1133 656 1164 sed
693 1134 795 1163 etiam

54 1179 307 1209 concinniorem
349 1179 534 1209 orationem
579 1177 695 1208 reddat
735 1178 795 1208 διε.

53 1221 248 1252 *traductio
270 1223 373 1252 etiam
390 1227 454 1259 est,
471 1231 547 1252 cum
572 1221 644 1261 lege
668 1221 798 1251 curiata

55 1274 116 1306 per
131 1265 344 1306 adoptionem
363 1276 380 1295 e
400 1267 542 1306 patricio
559 1265 721 1305 plebeius,
738 1270 798 1295 aut

54 1319 77 1339 e
105 1307 233 1348 plebeio
264 1310 424 1350 patricius
456 1310 504 1340 fit.
541 1309 630 1339 Sext.
657 1312 688 1342 7.
726 1313 797 1339 tra-

54 1352 162 1383 ductio
199 1353 243 1384 ad
273 1353 404 1394 plebem
437 1352 609 1384 furibundi
640 1352 796 1383 hominis.

56 1395 148 1426 Hinc

102 1439 298 1471 Tradat-torn
326 1440 397 1471 Att.
418 1441 452 1472 ii.
468 1445 500 1475 9.
529 1440 585 1470 hic
607 1439 799 1480 Hierosoly-

57 1484 184 1514 marius
214 1484 383 1515 traductor
412 1484 453 1515 ad
481 1484 631 1524 plebem:
667 1493 713 1514 sc.
741 1484 797 1522 qui

50 1528 187 1567 juverat
223 1527 333 1558 Clodii
363 1528 613 1559 traductionem
651 1527 695 1557 ad
731 1527 799 1568 ple-

59 1571 147 1602 bem.

102 1613 276 1654 magicus,
292 1614 332 1645 de
355 1619 486 1646 oratore
502 1614 634 1654 grandi,
650 1613 798 1652 sublimi,

54 1662 91 1688 et
105 1659 236 1689 animos
250 1666 478 1698 permovente.
509 1659 603 1689 Brut.
622 1661 672 1689 55.
701 1668 799 1697 gran-

56 1701 121 1739 dis,
144 1708 192 1741 et,
217 1707 254 1732 ut
282 1703 331 1733 ita
355 1702 477 1739 dicam,
501 1703 652 1741 tragicas
677 1708 798 1732 orator.

55 1746 115 1776 Or.
141 1746 177 1776 ii.
199 1746 252 1777 56.
282 1746 342 1776 sed
368 1745 439 1776 haee
466 1748 599 1786 tragica
625 1750 726 1785 atque
751 1746 800 1776 di-

59 1798 147 1819 vina.

103 1832 297 1872 Tragoedioe.
329 1832 387 1864 Or.
412 1833 433 1863 i.
451 1836 504 1864 51.
536 1842 597 1863 nec
624 1842 701 1863 vero
729 1833 799 1864 istis

56 1877 226 1916 tragoediis
255 1877 336 1914 tuis,
367 1876 486 1916 quibus
524 1877 576 1907 uti
611 1876 799 1918 philosophi

59 1921 205 1950 maxime
228 1920 351 1957 solent,
368 1921 556 1960 perturbor,
572 1921 660 1960 quod
679 1921 728 1951 ita
751 1922 800 1951 tli-

60 1964 152 2001 xisti,
181 1965 352 1994 neminem
383 1974 477 2004 posse
508 1971 638 1994 mentes
669 1975 799 2002 eorum,

58 2007 116 2047 qui
140 2007 307 2044 audirent,
331 2012 391 2038 aut
413 2008 623 2038 inflammare
646 2008 799 2045 dicendo,

57 2056 120 2081 aut
149 2051 374 2082 inflammatas
403 2052 626 2090 restinguere,
650 2053 712 2082 nisi
743 2053 799 2091 qui

58 2103 173 2125 rerum
195 2095 348 2126 omnium
373 2100 542 2132 naturam,
563 2105 669 2125 mores
693 2096 801 2126 homi-

59 2146 143 2169 num
167 2143 268 2178 atque
292 2139 450 2176 rationes,
467 2139 603 2179 penitus
626 2149 800 2179 perspexe-

60 2182 106 2219 rjt
125 2182 186 2212 &c.
217 2181 295 2213 ibid.
313 2185 365 2213 53.
397 2182 447 2212 liis
471 2182 637 2222 tragoedcis
659 2183 799 2214 Galbam

59 2225 240 2256 liberatum
263 2226 413 2263 ferebat3
444 2235 526 2265 quas
549 2236 593 2256 sc.
617 2225 744 2257 fecerat
766 2227 800 2257 in

60 2269 311 2300 commovendis
334 2269 484 2306 iudicum
508 2270 639 2301 animis.
670 2270 747 2300 ibid.
764 2271 799 2301 ii.

61 2315 115 2344 51.
142 2313 169 2343 si
186 2313 367 2352 tragoedias
382 2314 571 2353 agamus-in
589 2314 697 2352 nugis.
723 2318 801 2344 ante

61 2355 211 2387 dixerat:
245 2357 281 2387 in
305 2357 413 2397 parvis
441 2358 536 2387 rebus
567 2357 722 2388 adhibere
753 2358 803 2388 di-

63 2399 162 2430 cendi
173 2400 273 2431 faces.
289 2401 390 2431 Tuse.
407 2401 448 2430 iv.
466 2403 519 2431 34.
533 2406 568 2432 at
585 2411 666 2440 quas
682 2406 803 2441 eragoe-

63 2443 138 2474 dias
168 2444 299 2475 effecit?
345 2445 385 2484 (s.
416 2449 456 2474 nt
489 2444 644 2474 Bentlcio
673 2445 800 2485 placet:

61 2487 220 2526 effudit?)
253 2493 302 2526 te,
325 2487 443 2528 Apollo
467 2493 594 2524 sancte,
618 2488 669 2518 fer
690 2499 803 2529 opem,

60 2534 162 2570 teque
179 2532 393 2572 omnipotens
408 2532 568 2572 Neptune
586 2533 717 2571 invoco,
733 2542 805 2563 vos-

63 2583 129 2613 que
146 2574 228 2606 adeo
243 2577 332 2606 venti
347 2577 405 2605 ὄις.

109 2617 268 2656 Trahere,
292 2629 436 2650 sumere.
466 2618 560 2649 Verr.
580 2618 627 2649 iii.
645 2622 698 2654 98.
727 2629 805 2651 unae

64 2660 215 2692 decumae
239 2662 312 2703 lege
335 2668 370 2693 et
393 2662 586 2692 conditione
609 2665 805 2694 trahuntur.

62 2703 84 2723 ¹*
95 2703 280 2736 differendo
289 2716 476 2747 prorogare.
488 2707 557 2736 Att.
572 2717 602 2736 x.
616 2710 644 2737 Β.
662 2707 689 2737 si
701 2708 806 2737 trahi-

64 2750 124 2778 tur
139 2747 275 2780 bellum.
303 2749 376 2780 Mil.
394 2754 425 2784 9.
449 2755 559 2781 tracta
573 2759 643 2780 esse
659 2752 806 2781 comitia.

64 2790 170 2821 ⁸1uv.
192 2792 226 2822 ii.
241 2796 273 2826 9.
302 2802 343 2823 ex
366 2794 457 2824 victu
481 2793 599 2824 multae
622 2796 809 2825 trahuntur

65 2834 285 2874 suspiciones.
316 2835 466 2867 Herenn.
491 2838 512 2867 i.
530 2840 560 2870 5.
589 2838 623 2868 in
647 2838 808 2868 invidiam

65 2879 246 2926 pfcdoemw·
281 2879 384 2912 Acad.
408 2881 451 2912 iv.
475 2881 530 2930 36.
561 2880 634 2913 haec
659 2881 809 2924 disputa·

1490 72 1574 114 m

835 171 984 202 tionibus
1007 171 1073 202 huc
1096 175 1129 202 ct
1154 172 1235 203 illue
1257 172 1462 204 trahuntur.-
1486 172 1521 204 h.
1543 183 1576 206 e.

833 214 874 244 de
892 214 941 245 his
966 216 1000 245 in
1025 222 1201 255 utramque
1220 224 1347 257 partem
1373 218 1576 258 disputatur.

834 258 875 289 ad
892 258 968 289 Div.
984 258 1030 288 iii.
1043 262 1074 289 3.
1093 259 1281 291 molestiam
1298 271 1316 291 e
1330 262 1475 301 pernicie
1491 262 1574 302 reip.

834 303 985 333 traxerit.

879 345 1053 388 Trojano,
1077 347 1303 393 transpositio.
1340 349 1434 378 Orat.
1457 348 1510 383 69.
1540 351 1578 379 et

835 390 946 420 utitur
971 399 1011 420 ea
1035 386 1225 429 trajeclione
1251 391 1424 421 verborum
1451 391 1575 430 (intell.

835 434 962 474 aperta)
999 439 1034 463 et
1059 432 1163 463 nihilo
1186 438 1302 463 tamen
1327 436 1436 474 aptius
1461 435 1577 475 explet

836 477 1072 516 concluditque
1089 477 1285 507 sententias.
1304 478 1415 516 paullo
1432 486 1511 508 ante
1527 479 1578 510 di.

837 529 943 559 xerat,
967 522 1121 560 trajicere
1153 521 1250 550 verba
1273 526 1398 560 aperte.
1427 521 1576 562 *hyper-

837 565 921 596 bolc.
949 566 1006 596 Or.
1026 566 1070 595 iii.
1090 568 1142 595 53.
1169 570 1244 594 tum
1261 564 1403 603 augendi
1423 565 1578 595 minuen-

835 609 907 638 dive
939 619 1039 639 cansa
1068 609 1219 638 vei-itatis
1257 607 1439 648 superlatio
1476 613 1577 646 atque

835 651 994 693 trajectio.
1025 654 1043 671 ¹*
1056 653 1132 683 Div.
1151 653 1171 682 i.
1194 656 1220 682 1.
1248 650 1449 693 erasti-tiones
1464 651 1578 682 stella·

837 706 909 726 rum
928 697 1225 726 observitavcrunt.
1249 696 1334 726 Sunt
1349 694 1492 738 audaga.
1509 695 1577 727 vid.

836 739 951 769 Senec.
968 740 1010 770 N.
1026 741 1066 779 Q.
1085 741 1105 770 i.
1125 743 1152 770 1.

882 783 1092 819 Dalmatas,
1110 783 1245 813 aliunde
1268 784 1394 823 petitus
1418 787 1453 814 et
1468 787 1579 814 trans-

837 826 934 857 latus.
983 826 1021 856 ln
1045 827 1173 866 legibus
1197 833 1230 857 et
1255 827 1374 857 edictis
1396 827 1429 857 in
1447 827 1576 867 primis,

836 871 1038 901 tralatitiztm
1062 870 1198 908 dieitur,
1221 871 1307 910 quod
1332 871 1475 901 totidem
1505 880 1578 900 ver-

836 915 885 945 bis
911 926 950 945 ex
979 915 1045 944 alia
1070 914 1156 953 lege,
1174 914 1278 944 aliove
1305 914 1429 951 edicto,
1456 915 1580 955 repeti-

836 962 909 988 tum
934 964 1003 988 est:
1029 958 1117 988 unde
1139 959 1210 988 Ait.
1234 968 1263 988 v.
1285 961 1338 989 21.
1362 957 1455 987 Verr.
1479 959 1501 988 i.
1526 960 1580 989 44.

837 1003 1040 1032 tralaticium
1057 1002 1216 1032 edictum.
1248 1004 1318 1032 Att.
1336 1002 1381 1032 iii.
1397 1004 1450 1032 23.
1476 1007 1580 1041 caput

837 1047 1050 1076 tralaeitium.
1074 1045 1153 1075 hinc
1168 1047 1336 1076 tralatitm
1353 1045 1490 1082 usitata,
1507 1045 1580 1075 vul-

837 1096 928 1129 gata,
946 1094 1036 1120 nota.
1068 1089 1110 1119 ad
1134 1090 1210 1119 Div.
1229 1090 1296 1119 viii.
1313 1093 1343 1120 5.
1376 1090 1463 1119 nosti
1487 1089 1580 1121 enim

839 1133 909 1164 haec
927 1135 1116 1164 tralaticia.-
1141 1133 1181 1162 de
1198 1132 1314 1164 Galliis
1331 1133 1579 1164 constituetur:

838 1178 914 1213 erit,
931 1178 987 1216 qui
1005 1176 1191 1208 intercedat
1208 1177 1268 1207 διε.

885 1221 1037 1252 Τιἀηανε
1061 1231 1119 1261 pro
1142 1229 1327 1260 permeare.
1361 1219 1402 1250 N.
1426 1221 1470 1251 D.
1494 1221 1528 1251 ii.
1547 1225 1582 1256 9.

839 1265 878 1295 cle
902 1265 965 1295 hoe
989 1274 1111 1305 genere
1132 1265 1243 1304 igneo,
1260 1264 1350 1304 quod
1372 1269 1488 1295 tranat
1510 1275 1583 1296 om-

839 1318 906 1339 nia.

886 1353 1135 1393 Tranquillitas,
1173 1351 1214 1382 de
1253 1352 1351 1390 mari,
1387 1352 1423 1382 in
1461 1351 1583 1393 plural.

839 1397 911 1427 Att.
941 1397 984 1426 vi.
1016 1400 1047 1428 8.
1083 1396 1268 1435 ceterisque
1298 1395 1406 1436 long-is
1445 1397 1584 1427 navibus

840 1441 1100 1480 tranquillitates
1115 1439 1316 1480 aucupaturi
1333 1449 1478 1470 eramus.

886 1483 1097 1523 Transferre,
1125 1494 1184 1524 pro
1211 1494 1263 1521 eo,
1291 1483 1380 1522 quod
1406 1483 1508 1523 vulgo
1534 1483 1586 1514 di-

840 1532 924 1558 eunt
936 1528 1114 1568 applicare.
1139 1527 1204 1558 Off.
1215 1528 1236 1558 i.
1257 1528 1304 1558 16.
1319 1527 1407 1566 quod
1420 1527 1460 1558 ab
1473 1527 1584 1558 Ennio

840 1573 987 1612 positum
1003 1573 1038 1602 in
1057 1581 1124 1602 una
1141 1581 1188 1608 re,
1205 1569 1386 1610 transferri
1402 1572 1437 1601 in
1459 1570 1585 1602 multas

840 1622 962 1655 potest.
994 1616 1066 1646 Fin.
1090 1616 1111 1646 i.
1136 1618 1167 1647 3.
1200 1615 1242 1645 ad
1271 1624 1389 1645 eorum
1419 1615 1585 1654 cognitio-

841 1669 917 1690 nem
939 1659 1053 1690 divina
1075 1659 1133 1690 illa
1155 1659 1292 1698 ingenia
1314 1657 1544 1698 transferrem,
1561 1659 1584 1690 i.

840 1703 999 1740 facerem,
1023 1708 1063 1733 ut
1093 1703 1203 1742 legere
1233 1706 1268 1732 et
1294 1702 1482 1741 intelligere
1510 1711 1586 1743 pos-

841 1753 918 1777 sent
945 1757 1062 1777 eorum
1093 1747 1231 1787 scripta,
1255 1756 1284 1777 c.
1316 1755 1346 1777 c.
1376 1745 1481 1776 latine
1512 1755 1586 1777 ver-

839 1791 955 1821 tendo.

887 1835 1056 1865 Transire.
1086 1833 1128 1864 ad
1153 1834 1230 1865 Div.
1257 1834 1302 1864 ix.
1335 1836 1363 1864 1.
1394 1832 1492 1864 facile
1516 1843 1584 1872 me,

842 1888 915 1918 quae
933 1878 1164 1918 impendeant,
1181 1879 1417 1908 transiturum.

888 1921 1101 1961 Transigme,
1119 1922 1158 1952 de
1181 1922 1404 1952 scribentibus
1422 1924 1457 1950 et
1472 1920 1587 1950 dicen-

841 1967 944 2004 tibus,
971 1976 1048 1996 eum
1077 1965 1218 2004 alicujus
1246 1967 1293 1995 rei
1324 1965 1586 2005 explicationem

843 2014 901 2040 aut
929 2017 1169 2049 argumentum
1196 2009 1420 2039 absolverunt.
1452 2007 1585 2039 Invent.

843 2054 863 2084 i.
881 2056 933 2085 23.
964 2059 1003 2083 ut
1021 2054 1129 2093 prima
1151 2063 1291 2093 quaeque
1314 2062 1403 2093 pars,
1421 2058 1460 2083 ut
1476 2051 1587 2092 posita

843 2103 894 2128 est
911 2099 946 2128 in
960 2098 1155 2138 partitione,
1173 2098 1219 2127 sic
1232 2097 1348 2127 ordine
1364 2097 1587 2135 transigatur.

842 2142 938 2172 Orat.
964 2145 1018 2173 40.
1056 2145 1094 2171 ut
1121 2146 1296 2181 proponat,
1324 2140 1404 2180 quid
1434 2140 1588 2170 dicturus

840 2186 899 2223 sit,
931 2192 982 2223 ut,
1011 2195 1088 2216 cum
1119 2186 1319 2224 transegerit
1340 2184 1414 2223 jam
1445 2182 1585 2223 aliquid,

844 2229 994 2259 definiat.

889 2273 1092 2304 Trana-itare.
1118 2271 1188 2302 Att.
1201 2281 1231 2302 v.
1246 2274 1299 2303 21.
1325 2275 1378 2302 est
1391 2272 1586 2310 transitum,

844 2317 901 2348 sed
914 2328 931 2346 e
943 2316 1149 2347 correctione
1166 2316 1326 2346 Manutii.

892 2359 1066 2391 Trans-itio.
1099 2360 1180 2390 Nat.
1207 2360 1250 2390 D.
1268 2360 1289 2389 i.
1312 2361 1360 2390 18.
1384 2358 1494 2396 docet,
1510 2368 1586 2390 eam

845 2415 915 2435 esse
933 2407 998 2435 vim
1015 2409 1049 2434 et
1066 2410 1221 2434 naturam
1240 2403 1404 2439 Deorum,
1419 2403 1590 2434 nt--ima-

846 2449 991 2489 ginibus‚
1008 2447 1229 2478 similitudine
1253 2451 1287 2476 et
1307 2448 1499 2477 transitione
1513 2457 1591 2487 per-

846 2493 966 2532 ceptis,
989 2495 1157 2522 cernatur*
1190 2490 1234 2521 cf.
1259 2489 1339 2520 ibid.
1365 2493 1418 2524 37.
1444 2493 1496 2525 39.
1525 2490 1589 2521 hoe

846 2542 897 2566 est
913 2535 1009 2573 illud,
1027 2535 1114 2574 quod
1134 2538 1184 2564 est
1208 2533 1296 2573 apud
1319 2534 1419 2574 Diog.
1437 2534 1549 2564 Laert.
1566 2534 1589 2565 l.

848 2591 878 2611 x.
897 2580 984 2609 Sect.
1005 2582 1074 2611 1:39.
1094 2577 1146 2611 φὺς
1163 2577 1230 2611 θεὴ
1250 2577 1332 2617 λόγῳ
1346 2576 1539 2620 Smemrffls’
1512 2590 1592 2609 um.

846 2623 923 2656 -ὃς
934 2620 974 2658 δὲ,
989 2622 1072 2652 κατὰ
1083 2619 1242 2659 ὅμοιιδῖαν’
1235 2632 1267 2651 m
1280 2621 1331 2654 τῆς
1343 2621 1466 2661 συνεχῧς
1482 2620 1592 2664 ἔπιρῥῦ·

848 2678 914 2699 tem
932 2666 987 2696 ’νῦν
1002 2665 1100 2704 ὁμοίων
1115 2662 1236 2695 εἰδώλων
1259 2664 1307 2694 uri
1324 2677 1360 2696 ‘ro
1373 2663 1458 2696 caveri.
1490 2674 1520 2695 v.
1536 2674 1590 2706 ap.

849 2712 1046 2742 Ciceronem
1061 2709 1141 2738 ibid
1160 2718 1189 2739 e.
1205 2711 1258 2740 38.
1275 2708 1350 2740 init.

895 2754 1096 2784 Translata».
1129 2751 1200 2782 lnv.
1224 2753 1246 2783 i.
1271 2755 1303 2784 8.
1332 2751 1421 2783 actio
1447 2752 1594 2782 transla-

849 2800 943 2830 tionis
968 2802 1004 2828 et
1029 2795 1302 2827 commutationis
1327 2795 1479 2835 indigere
1501 2795 1594 2826 vide-

850 2847 918 2874 tur.
950 2851 979 2871 v.
1003 2841 1229 2871 translations.
1257 2839 1354 2871 Verr.
1377 2839 1419 2870 iv.
1447 2840 1501 2871 42.
1533 2847 1596 2868 no-

851 2896 932 2920 men
945 2894 1045 2917 nuum
1067 2884 1123 2916 isti
1146 2884 1190 2916 ad
1210 2884 1460 2916 translationem
1482 2881 1603 2914 erimi-
