1800 3131
198 94 277 133 106

194 192 256 222 stit
279 192 449 223 Ciceronis
471 202 563 224 avus.
610 189 720 231 Hujus
743 203 834 224 soror
856 195 922 225 fuit

194 235 243 266 M.
271 235 439 267 Ciceronis
465 236 605 266 oratoris
632 237 715 267 avia.
750 237 845 268 Brut.
868 241 921 269 45.

194 280 243 311 M.
267 279 404 310 Antonii
428 280 485 310 Or.
508 280 680 310 familiaris
695 285 729 310 et
746 282 921 321 praefectus

196 324 231 353 iu
249 323 376 361 Cilicia,
391 324 434 353 ibi
451 324 648 354 interfectus
662 328 722 354 est.
746 324 922 355 Accusavit

195 366 233 397 C.
250 367 440 398 Fimbriam.
459 367 506 398 M.
520 368 618 398 Marii
632 367 814 397 Gratidiani
829 376 923 408 pater

192 412 370 441 naturalis.
399 411 526 442 Doctus
542 411 664 442 Graecis
679 410 797 450 literis,
813 412 921 443 factus

195 453 238 484 ad
252 454 442 485 dicendum.

237 499 287 529 M.
318 499 500 533 Gratidius,
524 498 630 528 Flacc.
657 499 709 528 ‘21.
742 498 783 528 ad
805 498 845 538 Ω.
870 499 921 528 Fr.

194 540 217 572 i.
238 545 265 572 1.
283 545 313 572 3.
337 542 465 581 legatus
480 543 520 582 Ω.
538 541 648 571 fratris
666 542 699 570 in
714 541 800 571 Asia.
829 542 922 572 Eum

194 586 342 626 ‚Quintus
364 586 484 616 dieitur
506 590 543 615 ut
557 584 709 624 ¹fratrem
731 595 869 622 anzasse,
893 590 923 616 et

194 631 259 670 ipse
269 628 426 668 fraterno
440 631 475 659 in
502 628 662 658 Cicerones
685 627 922 667 tmimofuisse.

195 673 289 705 Eum
299 677 381 712 puto
396 671 493 714 liujus
506 672 676 712 superioris
692 671 833 702 Gratidii
847 673 922 712 fili-

193 726 264 754 um,
296 715 483 746 Gratidiani
499 714 663 754 fratrem,
695 720 769 753 aut,
796 717 924 756 quando

195 765 374 800 temporum
389 760 472 789 ratio
490 769 551 789 non
567 760 668 798 plane
690 761 852 797 consentit,
870 770 923 789 ne·

188 809 307 845 potem.
328 803 534 833 Mamm-atur
544 804 641 832 etiam
653 801 836 840 Gratidius,
846 804 922 834 trib.

196 847 282 887 pleb.
300 847 441 877 Lentulo
459 846 631 886 Spinthere
647 849 678 875 et
689 845 820 876 Metello
833 847 923 877 Coss.

195 891 238 920 ad
254 890 293 929 Ω.
311 890 362 920 Fr.
379 890 399 920 i.
417 892 448 921 4.
479 890 535 920 sed
554 890 682 930 quando
696 899 857 929 nusquam
873 892 923 920 in-

194 939 247 963 ter
262 930 332 973 ejus
349 935 431 963 anni
455 934 599 963 tribunos
622 943 644 963 a
673 932 820 963 Cicerone
843 934 924 963 Gra-

194 977 296 1007 tidius
328 978 531 1014 nominatur,
556 976 731 1006 Minutizcs
757 976 923 1007 Fabricius

194 1021 261 1059 legi
283 1021 418 1057 volebat,
436 1021 596 1059 probante
620 1020 798 1053 Lotmln'no,⁴
837 1020 925 1050 Gru-

194 1069 284 1094 terus
304 1069 415 1094 autem
438 1064 530 1094 Fadii
545 1073 717 1102 cognomen
734 1068 834 1103 putat
849 1074 924 1101 esse,

193 1109 250 1148 qui
280 1118 313 1138 eo
344 1109 407 1138 loco
438 1108 589 1147 proxime
626 1109 785 1138 antecedit
814 1107 925 1138 Grati-

193 1151 299 1182 dium.

238 1195 287 1226 M.
319 1195 549 1233 Gratidianus,
565 1194 614 1224 M.
636 1195 780 1225 Gratidii
798 1194 924 1234 superi-

194 1240 260 1269 oris
278 1238 335 1279 fil.
363 1239 537 1278 adoptatas
561 1247 583 1268 a
609 1238 658 1269 Μ.
685 1238 806 1274 Marto,
830 1248 925 1278 eoque

195 1287 258 1312 alit
278 1283 311 1313 C.
327 1282 433 1312 Marii
448 1282 561 1322 septies
579 1283 717 1312 consulis
735 1286 872 1321 patruo,
889 1286 926 1311 ut

196 1326 225 1357 Ι.
250 1326 287 1357 F.
318 1326 473 1356 Gronovio
491 1326 641 1364 placebat
665 1325 737 1355 obs.
753 1326 787 1356 ii.
805 1326 835 1356 6.
865 1329 926 1356 aut

195 1367 268 1410 ejus
281 1370 389 1410 potius
399 1368 531 1408 fluere,
547 1373 584 1399 ut
601 1370 713 1399 multis
726 1370 811 1399 docet
827 1369 925 1399 Peri-

192 1422 266 1444 τοοκ.
289 1413 466 1444 Animaclv.
490 1413 582 1443 Hist.
604 1422 631 1442 c.
657 1416 687 1443 3.
705 1422 741 1452 p.
765 1416 817 1447 98.
842 1422 924 1452 seqq.

195 1456 301 1496 Legg.
323 1457 368 1487 iii.
402 1457 451 1487 16.
482 1456 581 1486 homo
610 1456 837 1487 turbulentus.
868 1456 925 1487 Or.

196 1501 232 1531 ii.
248 1501 299 1531 65.
329 1501 370 1530 ab
389 1499 557 1530 Aculeone
572 1504 760 1537 accusatur,
777 1500 925 1530 defendi-

195 1550 253 1574 tur
276 1544 316 1574 ab
340 1544 378 1574 L.
402 1543 488 1573 AElio
510 1543 638 1574 Lamia.
661 1544 724 1574 Off.
745 1544 790 1574 iii.
808 1546 859 1575 20.
890 1544 925 1573 in

195 1590 344 1629 praetura
366 1587 514 1617 edictum
539 1587 578 1617 de
603 1597 636 1617 re
668 1588 821 1617 numaria
847 1597 924 1617 cum

196 1632 316 1661 ceteris
332 1631 526 1671 praetoribus
543 1635 578 1661 et
591 1631 667 1661 trib.
684 1631 729 1671 pl.
746 1641 925 1661 commune

195 1675 286 1705 solus
301 1675 457 1715 proponit
471 1674 602 1712 callide,
615 1679 648 1704 et
659 1685 699 1704 ca
710 1684 744 1704 re
757 1674 926 1714 gratiosis-

197 1719 301 1749 simus
327 1719 377 1748 fit.
421 1718 475 1749 De
501 1720 562 1748 Ιιαε
589 1729 624 1749 re
649 1719 726 1748 add.
754 1717 865 1748 senec.
887 1718 926 1748 de

198 1763 259 1793 Ira
286 1763 330 1793 iii.
366 1765 413 1793 18.
447 1766 478 1792 et
508 1762 600 1793 Ptin.
631 1762 743 1792 xxxiii.
772 1766 803 1796 9.
828 1765 925 1801 extr.

196 1806 298 1836 Petit.
330 1806 428 1836 Cons.
457 1808 486 1837 3.
523 1815 543 1836 a
573 1805 719 1836 Catilina
747 1805 927 1835 crudeliter

195 1850 416 1880 interficitur:
440 1859 500 1889 quo
514 1850 656 1889 respexit
667 1849 796 1879 Lucan.
806 1849 838 1879 ii.
855 1851 925 1883 175.

196 1902 227 1924 v.
242 1894 324 1924 Intt.
335 1897 365 1924 et
375 1894 501 1933 quidem
506 1891 604 1935 jussu
617 1893 729 1923 Sallae.
743 1892 853 1923 Senee.
869 1894 925 1922 Le.

249 1937 400 1974 Gratius,
415 1937 514 1967 Arch.
533 1939 565 1967 4.
596 1940 770 1967 accusator
784 1935 925 1966 Archiae.

203 1980 292 2011 Olim
329 1981 498 2019 legebatur
532 1980 715 2018 Gracchus,
748 1990 843 2020 quem
881 1980 926 2011 Ρ.

198 2025 375 2055 Manutius
381 2025 524 2064 putabat
530 2034 594 2054 esse
606 2024 807 2054 Numerium
820 2024 926 2063 Ωιιίη-

198 2069 285 2098 tium
303 2068 505 2106 Gracchum,
520 2069 575 2108 qui
599 2068 739 2098 Lentulo
755 2067 927 2108 Spinthere

205 2112 338 2143 Consule
353 2113 505 2142 tribunus
516 2110 657 2151 pouit.

245 2154 284 2187 T.
306 2156 421 2193 Gutta,
439 2155 573 2185 Cluent.
592 2156 644 2187 26.
675 2155 816 2185 Senator
829 2153 926 2186 Rom.

199 2198 300 2229 homo
323 2199 485 2230 sordidus.
509 2209 536 2229 c.
557 2200 609 2230 36.
639 2208 713 2229 reus
729 2199 768 2228 de
785 2199 924 2228 ambitu.

200 2253 230 2273 c.
255 2245 307 2274 45.
346 2247 484 2273 notatur
514 2253 534 2272 a
564 2242 762 2273 Censoribus
793 2249 928 2281 propter

193 2286 360 2326 judicium
381 2286 582 2325 Junianum,
602 2287 637 2317 in
662 2296 726 2326 quo
749 2286 926 2326 pecuniam

200 2330 325 2370 cepisse
341 2330 533 2370 putabatur.

251 2373 368 2411 Gutta,
392 2373 442 2403 Fr.
466 2374 512 2404 iii.
536 2376 566 2404 8.
595 2374 624 2403 ei
646 2375 789 2403 multum.
812 2373 928 2402 tribuit

202 2416 389 2456 Pompeius,
405 2427 541 2457 eumque
557 2417 591 2447 in
605 2417 740 2458 petendo
755 2418 927 2447 consulatu

198 2464 314 2491 eontra
328 2461 483 2491 ,Milonem
489 2459 592 2502 juvit.

250 2504 371 2544 Gyges,
386 2504 481 2535 Offic.
497 2505 542 2535 iii.
559 2508 590 2539 9.
621 2504 691 2544 ejus
707 2502 861 2534 annulus.

541 2635 585 2666 Η.

250 2721 458 2759 Hadrianus,
477 2721 509 2752 C.
527 2722 656 2753 Fabius.
673 2722 765 2753 Verr.
783 2722 804 2752 i.
821 2724 874 2756 27.
897 2732 928 2752 v,

202 2766 256 2797 36.
296 2765 425 2795 Praetor
447 2765 581 2802 Africae,
597 2767 733 2806 impune
758 2766 867 2796 Uticae
894 2766 929 2795 in

201 2809 357 2849 praetorio
373 2809 465 2839 vivus
482 2809 522 2839 ab
544 2809 759 2840 Uticensibus
776 2809 929 2839 combus-

201 2857 271 2890 tus,
284 2852 371 2892 quod
387 2852 425 2882 de
441 2853 629 2893 principum
647 2863 729 2883 nece
746 2853 930 2894 conspiras·

200 2899 254 2928 net
269 2906 346 2929 cum
360 2896 472 2928 servis.

725 104 873 133 INDEX
902 104 1182 134 HISTORICUS.

1008 195 1233 235 Hagesaretus
1257 195 1438 228 Larisam.
1470 196 1512 230 ad
1527 198 1602 231 Div.
1619 200 1690 232 xiii.

965 240 1017 270 25.
1048 239 1164 279 hospes
1182 239 1360 270 Ciceronis.

1007 282 1054 312 M.
1065 283 1229 313 [Iulian-us
1240 283 1405 323 Pelignus.
1417 283 1516 314 Tusc.
1528 285 1568 315 iv.
1581 288 1632 317 22.
1649 287 1691 318 ab

963 324 1119 356 Africano
1143 327 1262 356 minori
1286 332 1381 357 scuto
1397 332 1567 367 protectus
1590 331 1690 360 morti

964 369 1113 408 eripitur.
1158 369 1317 401 Davisius
1339 383 1355 401 e
1389 371 1483 401 (lodd.
1513 375 1545 402 et
1575 374 1690 413 lapidi·

965 413 1023 442 bus
1039 414 1195 452 reposuit.-
1219 414 1266 444 M.
1283 414 1443 444 Allienus

1008 455 1183 492 Halienus,
1200 456 1241 486 ad
1263 457 1303 496 Ω.
1331 459 1378 487 Fr.
1403 459 1422 488 i.
1453 461 1477 487 l.
1501 460 1531 488 3.
1560 457 1691 497 legatus

963 498 1004 537 Ω.
1029 499 1208 529 Ciceronis.
1256 502 1320 530 Sed
1341 503 1392 531 hic·
1410 511 1530 541 qnoque
1551 501 1693 532 Ursinus

964 541 1113 571 Allienus
1131 545 1280 573 malebat.
1309 547 1389 575 atii.-
1414 544 1561 575 Alienus.
1589 544 1692 575 Allie-

965 584 999 614 ni
1015 586 1115 615 eliam
1130 596 1231 625 supra
1247 590 1488 619 commemorati
1503 593 1590 619 sunt.

1008 628 1211 667 Ilalimetus,
1235 631 1305 660 Att.
1337 632 1378 662 iv.
1413 634 1460 663 12.
1490 634 1518 662 si
1546 642 1624 663 vera
1646 635 1692 663 est

965 673 1066 701 lectio.

1007 715 1200 753 Hamilcar,
1239 715 1537 757 Carthaginiensis,
1576 719 1691 750 Divin.

965 758 986 788 i.
1010 761 1061 789 24.
1093 759 1163 797 ejus
1186 761 1367 798 somnium,
1386 762 1419 791 in
1443 762 1614 792 obsidione
1634 764 1693 803 Sy-

965 812 1169 833 racusarum.
1201 814 1220 833 a
1246 804 1458 843 Syracusanis
1484 806 1576 836 vivus
1603 807 1693 847 capi-

964 849 1021 875 tur
1037 846 1069 875 in
1088 847 1264 886 eruptione
1281 847 1401 887 aliqua.

1009 889 1201 927 Hamilcar,
1217 891 1282 920 Off.
1304 892 1349 922 iii.
1374 892 1426 923 26.
1442 896 1539 932 pater
1562 891 1694 922 Hanni-

964 932 1059 1005 palis.
1104 933 1153 963 Eo
1184 935 1382 975 imperatore
1413 936 1544 976 capitur
1580 936 1695 975 Regu-

980 985 1028 1005 us.

1010 1019 1194 1057 Hannibal,
1218 1021 1302 1051 Phil.
1327 1032 1356 1051 v.
1384 1025 1432 1053 10.
1467 1022 1502 1052 in
1524 1022 1694 1054 obsidione

967 1063 1145 1101 Saguntini
1175 1064 1276 1103 legati
1306 1065 1402 1096 Rom.
1432 1066 1472 1095 ad
1495 1076 1570 1096 eum
1595 1076 1695 1096 vene-

967 1112 1047 1136 runt
1070 1107 1108 1137 L.
1131 1107 1282 1138 Valerius
1306 1108 1441 1139 Flaccus
1457 1114 1490 1139 et
1505 1110 1545 1150 Ω.
1561 1110 1694 1141 Baebius

965 1149 1150 1190 Tampilus.
1181 1152 1256 1182 Div.
1287 1152 1308 1181 i.
1337 1155 1390 1183 24.
1421 1152 1611 1183 columnam
1636 1163 1695 1184 au-

967 1204 1057 1223 ream
1074 1195 1108 1224 in
1125 1195 1202 1225 fano
1225 1194 1367 1226 Junonis
1391 1195 1539 1227 Laciniae
1555 1201 1695 1227 conatus

966 1237 1083 1267 tollere
1109 1243 1265 1268 monetur
1287 1249 1307 1268 a
1328 1238 1475 1277 Junone,
1492 1250 1534 1270 ue
1550 1241 1691 1271 faceret:

967 1290 1075 1320 neque
1099 1281 1132 1311 id
1156 1282 1306 1321 negligit.
1324 1282 1403 1312 ibid.
1419 1283 1489 1322 ejus
1512 1285 1694 1322 somnium,

968 1334 1032 1363 quo
1041 1325 1183 1363 jubetur
1197 1326 1304 1356 Italiae
1320 1325 1445 1356 bellum
1462 1327 1595 1358 inferre.
1629 1327 1694 1358 Off.

968 1368 1013 1397 iii.
1030 1371 1082 1399 32.
1116 1369 1256 1399 Romam
1282 1370 1389 1400 mittit
1413 1369 1452 1400 de
1471 1372 1607 1411 captivis
1622 1381 1696 1411 per—

967 1411 1148 1442 mutandis.
1164 1414 1186 1443 i.
1214 1415 1262 1444 12.
1295 1413 1450 1443 crudelis.
1475 1414 1497 1444 i.
1521 1417 1573 1445 30.
1604 1414 1696 1444 calli-

967 1454 1039 1485 dus.
1054 1456 1112 1486 Or.
1128 1457 1162 1486 ii.
1190 1460 1240 1489 18.
1269 1457 1363 1487 exsul
1386 1457 1475 1498 apud
1490 1458 1695 1489 Antiochum

968 1499 1027 1528 ἃς.

1010 1542 1144 1580 Ηαηηο,
1158 1542 1258 1574 Tusc.
1274 1554 1305 1573 v.
1322 1545 1374 1575 32.
1404 1543 1637 1575 Anacharsidis
1653 1544 1695 1576 ad

967 1596 1043 1616 eum
1060 1586 1210 1626 epistola.

1010 1630 1229 1667 Harmodius,
1259 1629 1359 1661 Tusc.
1392 1631 1413 1660 i.
1444 1634 1496 1665 49.
1535 1631 1696 1672 patriam,

966 1673 1127 1711 Athenas,
1144 1674 1320 1713 tyrannide
1338 1674 1466 1704 liberat.

1010 1718 1199 1757 Harpalus,
1215 1716 1258 1747 N.
1276 1718 1317 1748 D.
1335 1718 1382 1748 iii.
1403 1720 1455 1749 34.
1485 1718 1596 1758 praedo
1617 1718 1696 1749 felix

966 1764 1118 1801 tempore
1141 1761 1302 1800 Diogenis
1319 1762 1446 1801 Cynici.
1471 1762 1599 1792 dictum
1616 1763 1698 1793 Dio-

968 1806 1061 1843 genis
1078 1805 1116 1835 de
1132 1814 1182 1835 eo.
1211 1804 1273 1844 Ap.
1292 1805 1404 1835 Lair-t.
1426 1805 1467 1835 vi.
1491 1808 1543 1840 74.
1574 1806 1698 1837 dicitur

967 1847 1150 1890 σκίρταλομ
1169 1848 1259 1889 apud
1275 1848 1417 1879 Suidam
1431 1847 1600 1891 σκίρταλας.

1011 1892 1197 1932 Harpalus,
1224 1891 1266 1922 ad
1294 1893 1372 1924 Div.
1400 1893 1465 1923 xvi.
1495 1895 1547 1924 24.
1585 1903 1699 1924 servus

971 1935 1154 1966 Ciceronis.

1010 1980 1217 2016 Hasdrubal,
1243 1978 1337 2009 Verr.
1370 1980 1417 2009 iii.
1450 1981 1502 2010 54.
1532 1979 1589 2019 qui
1619 1989 1696 2010 cum

968 2024 1145 2054 Poenorum
1168 2023 1316 2053 exercitu
1340 2024 1373 2053 in
1390 2022 1504 2053 Sicilia
1519 2023 1594 2053 fuit.
1632 2023 1698 2054 Est

968 2068 1144 2098 Hannonis
1156 2066 1214 2105 fil.
1232 2067 1317 2098 Dux
1336 2067 1492 2106 Carthag.
1510 2068 1587 2097 bello
1603 2066 1696 2097 Pun.

969 2111 999 2142 I.
1015 2121 1045 2140 v.
1062 2111 1176 2149 Polyb.
1192 2111 1213 2140 i.
1231 2113 1283 2140 30.

1011 2154 1219 2190 Hasdrubal,
1235 2153 1315 2184 Nat.
1339 2154 1382 2184 D.
1406 2154 1453 2183 iii.
1473 2156 1524 2184 38.
1557 2153 1698 2184 Cartha-

969 2198 1082 2236 ginem
1105 2197 1236 2227 evertit.
1262 2197 1347 2228 Dux
1374 2197 1698 2236 Carthaginiensium

969 2243 1004 2271 in
1020 2242 1096 2272 bello
1115 2241 1272 2271 adversus
1289 2241 1514 2279 Masinissam,
1531 2241 1617 2271 unde
1639 2251 1700 2272 na-

969 2290 1041 2315 tum
1065 2286 1184 2315 bellum
1204 2284 1373 2314 Punicum
1397 2285 1554 2315 tertium.-
1577 2284 1616 2315 de
1637 2294 1699 2324 quo

968 2339 998 2359 υ.
1012 2329 1155 2368 Appian.
1173 2329 1207 2358 in
1223 2327 1344 2358 Punic.
1354 2337 1391 2367 p.
1410 2328 1462 2358 63.
1477 2338 1543 2368 sqq.

1012 2372 1220 2409 Hasdrubal,
1243 2371 1336 2401 Bau).
1368 2373 1421 2402 22.
1451 2371 1651 2410 Gaditanus,
1679 2381 1699 2402 a

970 2416 1032 2446 Cn.
1049 2415 1208 2456 Pompeio
1225 2415 1359 2445 civitate
1376 2415 1530 2444 donatur.

1012 2460 1148 2496 Hecate,
1164 2458 1229 2489 Off.
1245 2458 1291 2488 iii.
1311 2461 1360 2489 15.
1386 2457 1531 2488 Rhodius
1548 2457 1697 2497 quidam,

969 2503 1151 2543 discipulus
1183 2501 1335 2538 Panaetii,
1366 2500 1466 2531 libros
1503 2501 1544 2531 de
1573 2502 1698 2532 Officiis

968 2548 1101 2587 scripsit
1123 2547 1163 2586 Ω.
1189 2545 1369 2576 Tuberoni.
1397 2545 1487 2575 Alios
1510 2543 1580 2586 ejus
1603 2546 1699 2575 libros

969 2593 1197 2621 commemorat
1225 2589 1340 2620 Laert.
1370 2588 1426 2618 vii.
1457 2591 1508 2622 87.
1540 2592 1592 2623 90.
1627 2591 1698 2620 101.

974 2638 1043 2665 110.
1063 2634 1224 2667 124172.

1013 2678 1162 2714 Hecuba,
1176 2676 1245 2706 Far.
1266 2679 1314 2706 15.
1326 2685 1409 2705 uxor
1420 2674 1556 2712 Priami,
1569 2675 1700 2715 peperit

970 2721 1206 2751 Alexandrum.
1235 2720 1313 2750 Div.
1341 2719 1362 2749 i.
1393 2720 1445 2749 21.
1483 2719 1554 2748 visa
1582 2723 1633 2748 est
1663 2719 1699 2749 in

970 2765 1095 2795 somnis
1111 2764 1242 2794 Priamo
1256 2762 1365 2792 facem
1380 2761 1554 2792 ardentem
1570 2771 1698 2802 parere.

970 2808 1069 2839 Tusc.
1093 2808 1139 2837 iii.
1163 2807 1215 2838 26.
1245 2806 1280 2836 in
1304 2815 1421 2836 canem
1446 2815 1604 2835 conversa
1624 2815 1700 2846 pro-

971 2857 1047 2893 pter
1061 2851 1202 2881 luctum.

1015 2895 1149 2934 Hector,
1165 2893 1242 2926 Div.
1265 2893 1287 2925 i.
1310 2895 1362 2925 30.
1392 2892 1604 2931 Homericus,
1628 2897 1698 2922 mo-
