1790 3219
112 74 198 124 476

114 171 334 205 vermiculum
357 175 505 200 sternere
527 168 563 199 in
586 168 685 199 inser.
707 178 761 209 ap.
778 168 856 200 Mu-

115 221 218 249 rator.
235 219 262 245 t.
285 215 308 246 i.
331 224 364 255 p.
381 215 457 246 314.
481 222 516 243 n.
532 214 564 244 2.
587 212 640 243 Sic
656 212 745 253 apud
769 212 857 243 Plin.

118 259 163 292 H.
181 259 223 290 N.
241 269 337 289 xxxv.
367 261 395 288 1.
426 257 647 288 vermiculatoe
672 255 714 286 ad
730 256 855 296 effigies

116 313 231 335 rerum
255 307 291 332 et
313 300 511 332 animalium
536 304 670 338 crustae,
688 309 756 330 non
782 309 857 340 pos-

118 352 200 379 sunt
216 345 366 387 profecto
391 354 462 375 esse
478 345 656 380 coceineae,
672 347 730 374 aut
747 343 856 373 colore

115 392 248 427 tinctae,
273 389 332 420 sed
348 389 397 420 ita
411 388 590 428 dispositae,
608 391 646 418 ut
662 387 787 426 effigies
804 395 856 415 re-

120 444 196 466 rum
213 438 248 464 et
276 432 472 463 animalium
500 432 732 462 exhibeantur.
776 429 860 459 Ter-

117 479 181 516 tio,
205 477 294 517 quod
318 479 420 516 negat
443 475 637 511 Salmasius,
664 474 858 504 vermicula-

121 527 195 554 tum
211 531 231 551 a
244 520 412 551 vermibus
436 519 500 549 dici
526 527 632 558 posse,
649 517 738 556 quod
765 515 860 546 nulla

120 563 308 598 similitudo
324 564 368 594 sit
391 564 480 593 inter
495 561 625 602 lapillos
640 560 714 590 illos
729 560 764 590 in
780 568 860 598 ope-

120 619 157 642 re
180 609 393 640 vermiculato
417 612 452 635 et
478 614 619 641 vermeS,
647 613 724 633 cum
755 601 860 642 lapilli

122 653 173 685 illi
190 651 343 692 quadrati
358 650 485 680 fuerint
499 660 506 678 ε
532 648 653 687 prium,
666 647 768 677 etiam
787 655 860 685 gra-

124 707 169 729 na
185 705 252 727 non
269 698 349 725 sunt
364 692 536 732 quadrata,
549 698 583 721 et
599 694 714 720 tamen
729 689 859 729 lapillos

124 741 199 772 illos
217 748 321 779 grana
345 736 410 766 dici
437 735 574 771 scimus,
589 733 678 764 unde
694 738 729 763 et
752 733 860 763 Graeci

123 780 325 826 χονῖξοςολῖαν
347 780 477 817 dicunt,
499 777 560 808 ἀπό
580 777 632 808 τοῦ
653 775 771 820 χὸνδξε,
789 786 861 816 gra-

122 838 190 865 n03
217 823 335 856 deinde
350 823 604 853 vermiculatum
628 831 694 851 non
721 825 774 851 est
800 820 863 850 nii-

125 876 263 905 nutum,
280 867 337 898 sed
352 877 390 897 ex
417 866 558 896 minutis
578 864 700 905 lapillis
723 875 783 905 per
807 874 862 893 va-

123 915 188 946 rios
218 916 454 949 tortuososque
496 909 600 939 flexus
629 912 798 938 structum
829 911 864 937 et

124 956 361 997 compositum,
385 955 421 984 in
448 963 513 992 quo
534 952 685 993 profecto
708 956 760 982 est
775 961 865 990 quae-

126 1003 203 1032 dam
218 1009 294 1030 cum
312 997 502 1028 vermiculis
517 995 716 1032 similitudo,
732 1004 864 1025 eorum-

126 1055 191 1085 que
207 1046 314 1074 motu.
338 1042 391 1072 Sic
408 1041 555 1071 vermina
581 1039 780 1070 dicebantur
809 1038 866 1068 do-

127 1089 227 1125 lores,
244 1087 300 1126 qui
315 1085 429 1116 Graece
445 1082 554 1126 536001,
565 1088 641 1123 post
656 1083 804 1113 tormina
818 1082 867 1113 di-

127 1132 304 1168 cebantur,
320 1139 341 1160 a
355 1128 487 1159 minuto
511 1132 620 1164 motu,
637 1126 731 1166 quasi
747 1135 767 1156 a
793 1136 865 1156 ver-

127 1176 239 1206 mibus
254 1182 372 1214 corpus
389 1171 611 1208 scinderetur,
629 1174 667 1201 ut
683 1174 801 1200 auctor
816 1172 868 1200 est

127 1218 257 1250 Festus.
284 1217 443 1247 Ceterum
467 1214 506 1245 de
530 1214 684 1254 operibus
706 1215 867 1244 vermicu-

129 1264 206 1294 latis
234 1272 265 1291 v.
292 1259 434 1290 Casaub.
465 1258 506 1288 ad
533 1258 670 1288 Sueton.
699 1257 783 1288 Caes.
813 1257 866 1288 46.

132 1305 254 1345 Scalig.
279 1303 320 1334 ad
347 1300 527 1334 Manilium
543 1312 575 1341 p.
593 1304 667 1332 411.
701 1301 868 1340 Ciampin.

132 1352 233 1391 Oper.
261 1348 383 1379 Musiv.
404 1356 433 1376 c.
452 1348 501 1376 lo.
518 1355 566 1384 sq.
594 1345 709 1384 Sponii
725 1343 869 1375 Miscell.

133 1393 236 1426 Erud.
251 1392 332 1424 Ant.
349 1391 436 1420 Sect.
454 1389 489 1419 ii.
508 1389 603 1419 artic.
623 1391 652 1419 8.

157 1435 161 1437 ’
179 1436 395 1471 Vernae-ulus,
421 1437 473 1463 est
488 1433 620 1473 proprie
638 1431 729 1461 domi
756 1434 870 1468 natus,

131 1490 276 1517 averna,
293 1478 349 1518 qui
365 1481 418 1507 est
432 1486 545 1506 servus
561 1475 650 1506 domi
667 1478 764 1505 natus
781 1486 790 1511 ;
808 1484 872 1504 un-

133 1525 174 1555 de
191 1522 350 1564 quicquid
365 1520 602 1557 domesticum,
615 1519 713 1548 domo
730 1517 871 1548 allatum

135 1568 272 1604 dicitur,
295 1565 329 1596 id
349 1565 452 1595 etiam
474 1563 692 1593 vernaculum
716 1561 781 1592 dici
798 1566 874 1602 pot-

135 1616 198 1642 est.
233 1611 290 1641 Or.
317 1609 365 1639 iii.
391 1610 443 1639 94.
482 1608 618 1637 Crassus
645 1606 685 1635 de
712 1605 873 1636 aedilitate

137 1653 199 1687 sua
216 1667 223 1684 τ
248 1663 331 1694 opus
348 1655 398 1682 est
413 1651 511 1682 rebus
528 1650 700 1689 exquisitis
713 1648 874 1688 undique,

137 1703 174 1729 et
201 1697 363 1734 collectis,
389 1693 569 1731 arcessitis,
586 1693 818 1733 comportatis,
837 1697 875 1722 ut

134 1743 214 1780 tibi,
230 1741 354 1777 Caesar,
375 1738 567 1768 faciendum
593 1740 643 1767 est
667 1737 709 1767 ad
725 1745 850 1771 annum
865 1748 875 1773 ;

139 1789 180 1818 ut
194 1795 256 1825 ego
271 1785 306 1814 in
324 1782 484 1814 aedilitate
508 1781 666 1818 laboravi,
682 1780 771 1819 quod
795 1790 874 1818 quo-

138 1829 276 1861 tidianis
293 1833 328 1857 et
349 1826 536 1856 vernaculis
562 1825 660 1854 rebus
685 1823 876 1853 satisfacere

141 1883 196 1904 me
223 1881 319 1913 posse
345 1870 424 1900 huic
454 1867 590 1909 populo>
606 1877 674 1898 non
704 1867 875 1907 putabam.

140 1917 235 1947 Verr.
265 1915 313 1945 111.
339 1915 392 1945 61.
431 1914 559 1943 crimen
589 1911 812 1942 domesticum
842 1914 879 1942 et

141 1960 377 1992 vernaculum:
400 1956 433 1987 h.
451 1966 480 1986 e.
498 1956 615 1986 fictum
641 1955 681 1985 ab
705 1958 878 1984 accusato-

143 2015 190 2036 re.
213 2003 318 2033 *hinc
340 2002 555 2032 vernaculum
573 1999 696 2030 dicitur
718 2008 777 2038 pro
793 1998 881 2028 nati-

143 2057 198 2086 vo,
211 2046 371 2088 genuino,
388 2044 462 2074 urbi
471 2043 631 2074 Romanae
644 2042 787 2082 proprio.
803 2042 880 2072 Div.

144 2093 189 2123 ix.
225 2094 275 2122 15.
311 2090 423 2128 imago
450 2088 637 2118 vernacula·
676 2085 879 2116 festivitatis.

145 2136 244 2167 Brut.
260 2133 314 2164 46.
336 2133 477 2163 Tincam
494 2140 561 2161 non
579 2131 689 2160 minus
715 2129 824 2160 multa
838 2129 882 2159 ri-

148 2179 258 2209 dicule
281 2177 464 2212 dicentem,
481 2174 624 2204 Granius
647 2173 809 2204 obruebat
826 2182 884 2202 ne-

147 2223 215 2254 seio
228 2231 293 2261 quo
304 2228 421 2261 sapore
436 2219 622 2249 vernaculo.

192 2266 286 2302 Vero,
302 2269 353 2294 est
378 2262 587 2299 affirmantis,
603 2270 663 2301 pro
680 2263 784 2298 recte,
801 2260 882 2291 item

148 2308 375 2341 concedentis.
398 2306 474 2337 Div.
490 2305 574 2337 i.46.
597 2314 682 2341 vero,
699 2313 776 2334 mea
790 2303 886 2343 puel-

146 2354 194 2392 la,
209 2352 290 2383 cedo
303 2351 365 2381 tibi
381 2350 474 2380 sedes
498 2358 600 2379 meas.
623 2349 756 2379 Muren.
773 2350 825 2378 31.
849 2347 884 2378 in

150 2396 320 2429 sententia
335 2397 543 2435 permaneto.
591 2391 674 2422 Vero
686 2403 695 2420 :
730 2391 795 2421 nisi
811 2400 886 2421 sen-

149 2441 294 2472 tentiam
316 2437 381 2468 alia
396 2436 513 2468 vicerit
528 2436 655 2466 melior.
677 2435 759 2474 Leg.
783 2435 804 2464 i.
832 2436 885 2466 24.

147 2494 223 2516 vero
238 2483 318 2513 facis
343 2487 378 2512 et
392 2481 524 2512 merito.
547 2480 566 2499 ²¹·
579 2484 610 2510 et
624 2489 698 2510 vero
712 2482 763 2509 est
785 2484 886 2517 atque

151 2529 246 2563 adeo.
269 2526 340 2556 Att.
366 2525 429 2554 xvi.
450 2525 500 2555 16.
525 2523 615 2563 quod
629 2532 717 2563 saepe
742 2526 888 2562 pra-sens

151 2575 188 2611 et
196 2571 245 2602 illi
257 2569 445 2605 ostendisti,
458 2572 488 2598 et
498 2577 573 2598 vero
584 2567 686 2597 etiam
698 2566 792 2596 mihi.
811 2565 888 2596 Mu-

150 2624 225 2651 ren.
249 2615 302 2644 22.
326 2612 382 2652 qui
405 2615 439 2642 et
464 2621 524 2651 per
544 2621 591 2648 se,
608 2613 643 2640 et
663 2620 724 2650 per
746 2619 835 2646 suos,
860 2614 890 2639 et

150 2669 227 2691 vero
242 2656 343 2687 etiam
359 2665 419 2695 per
433 2655 558 2685 alienos
581 2653 790 2685 defendatur.
813 2653 833 2671 ²*
848 2653 891 2683 ad

153 2704 231 2742 Div.
259 2701 303 2731 iv.
319 2699 350 2730 6.
374 2708 435 2738 ego
451 2709 536 2737 verca,
562 2699 667 2735 Servi,
683 2697 803 2728 vellem
829 2697 889 2726 &c.

154 2748 198 2779 ad
211 2746 253 2786 Ω.
281 2743 334 2774 Fr.
361 2742 397 2773 ii.
423 2746 454 2775 9.
480 2742 568 2781 quod
592 2751 646 2772 me
663 2741 823 2771 admones
849 2740 889 2771 de

156 2792 269 2824 nostra
284 2785 518 2824 Urania—ego
534 2795 607 2815 vero
620 2785 772 2815 memini.
790 2784 894 2815 Cave-

154 2839 214 2867 ant
234 2832 376 2868 tirones,
397 2838 440 2860 ne
462 2832 585 2868 putent
606 2838 679 2859 vero
693 2828 795 2868 jungi
818 2837 894 2868 pos·

154 2889 188 2915 Se
206 2878 248 2918 en}
268 2885 325 2916 ego
348 2876 408 2912 aut
429 2871 485 2904 alii
506 2872 695 2914 pronomini
718 2872 760 2904 ab
782 2872 893 2911 initio,

652 76 800 117 1NDEX
828 75 1110 107 LATINITATIS
1117 91 1126 106 ι

900 167 963 198 nisi
992 163 1118 238 aliqluid
1146 162 1365 203 praecesserit,
1394 162 1436 193 ad
1464 163 1552 203 quod
1583 173 1636 196 ra,-

898 211 1038 242 seratur.
1075 207 1199 238 nservit
1217 206 1308 237 enim
1328 205 1392 237 hoc
1412 216 1486 237 vero
1500 217 1636 249 respon·

900 254 1061 285 sionibus.

945 297 1167 333 Ιᾰνναηοανε,
1189 299 1332 331 vertere,
1353 296 1394 324 ut
1414 303 1637 325 averruncare

899 347 951 372 est
973 345 1134 372 avertere.
1158 339 1234 370 Div.
1252 338 1273 367 i.
1286 339 1339 369 22.
1362 336 1434 368 haec
1457 338 1541 369 bene
1563 346 1637 368 ver-

899 387 1014 415 runcet
1036 382 1174 423 populo,
1189 381 1330 412 laudant
1354 381 1416 411 viri
1440 380 1529 412 docti
1554 379 1639 410 Gro-

902 437 975 458 nov.
993 426 1034 457 ad
1051 426 1124 456 Liv.
1153 427 1241 456 xxix.
1259 427 1311 459 27.
1336 425 1392 464 qui
1408 424 1454 455 ibi
1469 424 1557 455 hanc
1570 423 1638 455 for-

904 480 994 502 mam
1011 469 1168 508 loquendi
1183 469 1278 500 Livio
1295 468 1453 499 restituit.

949 513 1100 543 Ver-sare.
1124 511 1205 542 Coel.
1228 513 1259 542 6.
1281 522 1412 543 versare
1426 520 1523 542 suam
1540 512 1640 546 natu-

902 567 975 588 ram
990 568 996 586 :
1021 557 1083 586 int.
1100 556 1134 586 in
1151 564 1266 585 omnes
1282 558 1405 596 partes,
1425 559 1527 596 prout
1541 563 1640 594 opus,

903 604 942 631 ut
958 604 1048 631 recte
1065 598 1192 629 malave
1207 598 1321 629 facias.
1343 598 1436 629 Verr.
1462 599 1484 629 1.
1502 601 1555 630 51.
1569 607 1643 628 ver-

900 654 976 675 sare
990 654 1038 681 se,
1066 648 1117 673 est
1140 641 1285 672 hominis
1308 643 1419 679 anxie,
1446 641 1525 681 quid
1548 644 1642 681 agat,

903 688 1097 728 quaerentis.
1123 687 1181 717 Or.
1205 691 1236 719 9.
1263 695 1379 716 causas
1393 694 1523 716 versare
1538 685 1574 715 in
1585 685 1643 723 ju-

904 732 1012 769 diciis,
1028 731 1068 761 de
1084 735 1229 766 oratore,
1246 729 1303 768 qui
1319 729 1408 759 vario
1429 733 1464 759 et
1479 727 1645 768 multipli-

904 776 935 806 ci
950 776 1148 815 copiosoque
1164 772 1297 803 dicendi
1314 782 1434 812 genere
1450 781 1548 811 agere
1564 781 1646 802 cau-

906 829 959 849 sas
978 821 1099 859 potest.
1145 817 1338 857 Opponitur
1353 816 1444 846 enim
1470 815 1645 853 histor-ion,

907 863 964 903 qui
980 872 1031 893 res
1048 865 1158 901 gestas
1173 864 1301 898 narrat,
1328 869 1396 890 non
1412 861 1512 890 ornat
1534 863 1570 888 et
1585 867 1646 892 au-

907 911 975 946 get.
994 905 1082 936 unde
1094 908 1208 935 autem
1224 903 1271 934 sic
1283 903 1427 940 dicatur,
1441 903 1540 933 docet
1553 901 1647 932 loeus

907 951 964 981 Or.
983 953 1036 981 40.
1060 958 1189 979 mersare
1205 957 1292 988 saepe
1310 947 1424 977 multis
1441 945 1547 977 modis
1566 954 1647 976 ean-

907 994 983 1033 dem
1000 1003 1082 1023 rem.
1104 991 1169 1023 Sed
1183 991 1254 1021 Fin.
1267 992 1308 1021 iv.
1321 992 1374 1022 20.
1391 991 1491 1020 verba
1504 999 1649 1027 vers-mre,

895 1037 1032 1070 mlicitur
1048 1037 1087 1066 de
1102 1046 1154 1073 eo,
1171 1035 1242 1074 qui,
1259 1044 1337 1065 cum
1353 1034 1504 1064 obtinere
1520 1032 1648 1072 aliquid

909 1090 977 1111 non
1000 1084 1124 1120 potest,
1141 1080 1176 1109 in
1203 1078 1309 1108 verbis
1338 1078 1491 1116 quaedam
1522 1080 1645 1107 mutat.

907 1125 926 1144 '¹²
943 1125 1094 1164 decipere
1126 1121 1207 1153 Lael.
1224 1122 1277 1153 26.
1300 1120 1398 1151 hodie
1425 1131 1479 1151 me
1503 1121 1648 1152 versaris

909 1173 1010 1208 atque
1033 1168 1150 1198 luseris
1165 1165 1363 1196 lautissime.
1386 1174 1417 1195 v.
1431 1164 1539 1195 Graev.
1556 1164 1599 1199 ad
1614 1163 1650 1196 h.

956 1254 1101 1286 Versari.
1117 1253 1218 1284 Tusc.
1231 1253 1254 1284 i.
1267 1254 1321 1284 44.
1336 1252 1409 1283 haec
1423 1255 1600 1284 versantur
1614 1251 1650 1283 in

911 1309 1032 1330 errore.
1057 1297 1098 1328 ad
1113 1298 1188 1329 Div.
1204 1297 1274 1327 xiii.
1294 1299 1343 1327 10.
1366 1300 1519 1326 versatur
1535 1296 1570 1325 in
1586 1295 1651 1326 hoc

911 1343 1023 1374 studio
1039 1345 1155 1372 nostro
1171 1350 1248 1371 cum
1264 1340 1410 1379 ingenio.
1431 1339 1528 1370 Verr.
1545 1339 1580 1370 ii.
1594 1338 1649 1374 76.

911 1387 1038 1418 haerere
1064 1385 1178 1423 homo,
1205 1384 1346 1421 versari,
1371 1383 1510 1414 rubere:
1535 1382 1576 1413 de
1598 1392 1653 1420 eo,

914 1431 972 1469 qui
988 1430 1108 1467 nescit,
1125 1428 1206 1468 quid
1220 1431 1308 1467 agat.
1325 1427 1344 1445 '²‘
1359 1426 1460 1457 Arch.
1476 1431 1507 1462 9.
1525 1425 1652 1460 bellum

915 1475 950 1505 in
969 1483 1091 1513 magna
1106 1473 1266 1502 varietate
1277 1474 1456 1503 versatum.

962 1517 1157 1548 lPrs-iculas.
1181 1515 1255 1546 Mil.
1281 1515 1334 1548 26.
1357 1515 1439 1554 Leg.
1455 1514 1491 1545 ii.
1510 1514 1542 1545 6.
1565 1522 1654 1544 unus

914 1563 1092 1599 versiculus
1121 1559 1279 1596 Senatus,
1309 1561 1361 1589 est
1393 1558 1451 1588 illa
1485 1557 1634 1588 formula
1646 1569 1655 1586 ι

915 1605 1053 1635 videant
1080 1604 1170 1634 Coss.
1195 1612 1238 1633 ne
1259 1602 1338 1642 quid
1355 1601 1552 1632 detrimenti
1567 1601 1658 1641 capi-

919 1654 955 1679 at
973 1658 1059 1688 resp.

965 1692 1122 1727 Versum,
1138 1693 1190 1720 est
1204 1690 1328 1720 sumtio
1338 1688 1490 1729 pecnniae
1506 1692 1636 1720 mutuae
1646 1700 1656 1718 z

918 1736 1007 1766 unde
1023 1735 1098 1765 duae
1114 1734 1230 1764 formae
1244 1732 1427 1773 loquendi3
1451 1742 1594 1771 quarum
1611 1731 1659 1763 al-

919 1783 1026 1810 teram
1044 1782 1079 1808 et
1095 1787 1186 1808 nunc
1200 1777 1338 1816 quidam
1352 1775 1438 1806 male
1448 1775 1659 1816 intelligunt.

920 1824 1034 1853 Prima
1055 1826 1108 1852 est
1131 1820 1212 1851 Coel.
1227 1824 1259 1856 7.
1284 1820 1380 1851 Font.
1400 1823 1427 1850 1.
1449 1819 1543 1850 Verr.
1554 1820 1590 1850 ii.
1604 1820 1660 1854 76.

920 1867 1028 1897 Flacc.
1050 1867 1103 1897 20.
1127 1874 1300 1896 versuram
1325 1864 1435 1894 facere
1461 1864 1503 1895 ab
1532 1863 1658 1904 aliquo,

921 1920 994 1950 quae
1011 1909 1179 1949 significat
1194 1907 1405 1949 simpliciter,
1421 1907 1602 1947 pecuniam
1617 1907 1660 1938 ab

921 1955 1033 1993 aliquo
1052 1962 1185 1983 sumere
1204 1957 1372 1982 mutuam.
1390 1951 1496 1982 altera
1512 1955 1565 1981 est
1587 1950 1661 1983 Att.

920 2008 951 2029 v.
971 2001 999 2028 1.
1022 2006 1162 2027 versura
1177 1996 1268 2029 facta
1283 1995 1420 2026 solvere.
1441 1995 1543 2026 Tuse.
1561 1995 1584 2028 i,
1606 1996 1662 2026 42.

923 2042 995 2072 sine
1017 2050 1156 2071 versura
1181 2039 1378 2071 dissolvere:
1403 2039 1436 2070 h.
1454 2049 1482 2069 e.
1507 2038 1662 2071 debitum

923 2085 1049 2115 solvere
1064 2085 1126 2122 ita,
1142 2089 1182 2114 ut
1197 2084 1238 2114 ab
1254 2083 1319 2114 alio
1334 2092 1459 2114 sumas.
1474 2092 1505 2113 v.
1517 2081 1663 2113 Gronov.

926 2131 1067 2160 Sestert.
1083 2138 1116 2169 p.
1131 2131 1204 2159 535.

971 2172 1101 2202 Versus.
1127 2181 1202 2202 adv.
1229 2170 1269 2201 ad
1286 2170 1362 2201 Div.
1379 2171 1422 2200 iv.
1441 2171 1492 2201 12.
1516 2170 1552 2200 iu
1568 2168 1663 2200 Itali-

925 2226 979 2246 am
1004 2225 1123 2246 versus.
1154 2214 1236 2245 Lael.
1259 2216 1312 2246 25.
1345 2214 1382 2244 in
1409 2213 1520 2244 forum
1542 2223 1667 2245 versus.

925 2270 956 2290 v.
974 2259 1011 2291 C.
1029 2259 1176 2298 Langius
1193 2258 1236 2288 ad
1247 2258 1282 2288 h.
1298 2258 1320 2288 1.
1336 2261 1371 2288 et
1381 2257 1514 2289 Mauut.
1531 2257 1573 2288 ad
1587 2257 1665 2288 Div..

926 2304 994 2333 viii.
1015 2307 1063 2334 15.
1087 2303 1145 2334 sed
1161 2302 1274 2333 cautio
1290 2306 1342 2332 est
1356 2302 1392 2332 in
1407 2300 1470 2331 hac
1485 2300 1606 2338 forma,
1622 2310 1665 2331 ne

928 2357 1002 2378 eam
1019 2347 1058 2377 iis
1075 2346 1156 2377 locis
1172 2345 1404 2383 obtrudamus,
1420 2345 1478 2375 ubi
1489 2354 1601 2375 versus
1615 2348 1668 2376 est

928 2391 1157 2431 participium.
1179 2390 1219 2421 de
1248 2399 1314 2429 quo
1341 2399 1371 2420 ν.
1387 2388 1519 2420 Duker.
1535 2387 1580 2418 ad
1593 2387 1667 2419 Liv.

929 2435 1063 2465 xxxviii.
1080 2437 1132 2466 51.

975 2478 1103 2510 Versus.
1120 2487 1207 2519 pass.
1220 2477 1337 2508 Partit.
1346 2478 1376 2508 5.
1392 2485 1498 2515 genus
1509 2474 1670 2515 eloquen-

931 2522 965 2553 di
976 2532 1106 2553 versum
1122 2526 1158 2551 et
1175 2524 1356 2552 mutatum.
1367 2521 1389 2550 i.
1406 2529 1435 2550 e.
1450 2519 1539 2558 quod
1555 2529 1575 2549 a
1589 2519 1671 2550 sim-

934 2565 1014 2607 plici
1030 2566 1160 2596 ratione
1176 2564 1314 2596 recedit.

977 2609 1105 2640 szus.
1117 2609 1222 2639 subst.
1238 2618 1298 2648 pro
1314 2606 1475 2637 membro.
1488 2604 1590 2648 κάλῳ.
1610 2606 1671 2638 Or.

933 2653 986 2684 66.
1009 2663 1048 2683 ex
1064 2653 1193 2683 duobus
1207 2652 1359 2682 versibus.

978 2695 1138 2728 Ver-sutus
1157 2696 1232 2735 quis
1262 2694 1418 2725 dicatur?
1444 2693 1524 2724 Nat.
1549 2693 1594 2725 D.
1618 2693 1671 2724 iii.

937 2742 988 2771 10.
1013 2740 1056 2771 cf.
1072 2740 1143 2770 Fin.
1157 2740 1192 2770 ii.
1212 2742 1261 2773 17.
1277 2738 1324 2769 iii.
1345 2741 1372 2768 1.

980 2783 1096 2821 Verus,
1116 2792 1243 2822 aequus.
1266 2781 1382 2821 Quint.
1404 2784 1453 2812 15.
1469 2790 1586 2812 verum
1606 2779 1674 2811 fuit

934 2827 1126 2869 postulare?
1152 2825 1194 2857 cf.
1211 2826 1293 2866 Leg.
1311 2825 1345 2856 ii.
1370 2828 1400 2856 5.
1417 2828 1447 2860 7.
1465 2825 1526 2855 διο.

982 2871 1230 2911 Verumtamen,
1255 2869 1427 2911 eleganter
1451 2872 1528 2910 post
1552 2876 1674 2909 paren—
