1800 3131
108 107 158 155 27
164 110 190 146 4

111 211 147 237 et
163 205 238 236 edd.
255 203 409 245 quaedam
424 203 552 234 habent
565 203 724 235 diremtus
734 217 743 234 .·
761 205 850 244 quod

115 250 266 291 praefero.
312 249 401 279 Nam
416 248 520 278 etiam
536 247 692 279 dirimere
719 259 777 289 pro
801 249 850 280 di-

114 294 226 324 videre
243 293 379 330 dicitur,
404 301 472 322 non
494 291 647 332 diripere.
681 293 724 322 Et
753 293 851 323 libra-

113 339 172 369 riis
192 337 330 367 solitum
351 337 431 373 suit,
454 336 599 375 direptus
625 337 768 366 scribere
794 346 852 376 pro

115 382 286 412 dir-emtus.
303 380 369 410 vid.
395 379 532 410 Gesner.
558 380 600 410 ad
626 380 720 410 Varr.
744 380 784 410 R.
811 381 851 410 R.

123 426 170 456 iii.
190 428 219 456 5.
243 430 327 455 extr.
356 429 391 454 et
413 423 587 455 Drakenb.
612 423 653 453 ad
679 423 750 453 Liv.
767 423 854 454 xxiv.

162 512 329 549 Diribere,
369 511 579 542 distribuere.
610 509 662 539 Fr.
701 509 800 540 Corn.
834 510 854 539 i.

121 556 203 587 dum
221 555 355 587 tabellae
372 556 565 592 diribmtur,
581 553 660 583 dum
678 553 781 583 situla
801 553 857 582 de-

120 600 240 631 fertur.
266 600 330 630 Pis.
345 602 398 630 40.
423 608 466 628 an
483 607 545 637 ego
571 600 760 636 expectem,
776 596 857 626 dum

121 645 161 675 de
179 649 214 675 te
232 652 323 674 Lxxv
348 641 482 672 tabellae
499 641 718 678 diribeantur,
735 640 775 670 de
792 649 858 679 quo

117 689 192 728 jam
208 688 337 728 pridem
364 695 482 716 omnes
509 683 668 713 mortales
686 684 859 723 judicave-

124 737 218 762 runt.
266 730 415 768 Uterque
438 729 529 759 loeus
552 727 695 757 mirifice
721 727 804 758 facit
818 728 860 758 ad

123 774 377 805 convellendam
394 771 543 802 Abramii
568 771 786 808 sententiam,
803 772 860 811 qui

125 819 167 850 ad
182 819 216 848 h.
234 819 254 848 1.
280 825 314 847 et
340 816 382 846 ad
405 815 516 846 Pison.
533 825 562 846 e.
591 818 640 846 15.
668 815 861 856 disputabat

124 859 594 897 contraGruehium,diribere
605 868 675 888 esse
687 869 861 889 secernere

126 906 297 944 suffragia,
306 913 380 944 quae
390 903 587 942 ajudieibus
599 906 659 932 aut
669 903 807 943 populo,
815 913 860 934 se.

124 960 184 990 per
205 948 359 985 tabellas,
376 947 446 977 lata
471 947 549 977 sint.
582 945 671 976 Nam
688 947 724 976 in
740 947 862 987 primo,

124 993 259 1024 tabellae
289 993 423 1022 diriberz‘
449 990 610 1020 dicuntur
635 995 727 1028 ante,
761 1000 862 1029 quam

125 1037 231 1067 situla
246 1036 359 1066 delata
383 1035 528 1071 dicatur,
551 1034 586 1063 in
613 1044 714 1073 quam
731 1033 863 1064 tabellae

125 1081 330 1111 mittantur:
357 1080 392 1109 in
416 1079 535 1115 altero,
564 1078 653 1116 quod
675 1082 755 1108 ante
782 1078 864 1108 dici-

125 1130 196 1163 tur,
218 1123 353 1154 tabellae
385 1123 582 1159 diribentur,
616 1131 662 1152 se.
691 1122 863 1162 judicibus

126 1168 307 1199 sententiae
325 1166 473 1197 ferendae
499 1175 611 1203 eausa,
629 1170 668 1195 ut
697 1175 757 1195 nos
785 1176 863 1196 eum

126 1212 275 1243 Gruchio
299 1212 575 1251 interpretamur,
592 1209 626 1239 id
641 1210 758 1239 statim
783 1209 864 1240 dici-

126 1260 185 1287 tur
204 1255 365 1295 judicare.
390 1255 430 1285 In
447 1254 519 1284 loco
537 1254 600 1283 Pis.
617 1255 671 1284 40.
697 1253 793 1284 MSS.
806 1253 865 1283 ha-

126 1300 210 1330 bent
235 1300 447 1339 diripiantur.
471 1308 502 1327 v.
526 1297 634 1327 Graev.
662 1296 705 1327 ad
721 1297 754 1327 h.
783 1296 804 1328 l.
831 1301 866 1327 et

126 1343 212 1375 Intt.
229 1344 272 1374 ad
285 1343 427 1374 Varron.
442 1342 483 1372 R.
500 1341 539 1371 R.
558 1341 605 1370 iii.
624 1343 654 1371 5.

169 1388 340 1426 Diribitz'o,
358 1385 561 1417 distributio.
577 1384 691 1414 Plane.
704 1384 735 1415 6.
752 1384 800 1414 sic
814 1388 867 1415 est

125 1431 161 1462 in
188 1432 365 1462 Graeviana
389 1434 424 1460 et
454 1429 539 1460 aliis.
568 1428 627 1458 sed
656 1427 867 1458 Gronoviana

124 1475 227 1506 habet
244 1488 251 1506 z
279 1475 433 1515 direptio,
450 1483 511 1515 pro
541 1472 707 1503 diremtio.
731 1482 762 1503 v.
780 1472 865 1502 dire-

131 1522 221 1560 ptus

172 1563 351 1601 Diribitor,
379 1560 589 1597 distributor,
622 1569 727 1600 genus
751 1569 868 1600 opera-

131 1616 207 1637 rum
233 1606 455 1638 comitialium
484 1609 519 1634 et
539 1603 764 1644 judicialium,
792 1613 867 1643 quae

128 1651 270 1682 tabellas
286 1649 543 1681 distribuebant.
561 1649 638 1678 Sen.
654 1658 687 1688 p.
711 1647 795 1678 Red.
817 1651 865 1678 ll.

129 1695 194 1725 Pis.
227 1698 276 1726 15.
299 1695 356 1724 ubi
382 1693 540 1733 quidam:
567 1692 810 1722 distributores.
836 1702 867 1722 v.

130 1739 257 1770 Grueh.
276 1738 316 1768 de
337 1738 462 1768 Comit.
476 1736 498 1767 i.
515 1739 546 1768 3.
561 1740 597 1766 et
613 1735 698 1766 Intt.
715 1735 757 1765 ad
771 1736 866 1766 Varr.

130 1782 152 1813 l.
171 1793 200 1812 c.

176 1826 347 1865 Dirigere.
372 1824 443 1854 Fin.
467 1823 502 1854 ii.
519 1825 572 1855 22.
596 1823 771 1863 voluptate
795 1833 868 1853 om-

130 1871 189 1901 nia
205 1871 400 1909 dirigentem
434 1867 468 1898 h.
485 1877 515 1897 e.
533 1867 576 1898 ad
591 1867 801 1907 voluptatem
817 1877 868 1897 re-

128 1914 288 1951 ferentes,
306 1914 339 1943 in
357 1912 529 1952 voluptate
545 1921 719 1941 summum
741 1920 869 1951 ponen-

128 1961 179 1988 tes
197 1959 333 1988 bonum.
357 1957 434 1987 Div.
452 1956 474 1986 i.
505 1958 553 1985 14.
578 1955 740 1985 divinatio
757 1955 796 1985 ad
814 1963 869 1984 ve-

131 2003 269 2032 ritatem
299 2000 483 2040 saepissime
508 2000 651 2038 dirigit.-
688 1999 870 2039 opponitur

129 2045 258 2076 fallere.
281 2045 339 2076 Or.
357 2045 378 2074 i.
394 2046 446 2074 28.
470 2044 614 2082 dirigere
635 2042 771 2072 laudem
797 2052 870 2073 ora-

129 2089 252 2119 toriam
270 2089 312 2119 ad
332 2087 589 2118 similitudinem
614 2086 785 2116 histrionis
810 2086 869 2116 διο.

132 2137 152 2155 ³*
170 2138 223 2163 est
246 2133 350 2163 etiam
367 2132 402 2161 in
424 2142 458 2161 re
483 2130 636 2170 augurali
663 2139 742 2160 usus
769 2130 870 2169 hujus

138 2177 242 2213 verbi,
258 2186 318 2217 pro
332 2175 485 2213 definire,
503 2174 738 2205 determinare.
754 2175 831 2205 Div.
847 2174 869 2203 i.

141 2224 192 2256 17.
218 2220 382 2251 Romulus
398 2219 483 2249 lituo
497 2219 619 2249 diremit
635 2218 800 2257 regiones.

181 2265 360 2296 Dirimere.
383 2263 465 2303 Leg.
481 2263 503 2294 i.
517 2266 569 2294 ΞΟ.
592 2262 665 2292 haec
681 2267 872 2292 controver-

140 2309 190 2339 sia
205 2309 319 2338 omnia
330 2308 457 2338 dirimit
467 2319 476 2335 .·
500 2307 522 2337 i.
537 2317 566 2336 e.
580 2306 664 2336 facit
680 2305 871 2342 discidi-um,

136 2358 176 2383 ut
192 2353 282 2382 inter
308 2361 363 2382 eos
388 2351 567 2380 convenire
596 2359 665 2379 non
692 2349 807 2389 possit.
832 2349 874 2379 ad

135 2397 213 2427 Div.
231 2396 277 2425 iii.
297 2399 346 2426 10.
371 2405 448 2424 euru
465 2405 504 2424 eo
531 2394 807 2433 conjunctionem
824 2393 874 2422 di-

136 2441 314 2470 remissem.
339 2441 359 2460 ’ἓ
377 2438 454 2469 Div.
481 2439 503 2468 i.
528 2440 580 2472 39.
605 2436 721 2477 pulmo
748 2437 873 2467 incisus

136 2484 265 2514 dirimit
280 2488 428 2523 tempus,
452 2486 488 2512 et
502 2481 629 2522 profert
651 2481 761 2511 diem:
786 2480 820 2511 h.
843 2490 872 2510 e.

135 2527 232 2564 facit,
248 2530 287 2557 ut
302 2536 353 2556 res
369 2530 526 2566 suscepta
547 2535 586 2554 eo
607 2524 660 2555 die
677 2525 790 2564 peragi
806 2534 874 2554 non

139 2571 258 2611 possit,
275 2571 331 2600 sed
349 2571 383 2599 in
400 2569 503 2599 alium
520 2569 609 2599 diem
619 2568 802 2599 differenda
817 2568 874 2605 sit,

140 2620 318 2653 tamquam
334 2614 470 2643 comitia
486 2614 632 2643 &e.cum
649 2612 876 2642 obnunciatur

147 2658 209 2688 διο.
225 2668 253 2688 ν.
271 2657 414 2687 Gronov.
432 2657 473 2687 ad
488 2657 561 2687 Liv.
579 2657 600 2686 i.
617 2657 669 2687 36.

185 2701 355 2741 Diripcv‘e,
391 2700 572 2740 compilare
603 2700 691 2730 bona
724 2698 874 2730 alterius.

142 2744 180 2775 In
199 2756 265 2784 quo
282 2745 552 2774 animadvertant.
566 2743 706 2780 tirones,
727 2747 803 2773 tum
819 2743 875 2773 de-

142 2799 238 2818 mum
254 2788 333 2826 dici,
351 2798 428 2818 cum
445 2798 465 2817 a
479 2787 630 2828 pluribus
646 2788 686 2817 fit
702 2787 768 2817 ista
783 2797 874 2816 com-

141 2832 273 2873 pilatio,
298 2838 474 2870 tamquam
504 2832 539 2861 in
571 2831 874 2871 expugnationibus

141 2876 290 2914 urbium,
306 2879 367 2906 aut
381 2885 459 2905 eum
484 2884 535 2904 res
563 2874 605 2905 ad
626 2874 737 2914 plures
757 2884 872 2914 perve-

141 2920 212 2951 nit:
248 2929 327 2952 cum
352 2923 467 2951 autem
494 2928 582 2951 unus
609 2917 782 2960 compilat,
813 2921 874 2950 aut

633 116 778 145 INDEX
812 116 1117 146 LA'rINx'rATIS.

895 206 1017 243 aufert,
1049 209 1110 236 aut
1139 214 1198 246 pro
1229 203 1405 235 detrahere
1431 208 1467 235 et
1497 204 1626 236 aufem-e

893 250 1090 290 simpliciter
1116 249 1253 288 dieitur,
1270 248 1420 287 deripere
1447 248 1628 279 dicendum

893 303 978 330 esse,
996 303 1061 323 non
1079 294 1230 333 diripere.
1276 293 1385 331 Hujus
1400 292 1447 321 rei
1464 292 1629 331 ignoratio

894 337 987 374 fecit,
1016 343 1053 367 ut
1079 337 1203 368 librarii
1231 337 1301 367 haec
1328 336 1393 366 duo
1419 335 1519 365 verba
1541 345 1629 375 saepe

896 380 1155 418 confunderent,
1168 390 1271 420 eaque
1285 380 1318 409 iu
1334 378 1499 419 plerisque
1512 384 1629 408 aucto-

897 434 971 453 rum
987 424 1189 454 editionibus
1201 424 1308 454 adhue
1322 427 1440 461 regnat
1457 421 1608 452 confusio
1622 434 1630 450 τ

898 476 985 506 quae,
1003 467 1064 497 hac
1082 468 1198 507 regula
1222 467 1431 507 pervulgata,
1447 465 1571 496 sensim
1597 466 1634 495 in

898 511 1089 541 auctoribus
1105 512 1242 542 edendis
1266 519 1300 541 et
1327 513 1359 541 in
1387 509 1529 540 dicendo
1552 509 1633 539 scri-

898 553 1072 593 bendoque
1101 556 1199 585 vitari
1236 555 1371 595 poterit.
1402 564 1432 583 ν.
1459 553 1567 583 Graev.
1591 551 1636 583 ad.

901 598 957 627 Or.
986 608 1035 637 pr.
1063 597 1143 628 Sull.
1173 609 1201 628 c.
1230 602 1255 628 1.
1283 599 1325 628 ad
1343 598 1438 628 Verr.
1469 598 1501 627 ii.
1534 599 1565 630 7.
1595 599 1636 626 ut

901 641 1079 671 Ileinsium
1097 642 1139 671 ad
1164 642 1334 680 Ovidium,
1361 648 1396 672 et
1422 640 1638 672 Drakenbor-

902 685 1016 714 chium
1033 685 1074 715 ad
1089 685 1208 715 Silium
1219 686 1447 724 taceani‚,ja1n
1460 685 1495 714 in
1512 683 1636 714 Lexico

903 728 998 758 Fabri
1026 728 1188 759 laudatos.
1213 729 1306 759 Verr.
1332 729 1379 758 iii.
1402 731 1455 759 20.
1482 733 1636 768 paterere

905 776 1051 803 aratores
1069 773 1308 812 indignissimis
1325 773 1455 811 injuriis
1472 772 1580 801 vexari
1597 781 1636 801 ac

904 816 1015 856 diripi,
1033 826 1077 846 sc.
1095 826 1114 846 a
1134 817 1377 846 redemtoribus
1406 815 1637 845 decumarum.

906 859 1044 898 Contra,
1077 870 1153 891 eum
1176 860 1271 890 Verr.
1304 860 1337 889 ii.
1372 862 1420 893 19.
1453 859 1577 888 dicitur
1601 859 1637 888 in

905 903 1136 934 Gronoviana:
1156 905 1286 944 argenti
1303 904 1469 942 vestisque
1482 901 1639 942 stragulae

906 948 994 986 quod
1020 953 1120 985 esset,
1137 958 1206 978 esse
1223 949 1398 987 (lireptmm
1428 956 1505 976 cum
1530 946 1564 976 id
1590 946 1640 976 fa·-

907 996 1000 1020 etum
1018 992 1062 1021 sit
1079 1002 1098 1021 a
1113 992 1181 1022 solo
1208 991 1324 1029 Verre,
1341 995 1398 1021 aut
1415 994 1504 1020 certe
1526 989 1642 1020 omnia

907 1035 971 1064 ista
986 1035 1028 1064 ad
1043 1036 1180 1066 Verrem
1197 1035 1421 1075 pervenerint,
1440 1038 1530 1064 recte
1547 1033 1641 1064 Grae-

906 1074 979 1108 v‘ius
996 1080 1144 1119 reposuit
1160 1088 1167 1108 τ
1193 1079 1381 1119 dereptum.
1408 1079 1461 1108 Sic
1477 1078 1518 1108 ad
1533 1078 1574 1118 Ω.
1588 1077 1641 1107 Fr.

908 1122 930 1153 i.
942 1124 974 1154 2.
991 1133 1020 1152 e.
1043 1126 1068 1153 l.
1092 1124 1255 1164 direptum
1269 1127 1303 1152 te
1320 1123 1359 1152 iri
1383 1133 1402 1152 a
1417 1123 1498 1159 tuis,
1515 1121 1595 1151 dum
1613 1121 1641 1151 is

907 1166 1055 1197 abesset:
1081 1166 1114 1198 h.
1129 1177 1158 1197 e.
1182 1170 1257 1197 tuos
1283 1165 1371 1196 male
1388 1166 1642 1196 administratu-

908 1220 960 1240 ros
976 1220 1046 1240 esse
1064 1221 1132 1241 rem
1149 1217 1258 1247 tuam,
1271 1213 1372 1248 teque
1389 1208 1639 1250 eompilaturos.

907 1253 1025 1293 Neque
1043 1265 1119 1285 vero
1135 1255 1261 1285 haerere
1285 1254 1409 1284 debent
1427 1255 1566 1290 tirones,
1584 1252 1640 1283 ubi

909 1298 1013 1328 etiam
1030 1298 1069 1328 de
1087 1298 1227 1338 singulis
1255 1298 1320 1328 dici
1343 1298 1488 1335 videtur,
1505 1307 1581 1326 cum
1606 1306 1641 1326 re

907 1351 987 1372 vera
1002 1342 1041 1372 de
1056 1342 1207 1382 pluribus
1220 1342 1363 1380 dicatur,
1379 1346 1553 1380 tamquam
1563 1350 1642 1370 eum

908 1386 1126 1426 imperatores
1143 1390 1177 1416 et
1194 1387 1409 1426 magistratus
1425 1384 1645 1425 provinciales

909 1429 1070 1460 dicuntur
1104 1432 1223 1468 socios,
1259 1430 1458 1470 provinciaS‚
1489 1429 1643 1458 civitates

908 1474 1097 1514 diripuisse:
1121 1479 1295 1513 tamquam
1324 1473 1365 1504 ad
1391 1473 1469 1504 Div.
1496 1472 1564 1502 viii.
1594 1474 1645 1502 10.

909 1527 983 1556 quae
1001 1519 1186 1558 diripuisset
1209 1519 1292 1558 ipse,
1317 1523 1357 1547 ut
1383 1517 1578 1546 viderentur
1603 1515 1645 1545 ab

908 1560 1004 1591 hoste
1022 1567 1159 1592 vastata.
1190 1562 1223 1591 in
1247 1561 1276 1591 T
1278 1570 1330 1600 og.
1360 1560 1645 1591 Cand.Antonius

909 1605 1047 1645 diripuit
1078 1607 1193 1636 socios.
1233 1608 1252 1626 ²*
1283 1615 1359 1635 cum
1388 1604 1454 1634 dat.
1482 1612 1643 1643 personae.

909 1649 1027 1689 Quint.
1044 1652 1097 1681 ΞΟ.
1121 1650 1152 1679 ei
1169 1654 1369 1679 ornamenta
1384 1648 1510 1688 diripis,
1524 1646 1582 1677 sed
1597 1646 1643 1676 le-

910 1693 978 1722 ctio
994 1693 1114 1723 vitiosa
1128 1693 1270 1723 videtur.
1286 1702 1316 1722 v.
1335 1696 1405 1722 not.

953 1736 1098 1768 Diritas.
1117 1737 1258 1774 malum,
1275 1736 1462 1773 calamitas,
1479 1734 1580 1765 Tusc.
1598 1734 1645 1764 iii.

914 1783 962 1811 14.
987 1781 1013 1810 si
1030 1791 1096 1820 qua
1112 1782 1245 1810 invecta
1259 1781 1378 1810 diruas
1394 1789 1474 1810 casu
1490 1779 1588 1809 foret.
1605 1788 1645 1808 ex

911 1825 1028 1854 Graeeo
1044 1825 1232 1865 Euripidis:
1249 1823 1284 1854 ‘lv’
1303 1824 1356 1854 εἴτε
1370 1823 1537 1864 πάσχοιμι.
1554 1823 1573 1841 ²*
1585 1832 1647 1853 sae-

910 1869 1006 1906 vitia,
1022 1869 1215 1898 crudelitas.
1237 1868 1350 1898 Vatin.
1380 1870 1411 1898 3.
1442 1876 1645 1907 quamquam

910 1913 954 1942 sis
970 1913 1063 1942 omni
1079 1913 1213 1943 diritate
1236 1916 1336 1951 atque
1361 1912 1575 1942 immanitate
1597 1916 1648 1941 te-

910 1957 1082 1986 terrimus.

955 2000 1113 2031 Diruere.
1137 1999 1230 2030 Verr.
1263 2010 1293 2030 v.
1321 2002 1370 2030 13.
1394 2008 1458 2030 aere
1489 1999 1590 2030 dirui.
1617 2008 1648 2027 v.

911 2044 980 2075 AES.

956 2088 1171 2128 Dirumpere,
1203 2097 1406 2128 magnopere
1432 2084 1647 2117 contendere.

913 2132 955 2162 acl
971 2133 1046 2162 Div.
1062 2132 1118 2162 vii.
1139 2136 1164 2162 1.
1193 2141 1289 2171 paene
1308 2132 1420 2171 dirupi
1441 2140 1494 2160 me
1510 2130 1544 2159 in
1556 2127 1648 2167 judi-

914 2177 965 2206 cio
982 2175 1068 2205 Galli
1093 2175 1267 2206 familiaris
1291 2176 1355 2206 tui.
1379 2175 1398 2194 ²*
1413 2175 1453 2204 de
1469 2172 1649 2204 invidenti-

913 2220 975 2250 bus
993 2224 1043 2250 est
1058 2220 1214 2260 dirumpi.
1239 2219 1281 2249 ad
1297 2219 1374 2249 Div.
1390 2219 1447 2249 xii.
1466 2220 1497 2249 2.
1521 2217 1650 2247 dirum-

908 2266 1008 2304 pitur
1023 2264 1137 2294 fratris
1153 2264 1204 2293 tui
1219 2263 1351 2304 plausu.

958 2308 1138 2347 Diruptus.
1154 2307 1240 2337 Phil.
1268 2307 1336 2337 xiii.
1358 2308 1408 2337 12.
1430 2305 1533 2336 homo
1557 2304 1652 2334 diru-

908 2357 988 2392 ptus
998 2351 1195 2390 dirutusque
1212 2363 1218 2380 :
1237 2360 1386 2381 scomma
1399 2351 1432 2380 in
1445 2349 1651 2379 herniosum:

915 2396 934 2414 ²*
951 2396 992 2425 ad
1007 2396 1047 2435 Ω.
1065 2395 1116 2425 Fr.
1133 2395 1180 2425 iii.
1207 2397 1240 2425 4.
1269 2395 1410 2434 diruptis
1434 2392 1579 2429 tabellis,
1603 2401 1650 2421 sc.

916 2439 1162 2479 suffragiorum.
1187 2438 1251 2468 Sed
1276 2439 1347 2468 sine
1364 2437 1590 2467 controversia
1603 2435 1651 2465 le-

918 2483 1066 2522 gendum
1092 2480 1256 2520 diremtis,
1272 2487 1313 2512 ut
1337 2481 1493 2512 viderunt
1519 2479 1650 2510 dudum

922 2527 981 2557 viri
998 2526 1100 2557 docti.

961 2571 1082 2608 Diras,
1099 2571 1133 2600 iu
1150 2579 1184 2600 re
1201 2569 1354 2609 augurali
1378 2572 1412 2598 et
1433 2567 1649 2607 haruspicina

916 2619 1055 2654 totaque
1097 2614 1300 2644 divinatione
1338 2612 1651 2651 frequentissimum

916 2659 1067 2688 verbum.
1095 2658 1170 2688 Div.
1190 2657 1223 2687 ii.
1238 2660 1287 2688 15.
1311 2660 1389 2686 exta
1404 2656 1490 2686 dira.
1518 2655 1601 2694 Leg.
1617 2654 1651 2684 ii.

918 2705 948 2733 8.
973 2711 1047 2741 quae
1064 2711 1171 2739 augur
1197 2701 1335 2740 injusta,
1353 2700 1494 2738 nefasta,
1519 2699 1652 2735 vitiosa,

917 2746 1042 2783 diff-ave,
1059 2745 1213 2775 defixerit
1228 2745 1288 2774 ἃς.
1307 2744 1348 2774 cf.
1364 2744 1468 2774 Dirae.

960 2789 1116 2820 Dirutus.
1153 2787 1238 2818 Phil.
1257 2788 1324 2818 xiii.
1349 2790 1400 2819 12.
1423 2787 1524 2817 homo
1539 2784 1653 2824 dirup-

917 2836 972 2863 tus
989 2834 1193 2872 dirutusque,
1210 2832 1272 2863 int.
1288 2841 1364 2862 aere.
1383 2841 1412 2862 v.
1437 2830 1495 2861 AEs
1510 2835 1546 2859 et
1561 2828 1653 2858 diru-

918 2887 984 2908 ere.

961 2920 1111 2954 Discedo.
1135 2920 1231 2951 Brut.
1259 2922 1312 2955 91.
1336 2919 1497 2951 discedere
1513 2925 1534 2947 a
1548 2914 1655 2957 glori&
