1790 3219
148 104 233 144 414

145 205 201 234 ter
215 200 339 232 dicitur
353 210 412 242 pro
427 209 632 234 conservare.
655 201 710 234 Sic
732 201 814 235 Her.
837 203 884 234 iii.

147 249 180 279 3.
202 247 343 277 retinere
355 245 601 277 fortitudinem.

193 289 401 328 Retractare,
424 289 464 320 de
488 289 703 330 cogitatione.
726 290 796 321 Att.
820 290 888 321 viii.

147 338 181 370 9.
205 343 326 373 augere
342 333 489 365 dolorem
505 335 724 365 retractando.
750 334 830 365 Nat.
842 334 887 365 D.

148 376 185 409 ii.
208 380 261 410 98.
285 377 340 417 qui
364 378 489 417 omnia,
506 387 579 417 quaev
595 378 636 408 ad
652 377 782 408 cultum
800 377 890 408 Deo·

147 426 224 453 rum
262 421 484 461 pertinerent,
514 422 693 462 diligenter
728 425 888 452 retracta-

147 469 224 496 rent
234 477 243 494 .·
256 465 312 495 ubi
323 465 425 496 etiam
435 475 494 506 pro
505 468 649 496 tractare
661 465 786 495 dictum
798 465 888 494 vide-

148 512 217 541 tur.
234 511 253 530 θ
267 518 432 547 recusare,
447 509 668 549 tergiversari.
685 508 820 538 Tusci.
833 510 888 538 31.

149 553 262 583 veniet
277 555 421 593 tempus,
437 557 472 583 et
488 553 620 592 quidem
638 551 803 590 celeriter,
819 552 886 581 sive

147 597 353 634 retractabis,
369 596 436 626 sive
453 596 651 636 properabis.
674 595 772 635 Quod
793 594 834 625 ad
853 594 886 624 h.

148 639 171 675 l.
195 639 360 671 Buherius
384 644 482 679 putat
506 638 596 670 aliud
610 648 681 669 esse
699 643 886 676 retrectare,

148 683 242 715 aliud
266 688 460 721 retractare,
486 683 518 713 id
546 682 640 712 nihili
666 689 730 719 est,
754 686 792 712 ut
813 682 886 720 jam

148 727 283 759 monuit
298 726 469 758 Drakenb.
486 725 526 756 ad
544 726 613 756 Liv.
630 726 750 756 xxxvii.
772 728 818 756 18.

192 771 401 803 Retractatio.
439 769 680 809 tergiversatio.
715 768 818 799 Tusc.
854 779 885 798 v.

146 815 200 850 99.
223 815 294 845 sine
319 815 547 844 retractatione
570 813 673 843 libere
700 813 820 843 dicere.
845 812 886 842 ad

145 860 217 890 Att.
241 858 309 888 xiii.
331 859 383 888 535.
406 858 477 887 sine
496 857 566 888 ulla
594 857 802 888 dubitatione
826 861 886 886 aut

146 903 383 932 retractatione.
400 906 452 932 est
468 901 549 932 adeo
565 900 678 942 paullo
693 900 767 941 plus
784 910 884 940 quam

148 945 327 976 dubitatio.

187 989 421 1019 Retractatior.
456 987 526 1018 Att.
557 988 621 1019 xvi.
653 990 684 1019 3.
723 985 885 1027 σύνταγμα

142 1034 373 1064 retractatz'us:
391 1032 514 1062 iterum
526 1041 716 1069 excussum,
728 1032 885 1062 emenda·

143 1082 232 1114 tum,
249 1086 354 1116 eoque
370 1080 405 1106 et
420 1076 606 1106 accuratius
623 1075 762 1106 factum.

189 1120 383 1158 Retrahere,
399 1119 545 1158 trahere,
562 1119 695 1150 ducere.
718 1119 808 1149 Part.
830 1121 883 1153 39.

141 1165 311 1197 retrahere
326 1165 360 1194 in
376 1163 489 1194 odium
502 1163 624 1202 judicis
641 1162 777 1202 aliquid.

188 1207 360 1256 Regrusus,
378 1207 520 1237 abditus.
547 1208 603 1238 Or.
630 1208 652 1238 i.
680 1210 728 1242 19.
752 1210 882 1237 retrusa

146 1252 183 1282 in
201 1252 311 1283 media
327 1250 545 1292 philosophia.

186 1294 385 1333 Retundere‚
402 1295 632 1334 comprimere.
655 1292 698 1324 ad
719 1293 796 1324 Div.
815 1293 883 1323 viii.

142 1339 175 1370 6.
200 1339 323 1370 retudit
337 1348 517 1369 sermones.

188 1383 341 1421 Retusus,
366 1383 519 1420 obtusus,
543 1381 654 1413 hebes.
681 1380 759 1412 Div.
783 1379 805 1410 i.
829 1381 883 1412 36.

140 1431 291 1457 retusum
308 1426 493 1466 ingenium.

185 1470 364 1507 Revezlera
388 1469 517 1499 tollere.
540 1469 610 1499 Att.
634 1478 663 1498 v.
688 1469 741 1499 ΞΟ.
766 1477 882 1498 omnes

141 1513 280 1554 injurias
296 1514 482 1544 revellimus
496 1513 693 1552 superiores.

184 1557 355 1595 Reverear,
381 1566 508 1594 vereor,
533 1556 649 1586 timeo.
680 1556 738 1586 Or.
766 1555 800 1585 ii.
828 1556 881 1586 ⁶28.

140 1600 250 1632 dicam
280 1602 371 1632 enim
402 1610 470 1632 non
505 1610 653 1631 reverens
687 1598 882 1629 assentandi

140 1644 379 1685 suspicionem.

183 1689 326 1720 Reverti.
351 1688 432 1719 Coel.
457 1691 488 1719 3.
516 1692 556 1718 ut
579 1687 621 1718 ad
645 1696 698 1717 me
721 1690 880 1717 revertar.

138 1733 161 1763 i.
178 1743 208 1763 e.
226 1732 266 1763 de
282 1742 335 1763 me
351 1732 459 1763 dicere
475 1731 645 1772 incipiam.
662 1740 740 1761 nam
753 1730 883 1761 dixerat

141 1776 183 1807 de
201 1775 277 1807 alio.

184 1818 371 1858 Revincere,
388 1819 596 1850 convincere.
619 1817 718 1848 Arch.
739 1818 770 1849 6.
796 1827 883 1848 nun-

138 1869 240 1905 quam
263 1873 370 1903 neque
389 1873 449 1894 suo
465 1873 572 1903 neque
590 1862 774 1893 amicorum
791 1862 883 1900 judi-

139 1908 190 1940 cio
204 1909 397 1938 revincetur.
414 1917 443 1937 v.
460 1907 603 1937 Gronov.
619 1905 661 1936 ad
673 1905 758 1936 Geli.
772 1906 812 1935 vi.
831 1909 880 1936 ll.

183 1950 400 1982 Revirescere.
431 1951 525 1981 Prov.
544 1950 580 1980 C.
600 1953 649 1981 14.
680 1950 882 1980 revirescunt

139 2004 202 2026 τες.
226 1994 266 2026 de
288 1995 404 2033 Gallis,
422 1995 492 2035 qui,
514 1993 717 2034 recuperatis
741 1993 881 2032 viribus,

138 2037 228 2069 bella
243 2039 429 2069 instaurare
447 2038 651 2078 cogitabant.

183 2082 393 2113 Revivzkcere.
418 2081 503 2112 Phil.
520 2081 575 2112 vii.
596 2084 622 2111 l.
643 2081 685 2112 ad
700 2081 882 2112 auctorita-

136 2126 182 2157 tis
197 2126 346 2166 pristinae
362 2135 456 2167 spem
471 2126 668 2156 reviviscere.
705 2125 813 2155 Graev.
831 2135 881 2156 re-

137 2171 309 2200 virescere.

182 2213 357 2251 Revocare,
369 2213 512 2243 invitare
528 2223 605 2243 eum
623 2211 664 2243 ad
677 2212 880 2250 convivium,

138 2266 233 2296 aquo
246 2262 324 2287 ante
341 2258 472 2297 excepti
485 2266 612 2287 sumus.
627 2257 725 2287 Rosc.
738 2256 812 2287 Ain.
830 2259 879 2287 18.

137 2300 156 2318 ¹²
166 2300 221 2331 Or.
239 2301 272 2331 ii.
288 2302 340 2332 52.
365 2300 406 2330 ad
422 2310 497 2330 suas
510 2309 560 2330 res
574 2310 721 2330 revocare
733 2299 878 2339 aliquem

138 2343 273 2381 dieitur,
284 2345 339 2383 qui
356 2344 384 2374 ei
403 2344 436 2374 in
454 2344 649 2374 memoriam
661 2344 880 2383 redigit‚quae

138 2387 202 2428 ipsi
217 2388 421 2425 acciderunt,
438 2392 497 2418 aut
513 2388 581 2428 ipse
598 2387 689 2418 fecit.
714 2387 732 2406 *⁶
745 2386 878 2418 referre.

139 2430 246 2461 Flacc.
276 2433 323 2463 12.
356 2441 504 2462 revocare
533 2432 646 2462 omnia
671 2431 712 2462 ad
739 2430 878 2471 gloriam

135 2473 424 2515 splendoremque.
449 2474 467 2493 ²¹²
479 2474 634 2515 expedire
656 2484 691 2505 se
714 2484 754 2505 ex
769 2484 803 2505 re
819 2475 880 2505 ali-

137 2528 216 2557 qua,
233 2518 267 2547 in
291 2528 390 2557 quam
415 2528 473 2549 nos
497 2518 709 2549 immisimus.
745 2518 810 2549 Pis.
826 2521 878 2554 29.

136 2571 287 2591 revocare
314 2571 348 2591 se
378 2571 445 2592 non
477 2566 621 2602 poterat,
648 2561 877 2593 familiaritate

139 2604 343 2644 implicatus.
366 2604 385 2623 *ἓ
397 2605 496 2635 Dom.
513 2609 564 2637 55.
588 2616 738 2637 revocare
749 2615 783 2636 se
796 2606 878 2636 dici—

136 2653 207 2685 tur,
225 2648 281 2687 qui
304 2647 436 2678 haesitat
458 2649 493 2678 in
516 2649 670 2689 legendo,
691 2650 875 2688 recitando,

138 2691 291 2724 dicendo.
328 2690 347 2709 ¹*
363 2695 488 2723 actores
526 2692 687 2724 dicuntur
717 2696 876 2732 revocari,

138 2745 217 2768 cum
226 2735 391 2774 jubentur
406 2745 425 2765 a
440 2740 626 2776 spectatore
643 2741 792 2777 repetere
807 2748 878 2768 ver-

138 2788 194 2811 sus
211 2778 350 2817 aliquos.
371 2778 508 2809 Tuscul.
525 2780 566 2810 iv.
583 2782 635 2815 29.
660 2781 811 2811 Socrates
827 2781 877 2811 ‹li-

138 2823 227 2853 citur
254 2827 307 2852 ter
335 2831 495 2853 revocasse
525 2832 637 2854 versus
666 2825 801 2865 primos.
833 2824 876 2856 cf.

138 2865 230 2897 Sext.
248 2864 299 2897 56.
316 2867 368 2897 58.
391 2869 426 2895 et
441 2866 484 2896 ibi
501 2865 635 2898 Abram.
650 2868 709 2899 sed
724 2868 758 2898 in
775 2878 876 2908 gene-

139 2918 175 2942 re
197 2910 342 2942 revocari
363 2908 535 2951 dicuntur,
558 2911 614 2954 qui
639 2910 780 2944 eandem
803 2921 876 2946 rem

670 110 818 143 INDEX
848 110 1145 143 LATINrrA'rIS.

930 203 1036 234 altera
1049 202 1118 233 vice
1135 200 1263 232 dicunt.
1291 199 1392 232 Arch.
1408 202 1440 233 8.
1470 201 1598 242 agitem,
1613 202 1673 244 qui

923 247 1090 286 ,jubentur
1105 245 1211 276 altera
1224 246 1295 276 vice
1312 245 1473 276 accusari.
1503 245 1544 287 Ω.
1564 246 1617 278 Fr.
1634 244 1671 279 ii.

930 289 960 322 6.
976 291 1118 331 populus
1131 294 1267 320 revocat.
1283 288 1509 328 *instaurare,
1523 291 1672 322 reficere.

930 334 971 364 ad
995 334 1072 365 Div.
1087 334 1143 364 vii.
1162 333 1215 364 26.
1254 333 1337 363 vires
1361 337 1397 363 et
1421 343 1540 374 eorpus
1563 335 1673 367 amisi.

930 377 994 407 Sed
1010 378 1036 408 si
1053 377 1206 408 morbum
1225 377 1396 418 depulmo,
1413 375 1526 415 facile,
1542 382 1581 408 ut
1596 387 1674 419 spe-

930 430 978 459 ro,
996 420 1053 451 illa
1073 422 1232 451 revocabo.
1267 431 1295 451 v.
1320 420 1423 451 Gron.
1449 419 1528 451 obs.
1556 421 1591 454 ii.
1621 424 1672 456 19.

929 462 1144 504 *temperare
1174 465 1248 502 sibi,
1279 464 1414 502 dicitur,
1444 474 1594 495 revocare
1623 474 1673 503 se,

928 506 999 538 Att.
1017 508 1086 538 xiii.
1108 511 1135 538 1.
1152 507 1354 547 *corrigere
1378 508 1454 539 Div.
1471 509 1505 538 ii.
1520 508 1574 539 46.
1592 518 1671 539 cum

930 551 979 581 ita
1005 551 1074 580 nati
1100 556 1225 589 essent,
1249 559 1285 582 ut
1314 551 1466 592 quaedam
1491 552 1673 592 depravata

929 594 1103 632 haberent,
1128 596 1387 626 restituerentur
1407 600 1441 625 et
1467 595 1674 634 corrigeren-

928 642 985 668 tur
1007 638 1048 668 ab
1072 642 1206 675 natura,
1226 648 1303 668 cum
1326 648 1360 669 se
1386 640 1458 680 ipsa
1481 643 1671 678 revocasset,

929 687 992 712 aut
1008 685 1091 719 arte,
1108 687 1167 712 aut
1184 681 1360 712 medicina.

972 725 1116 763 Revolvi,
1132 725 1238 755 redire
1261 724 1383 764 aliquo.
1406 725 1508 756 Attio.
1529 726 1597 757 xiii.
1617 726 1672 759 26.

928 771 1070 800 revolvor
1093 769 1277 799 identidem
1304 769 1340 799 in
1361 767 1605 800 Tusculanum.
1628 769 1674 802 cf.

928 814 986 844 Or.
1002 813 1035 843 ii.
1053 816 1106 843 30.
1123 816 1176 844 31.

973 857 1073 893 Reus,
1088 857 1115 887 is
1139 856 1233 895 cujus
1255 866 1306 886 res
1329 856 1454 896 agitur,
1472 864 1541 887 non
1560 855 1670 887 solum

928 905 1119 936 accusatus,
1135 901 1193 931 sed
1209 900 1310 930 etiam
1327 901 1366 939 is,
1383 899 1472 930 unde
1493 900 1622 940 petitur
1635 903 1672 931 et

928 944 1064 985 petitor.
1088 944 1145 975 Or.
1163 944 1196 974 ii.
1213 947 1266 978 79.
1289 944 1347 974 ubi
1370 943 1443 974 haee
1466 943 1607 983 antiqua
1628 943 1673 974 si-

927 988 1098 1026 gnificatio
1123 997 1194 1018 esse
1220 988 1352 1018 dicitur.
1378 987 1421 1019 ef.
1443 986 1523 1017 ibid.
1549 990 1604 1019 43.
1635 991 1674 1019 et

914 1031 1049 1072 'Aleiati
1066 1031 1209 1071 Par-erga
1221 1030 1311 1061 Juris
1329 1032 1363 1062 ii.
1384 1034 1432 1062 10.

972 1075 1045 1106 Reoe
1067 1084 1249 1106 sacrorum.
1273 1075 1373 1106 Dom.
1394 1078 1442 1106 14.
1467 1076 1502 1106 in
1520 1074 1672 1115 Collegio

927 1118 1131 1149 Pontificum
1155 1118 1267 1148 locum
1290 1118 1402 1149 habet.
1426 1118 1466 1149 de
1489 1129 1542 1157 eo,
1559 1123 1594 1149 et
1610 1129 1673 1150 cur

928 1162 989 1193 hoc
1006 1172 1130 1192 nomen
1148 1162 1313 1200 habuerit,
1330 1162 1403 1202 lege
1418 1163 1491 1193 Liv.
1505 1163 1538 1193 ii.
1550 1165 1581 1194 2.
1593 1164 1670 1194 init.

970 1206 1156 1237 Rham-ica.
1190 1206 1260 1236 Fin.
1278 1206 1313 1236 ii.
1329 1207 1361 1237 6.
1387 1208 1548 1237 rhetorica
1563 1205 1672 1247 philo-

926 1250 1318 1290 sophorum—rhetorica
1332 1250 1470 1280 forensi.

970 1294 1149 1324 Ricim'um.
1180 1293 1262 1333 Leg.
1292 1294 1326 1324 ii.
1357 1296 1409 1325 23.
1442 1293 1503 1324 Est
1526 1292 1668 1334 pallium

926 1337 1120 1375 mulierum,
1130 1347 1195 1377 quo
1210 1338 1244 1367 in
1258 1337 1399 1368 adversis
1416 1338 1512 1368 rebus
1525 1343 1560 1368 et
1571 1337 1671 1368 lucti-

925 1381 986 1411 bus
1002 1385 1158 1411 utuntur.
1174 1381 1239 1411 vid.
1264 1381 1390 1412 Ferrar.
1405 1381 1453 1412 Re
1470 1380 1561 1411 Vest.
1577 1381 1599 1412 i.
1615 1383 1671 1413 25.

925 1424 1056 1455 Ruben.
1074 1426 1095 1455 i.
1112 1428 1143 1459 7.
1167 1425 1270 1455 Salm.
1282 1425 1325 1455 ad
1336 1425 1419 1466 Vop.
1431 1425 1602 1456 Aurelian.
1613 1428 1670 1456 45.

925 1478 960 1510 p.
976 1471 1051 1500 541.

968 1512 1155 1550 Ridiculus,
1169 1513 1224 1551 qui
1238 1511 1478 1551 dicteriajacit‚
1489 1512 1669 1553 aut-iacere

925 1561 1047 1596 potest.
1070 1556 1165 1587 Verr.
1183 1557 1204 1586 i.
1221 1557 1275 1587 46.
1308 1557 1440 1587 ridiculi
1455 1567 1472 1586 e
1489 1556 1602 1586 dolore
1618 1566 1671 1586 re-

926 1600 1139 1640 periebantur
1153 1612 1159 1630 :
1186 1599 1218 1629 h.
1245 1610 1274 1631 e.
1302 1599 1396 1630 dolor
1422 1599 1464 1630 ad
1481 1599 1670 1639 jocandum

924 1644 1101 1681 incitabat,
1116 1643 1255 1674 dicteria
1266 1644 1472 1683 subjiciebat.
1496 1643 1515 1662 *²
1527 1643 1670 1675 facetus.

924 1687 1003 1718 ibid.
1019 1687 1073 1717 alii
1091 1687 1277 1727 frigidiores
1295 1692 1405 1725 erant,
1420 1687 1491 1724 sed,
1507 1687 1586 1727 quia
1601 1691 1670 1718 sto-

924 1731 1179 1768 machabantur,
1193 1731 1327 1762 ridiculi
1342 1730 1542 1761 videbantur
1557 1740 1640 1761 esse.

968 1775 1120 1814 Rigidus.
1145 1774 1240 1805 Brut.
1269 1778 1318 1806 18.
1344 1775 1441 1814 signa
1460 1775 1586 1813 vigida,
1609 1785 1670 1816 op-

922 1823 1097 1859 ponuntur
1112 1818 1280 1856 mollibus,
1296 1818 1582 1849 elaboratioribus.

969 1862 1144 1893 Rivalitas.
1166 1862 1268 1893 Tusa.
1283 1863 1326 1893 iv.
1342 1862 1395 1893 26.

966 1906 1055 1944 Rite,
1064 1907 1153 1946 jure.
1177 1906 1257 1936 Nat.
1272 1906 1317 1937 D.
1332 1907 1353 1937 i.
1371 1908 1425 1938 ΞΟ.

967 1949 1092 1988 Robur,
1109 1950 1214 1980 lectus
1232 1950 1348 1988 durus,
1364 1960 1404 1980 ex
1418 1949 1512 1989 ligno
1527 1948 1667 1991 duriori,

923 1998 1098 2033 tamquam
1115 1994 1201 2024 ilice.
1219 1993 1308 2024 Mur.
1325 1997 1378 2025 35.
1394 1994 1451 2033 qui
1462 1993 1668 2033 quotidianis

922 2037 1030 2078 epulis
1057 2039 1092 2068 in
1119 2039 1228 2068 robore
1254 2038 1471 2068 accumbunt.
1494 2037 1666 2068 *Cluent.

924 2082 976 2112 56.
1015 2082 1128 2112 robora
1163 2080 1280 2122 populi
1316 2082 1474 2120 Romani,
1507 2081 1668 2122 dicuntur

922 2125 1163 2165 equites,justi
1180 2125 1240 2156 &a

967 2169 1139 2207 Robuscas,
1156 2178 1309 2209 magnus.
1333 2167 1417 2198 Phil.
1443 2177 1472 2198 v.
1499 2170 1549 2199 ll.
1571 2168 1668 2199 robu-

921 2214 1002 2244 stius
1025 2214 1065 2244 fit
1087 2212 1226 2244 malum.
1252 2212 1365 2242 Planc.
1389 2215 1419 2243 8.
1447 2213 1579 2242 robusta
1599 2212 1667 2243 fre-

923 2258 1072 2296 quentia.
1105 2257 1182 2288 Div.
1200 2258 1221 2288 i.
1240 2259 1291 2288 18.
1321 2265 1371 2286 res
1389 2258 1556 2286 vetustate
1571 2257 1668 2287 robu-

921 2305 986 2339 sta,
1005 2302 1027 2331 i.
1045 2312 1074 2331 e.
1092 2301 1238 2331 firmata.
1667 2327 1668 2330 ,

966 2345 1110 2383 Rogare,
1128 2345 1162 2375 in
1179 2343 1396 2385 petitionibus
1412 2346 1463 2374 est
1479 2343 1666 2374 amicorum

923 2387 1114 2426 Candidati,
1127 2389 1183 2428 qui
1197 2387 1357 2429 populum
1371 2396 1430 2427 pro
1442 2396 1480 2417 eo
1493 2391 1667 2427 prensant.

922 2432 1035 2462 Plane.
1056 2436 1104 2462 10.
1129 2442 1237 2471 neque
1253 2432 1342 2461 cuim
1359 2441 1422 2471 ego
1433 2432 1480 2461 sic
1492 2431 1665 2470 rogabam,

922 2479 959 2506 ut
983 2480 1095 2516 petere
1119 2476 1259 2513 viderer,
1279 2475 1357 2515 quia
1378 2474 1552 2505 familiaris
1575 2479 1666 2505 esset

921 2519 1117 2550 meus—sed
1135 2524 1173 2549 ut
1189 2519 1282 2558 quasi
1300 2520 1442 2559 parenti.
1455 2517 1574 2548 deinde
1587 2528 1665 2549 vero

919 2563 1021 2593 etiam
1041 2563 1237 2595 Candidati:
1255 2563 1295 2593 de
1312 2573 1377 2601 quo
1393 2571 1470 2592 cum
1483 2561 1618 2600 dicitur,
1631 2562 1668 2593 in

920 2607 1119 2638 deteriorem
1134 2611 1264 2648 partem
1281 2607 1456 2646 accipitur.
1500 2605 1588 2636 Nam
1607 2615 1668 2646 pe-

920 2655 987 2682 tere
1001 2652 1175 2691 proprium
1191 2655 1243 2681 est
1257 2650 1411 2687 verbum,
1422 2659 1488 2688 quo
1504 2652 1664 2689 utuntur,

919 2704 995 2725 cum
1022 2699 1201 2735 prensatur
1223 2694 1389 2735 populus:
1413 2703 1534 2732 rogare
1549 2698 1666 2724 autem

919 2748 997 2769 cum
1021 2749 1110 2769 unus
1133 2738 1196 2769 hac
1221 2741 1388 2778 potestate
1412 2741 1475 2774 est,
1494 2741 1535 2767 ut
1557 2737 1665 2776 magi-

918 2786 1044 2813 stratus
1060 2783 1201 2820 tribuat,
1218 2781 1272 2811 eui
1289 2781 1380 2818 velit,
1397 2781 1546 2820 adeoque
1564 2780 1605 2810 ab
1623 2790 1664 2810 eo

919 2825 1127 2857 Candidatus
1144 2826 1381 2865 magistratum
1398 2824 1496 2865 petit.
1527 2823 1611 2854 Phil.
1629 2824 1666 2854 ii.

918 2872 971 2901 30.
997 2874 1081 2901 extr.
1111 2870 1146 2900 in
1162 2870 1352 2909 proximum
1368 2878 1494 2899 annum
1510 2866 1665 2898 consula-

916 2916 992 2945 tum
1009 2917 1148 2958 peteres,
1164 2912 1217 2944 vel
1238 2913 1349 2956 potius
1373 2921 1526 2954 rogares;
1552 2911 1579 2942 is
1602 2915 1665 2961 pegi*
