1790 3219
128 73 215 114 ⁴140

137 173 190 203 21.
217 181 271 202 me
287 171 396 213 ipsum
412 173 494 204 mihi
509 173 770 207 sollicitudinem
786 181 873 208 stru-

136 225 190 246 ere
207 225 318 254 cogor.
342 217 403 247 &c.

182 257 335 298 studere,
359 260 439 299 quid
465 261 522 300 sit,
546 271 587 292 ex
610 263 747 293 notione
773 264 873 294 studii

138 302 350 342 intelligetur
373 304 516 344 planius,
532 310 567 336 et
590 307 772 337 notissimae
796 313 876 337 sunt

137 345 239 386 hujus
263 347 351 376 verbi
374 348 644 387 significationes.
691 350 804 380 Unum
830 350 876 380 lo-

138 398 216 420 cum
234 390 424 429 afferemus,
436 392 470 422 in
485 403 550 432 quo
567 399 617 423 est
631 403 709 433 pro:
733 393 877 423 familia—

138 442 209 464 rem
242 443 313 464 esse
343 434 453 466 alicui.
487 435 567 466 Coel.
598 439 631 467 4.
669 436 766 467 multi
798 438 875 467 boni

137 476 366 508 adolescentes
387 479 585 510 studuerunt
611 479 658 509 illi
675 480 802 510 homini
818 490 876 510 ne-

137 529 251 558 quam.
280 521 339 562 (sc.
366 521 507 561 Clodio.)
541 533 600 563 pro
627 523 735 553 favere
763 523 874 553 alicui.

137 562 217 594 ibid.
249 565 378 596 studere
403 566 542 605 petenti.
568 576 614 596 sc.
643 566 876 597 Consulatum.

137 606 248 638 *cum
271 618 340 639 acc.
369 613 420 638 est
442 610 498 639 Or.
523 609 557 639 in
582 610 658 639 Sen.
684 619 715 649 p.
738 609 821 640 Red.
845 612 876 640 6.

138 659 217 681 cum
241 661 316 682 vero
339 651 452 682 literas
467 653 597 683 studere
613 652 741 692 incipit.
760 663 788 683 v.
805 657 875 683 not.

139 695 160 716 Ψ
174 694 287 726 Plane.
302 695 355 726 36.
379 695 503 726 auxilia
524 695 688 726 studenda
709 700 808 735 atque
825 697 877 727 in-

141 738 257 768 citata.

183 780 343 820 Studiose,
357 791 444 822 saepe
461 786 496 813 et
512 792 590 812 cum
606 782 779 823 voluptate
795 794 876 823 qua-

139 823 228 855 dam.
258 825 291 855 in
308 825 422 856 Caecil.
443 827 493 857 12.
522 825 666 856 libenter
679 828 877 866 studioseque

138 868 263 898 audire.
292 867 394 899 Tuse.
411 879 441 899 v.
458 871 511 901 20.
540 870 678 900 studiose
693 870 727 900 id
742 870 877 902 factita-

137 912 208 949 bat,
238 911 309 942 scil.
339 912 408 951 pila
436 912 560 943 ludere.
591 915 634 945 ad
659 914 732 944 Att.
759 915 793 944 ii.
822 917 874 946 20.

136 954 244 985 literae
267 956 404 986 studiose
429 957 574 997 scriptae,
598 961 680 988 sunt
705 967 876 989 commen-

135 998 274 1029 datitiae.

182 1041 362 1080 studiosus,
377 1044 446 1074 tiro
471 1044 550 1074 artis
573 1043 801 1084 alicujus‚·qui
818 1045 875 1076 ad-

139 1084 205 1115 huc
232 1086 339 1117 discit.
370 1087 450 1126 Opt.
479 1097 510 1126 g.
537 1088 568 1118 d.
594 1092 623 1119 5.
653 1089 764 1128 putavi
792 1089 873 1119 mihi

136 1130 388 1169 suscipiendum
403 1130 563 1168 laborem,
581 1131 698 1162 utilem
712 1133 873 1171 studiosis,

137 1172 220 1203 mihi
232 1173 365 1212 quidem
377 1175 438 1214 ipsi
449 1184 514 1204 non
529 1177 764 1206 necessarium.
778 1178 874 1214 item,

138 1217 196 1255 qui
219 1216 317 1247 discit
339 1217 466 1255 literas,
483 1222 522 1248 ut
543 1218 679 1250 Tuscul.
703 1221 724 1249 i.
742 1223 772 1250 3.
797 1220 875 1250 Gal-

135 1259 227 1296 bam,
243 1260 453 1299 Africanum,
469 1261 625 1300 Laelium,
642 1263 755 1293 doctos
774 1263 873 1294 fuisse

135 1303 298 1334 traditum
314 1308 378 1341 est,
389 1306 567 1335 studiosum
581 1311 694 1336 autem
713 1317 803 1344 eum,
817 1308 874 1346 qui

139 1347 179 1377 iis
196 1350 296 1378 aetate
312 1348 476 1385 anteibat,
493 1349 668 1379 Catonem.

181 1390 351 1422 Studium.
376 1391 448 1422 lnv.
465 1393 486 1422 i.
501 1394 553 1423 25.
576 1394 723 1424 stadium
735 1398 786 1424 est
802 1395 873 1424 ani-

134 1434 181 1464 mi
199 1435 331 1465 assidua
342 1440 376 1465 et
386 1435 564 1466 vehemens
581 1437 622 1467 ad
639 1437 783 1476 aliquam
802 1448 873 1468 rem

133 1477 303 1517 applicata
325 1488 448 1517 magna
470 1489 548 1510 cum
572 1480 747 1511 voluntate
774 1492 873 1511 occu-

133 1521 239 1560 patio,
261 1525 301 1552 ut
326 1521 555 1562 philosophiae,
578 1524 737 1563 poetices,
761 1525 873 1555 litera-

134 1573 222 1595 rum.
252 1565 342 1595 Hinc
364 1567 510 1596 studium
535 1576 593 1606 pro
616 1577 737 1607 genere
761 1569 871 1607 aliquo

134 1608 216 1638 artis
239 1612 273 1638 et
300 1608 494 1649 disciplinae.
522 1611 579 1641 Or.
604 1611 624 1641 i.
653 1614 701 1642 11.
730 1613 798 1642 sint
820 1612 872 1642 hae

133 1660 185 1681 res
202 1651 237 1681 in
254 1651 325 1682 aliis
346 1653 542 1692 quibusdam
566 1655 691 1685 studiis.
715 1655 796 1685 item
814 1666 872 1695 pro

134 1700 228 1724 secta
239 1694 352 1735 aliqua
362 1696 647 1737 philosophorum.
666 1698 799 1729 Muren.
816 1699 870 1730 36.

135 1737 253 1768 eodem
276 1749 316 1768 ex
338 1740 442 1770 studio
465 1740 636 1779 eruditu33
664 1741 704 1772 de
727 1742 872 1782 philoso-

132 1781 214 1821 phia
236 1783 357 1813 Stoica.
381 1783 439 1814 ubi
460 1793 490 1814 v.
514 1784 675 1816 Graevius.
699 1786 740 1816 cf.
766 1796 794 1816 c.
818 1790 871 1817 31.

132 1824 223 1856 Nam
234 1825 270 1856 in
282 1826 474 1857 universum
486 1832 537 1858 est
548 1838 607 1868 pro
620 1838 659 1859 ea
670 1829 871 1869 cupiditate,

135 1877 260 1906 amore,
273 1869 348 1900 odio
359 1871 506 1909 partium
511 1894 521 1909 ,
532 1881 631 1910 quam
644 1882 702 1903 nos
716 1883 870 1903 vocamus

135 1911 188 1941 die
199 1912 496 1953 Partheylichkeit.
522 1915 628 1946 Flacc.
646 1919 695 1946 10.
718 1917 789 1947 sine
802 1917 871 1947 ullo

133 1955 239 1986 studio
250 1955 371 1987 dicere.
387 1957 430 1987 ib.
442 1962 474 1992 9.
496 1959 642 1989 studium
654 1960 805 1991 testium.
829 1961 871 1991 ad

133 1997 212 2030 Div.
228 1999 250 2029 i.
268 2003 300 2034 7.
329 2001 474 2031 studium
497 2002 659 2032 iratorum
681 2003 869 2034 hominum.

133 2040 224 2072 Item
239 2053 298 2082 pro
312 2043 424 2074 favore
438 2045 473 2075 in
486 2046 644 2083 comitiis,
660 2048 872 2087 spectaculis.

134 2084 215 2124 Agr.
231 2086 266 2116 ii.
283 2089 314 2120 7.
336 2088 441 2118 studio
458 2092 492 2119 et
507 2089 665 2129 suffragio
679 2100 751 2121 su0.
773 2091 871 2122 Rose.

137 2128 175 2159 C.
193 2132 242 2160 10.
264 2130 304 2161 de
317 2135 447 2161 actore:
468 2132 556 2171 quod
565 2134 712 2163 studium
724 2139 760 2165 et
771 2145 872 2173 quem

136 2171 282 2205 favorem
304 2184 418 2205 secum
434 2175 468 2205 in
485 2185 620 2207 scenam
637 2177 764 2208 attulit.
788 2178 870 2209 item

134 2224 195 2255 pro
220 2227 418 2257 quacunque
445 2219 627 2259 cupiditate
655 2221 795 2261 alicujus
824 2223 870 2252 rei

133 2259 298 2298 videndae,
322 2261 509 2300 audiendae,
533 2264 592 2293 &c.
617 2264 652 2293 in
677 2265 789 2296 Caecil.
822 2269 870 2296 13.

129 2301 202 2341 jam
226 2313 316 2334 nunc
340 2310 453 2335 mente
476 2311 511 2336 et
529 2308 729 2345 cogitatione
744 2310 870 2349 prospi-

136 2346 201 2383 cio,
213 2356 286 2385 quae
302 2351 377 2378 tum
392 2350 501 2379 Studia
518 2350 705 2389 hominum,
719 2353 774 2390 qni
792 2362 870 2382 cou-

137 2398 252 2419 cursus
268 2390 374 2421 futuri
386 2398 476 2423 sunt.
493 2393 755 2434 *propensiones
772 2401 870 2426 natu-

136 2432 221 2463 rales
244 2433 401 2466 dicuntur
432 2436 512 2466 Coel.
537 2440 566 2467 5.
595 2439 707 2468 studia
728 2444 869 2470 naturae.

136 2477 157 2496 ὅ
171 2475 246 2505 vitae
262 2478 364 2508 etiam
376 2488 511 2518 genera,
523 2490 595 2519 quae
609 2482 681 2520 quis
698 2482 869 2522 amplexus

135 2525 198 2556 est,
215 2524 254 2549 ut
270 2521 338 2551 vita
354 2523 478 2552 rustica
494 2524 552 2554 Sec.
575 2525 684 2555 studia
699 2525 869 2557 dicuntur.

135 2561 233 2592 Rosc.
255 2563 329 2594 Ani.
351 2565 398 2595 16.
430 2566 559 2597 *Tusa
583 2568 617 2598 ii.
638 2571 687 2599 15.
717 2579 735 2599 e
750 2572 867 2610 poeta:

136 2605 255 2645 quibus
273 2607 394 2638 militia
408 2609 440 2639 in
454 2611 558 2641 studio
573 2615 635 2642 est.

181 2648 345 2688 Stultitia,
366 2652 567 2691 ignorantia,
591 2655 733 2685 inscitia.
764 2656 820 2686 Or.
846 2657 868 2687 i.

135 2691 190 2722 36.
227 2694 319 2732 turpi
348 2695 463 2725 tutelae
485 2697 614 2734 judicio
645 2705 745 2737 atquc
776 2700 868 2730 omni

136 2734 302 2774 molestia,
313 2739 456 2768 stultitia.
468 2740 643 2771 adversarii
659 2741 868 2774 liberaretur.

133 2777 211 2808 ibid.
224 2780 277 2813 27.
289 2781 427 2811 oratoris
441 2790 629 2823 peccatum,
638 2787 783 2816 stulticia>
791 2796 868 2826 pec-

133 2825 248 2852 catum
264 2823 405 2854 videtur.

174 2864 346 2907 stupidas,
359 2868 415 2907 qui
428 2870 615 2900 attentione
629 2875 727 2904 tanta
740 2872 869 2913 aliquid

676 87 822 117 INDEX
852 89 1146 118 LATINITATIS.

917 182 952 208 et
967 178 1186 208 admiratione
1212 180 1352 217 spectat,
1371 177 1515 215 auditve,
1532 182 1572 209 ut
1588 179 1653 208 im«

917 222 1047 252 mobilis
1071 227 1106 252 et
1121 222 1190 251 sinc
1206 230 1303 251 sensu
1320 230 1389 251 esse
1407 221 1565 252 videatur.
1590 223 1650 252 Pa-

917 265 1027 295 radox.
1041 275 1070 295 v.
1084 267 1114 296 2.
1140 263 1295 295 Echionis
1311 264 1470 294 tabulate
1481 266 1649 305 stupidum

918 309 1059 346 detinet,
1076 312 1135 338 aut
1151 309 1284 346 signum
1303 308 1474 347 Polycleti.

962 352 1094 391 Stupor,
1113 350 1298 383 ἀναισθησία.
1328 352 1427 382 Tusc.
1452 352 1496 381 iii.
1521 353 1552 382 6.
1583 356 1650 382 stu-

912 405 974 434 por
997 395 1032 424 in
1052 405 1199 436 corpore.
1228 395 1311 424 Phil.
1329 395 1362 424 ii.
1379 398 1431 425 45.
1463 400 1500 424 ut
1515 395 1649 434 quidam

918 438 1032 468 morbo
1056 438 1166 477 aliquo
1185 443 1219 468 et
1236 448 1350 468 sensus
1365 442 1491 478 stupore
1506 439 1652 468 suavita·

918 487 987 511 tem
1012 481 1076 511 cibi
1095 491 1161 512 non
1178 483 1339 512 sentiunt.
1369 482 1540 512 *tarditas
1556 492 1651 511 nien-

918 525 961 554 tis
978 525 1012 554 in
1029 525 1245 563 assequendo,
1259 525 1476 565 intelligendo
1492 525 1552 556 διο.
1568 526 1650 556 item

919 577 995 597 cum
1013 568 1121 608 ipsum
1139 578 1351 598 communem
1369 573 1498 599 naturae
1514 578 1650 599 sensum

919 611 1146 651 repudiamus,
1158 615 1197 641 ut
1208 611 1337 643 faciunt
1349 612 1448 650 tardi,
1462 621 1542 651 quos
1560 622 1652 642 com-

919 655 1014 684 muni
1030 664 1130 685 sensu
1147 664 1257 684 carere
1274 656 1401 686 dicunt.
1424 656 1525 686 Dom.
1542 656 1596 687 36.

963 698 1131 728 satanicas.
1162 698 1219 728 Or.
1251 698 1297 728 iii.
1326 700 1378 729 26.
1415 700 1563 730 suavitas
1591 709 1651 729 au-

918 745 1008 772 stera
1029 747 1064 772 et
1086 741 1203 779 solida,
1228 751 1295 771 non
1318 741 1422 772 dulcis
1445 746 1480 772 et
1501 743 1650 773 decocta.

917 785 937 803 ²¹²
949 789 1000 816 est
1014 785 1158 816 hominis
1173 785 1351 822 commodi,
1364 786 1421 824 qui
1437 786 1562 815 nemini
1579 796 1652 817 mo-

918 828 1021 859 lestus
1037 833 1100 867 est,
1118 829 1243 858 nemini
1260 838 1379 858 nocere
1402 829 1484 859 vult.
1515 828 1558 859 ad
1571 829 1650 861 Div.

918 882 948 902 v.
974 874 1026 904 20.
1056 872 1144 912 quod
1168 873 1195 902 si
1223 861 1304 902 tiuhi
1337 882 1482 913 expensa
1508 873 1574 903 ista
1596 880 1650 903 Hs.

918 922 1056 946 centum
1086 915 1232 954 tulisses,
1257 920 1386 954 tamen,
1412 926 1486 955 quae
1510 919 1573 946 tua
1599 919 1652 947 est

917 961 1076 997 suavitas,
1100 960 1222 999 quique
1246 960 1280 990 in
1304 970 1356 989 me
1381 969 1486 997 amor,
1503 959 1608 990 nolles
1631 970 1652 990 a

918 1013 971 1033 me
984 1003 1046 1033 hoc
1057 1006 1207 1043 tempore
1219 1003 1477 1033 aestimationem
1488 1004 1650 1043 accipere.

900 1066 906 1073 ι
918 1057 996 1077 llam
1013 1051 1228 1077 numeratum
1245 1047 1271 1077 Si
1287 1057 1456 1086 cuperem,
1474 1056 1541 1077 110ss
1558 1050 1640 1077 erat.

961 1089 1040 1120 Sub.
1070 1091 1128 1121 sub
1147 1100 1259 1120 manu.
1286 1100 1315 1119 v.
1334 1100 1463 1120 manus.
1492 1091 1551 1121 sub
1567 1100 1652 1130 prae-

918 1144 1011 1164 cone.
1043 1144 1072 1163 v.
1097 1134 1268 1172 subjicere.
1299 1134 1414 1173 *posu
1445 1134 1486 1164 ad
1508 1135 1584 1164 Div.
1616 1145 1648 1165 x.

921 1178 970 1208 16.
998 1178 1056 1208 snb
1072 1187 1126 1207 eas
1143 1177 1255 1207 literas
1272 1177 1386 1207 statim
1404 1177 1554 1207 recitatae
1569 1182 1650 1208 sunt

916 1226 995 1252 tuae.
1027 1221 1105 1251 ibid.
1127 1221 1194 1251 viii.
1217 1224 1247 1251 4.
1284 1230 1360 1250 cum
1384 1220 1492 1251 Gallia
1514 1225 1649 1252 coactns

916 1270 1003 1295 esset
1024 1265 1199 1305 Pompeius
1216 1265 1337 1302 dicere,
1353 1274 1388 1294 se
1403 1264 1571 1303 legionem
1594 1265 1651 1294 ab-

917 1309 1110 1345 ducturum,
1126 1308 1184 1338 sed
1208 1318 1273 1338 non
1296 1309 1411 1338 statim
1426 1308 1484 1338 sub
1507 1309 1650 1338 mentio-

916 1362 995 1382 nem
1011 1356 1044 1382 et
1061 1352 1244 1382 convicium
1262 1352 1538 1382 obtrectatorum.

961 1395 1122 1426 Subactio.
1154 1396 1211 1426 Or.
1236 1396 1269 1425 ii.
1290 1398 1342 1426 30.
1371 1397 1513 1426 subactio
1534 1399 1648 1426 autem

916 1442 967 1469 est
984 1449 1076 1477 usus,
1093 1439 1232 1476 auditio,
1250 1439 1362 1477 lectio,
1378 1439 1496 1469 literae.

960 1483 1133 1520 Saba-ctus,
1151 1483 1190 1513 de
1214 1487 1304 1513 terra
1321 1492 1407 1522 saepe
1424 1488 1529 1520 arata,
1547 1482 1650 1513 culta.

916 1526 1000 1556 Cato
1030 1530 1079 1561 17.
1117 1526 1240 1556 humus
1268 1528 1401 1557 subacta
1428 1531 1528 1565 atque
1555 1535 1650 1566 pura.

915 1570 994 1600 ibid.
1021 1573 1070 1601 15.
1102 1580 1178 1600 cum
1202 1573 1291 1600 terra
1314 1570 1441 1609 gremio
1465 1569 1594 1600 mollito
1610 1579 1649 1599 ac

913 1615 1042 1644 subacto
1065 1623 1179 1643 semen
1195 1623 1346 1653 sparsum
1371 1614 1512 1653 excepit.
1529 1612 1649 1643 deinde

913 1657 1115 1687 transfertur
1136 1656 1307 1696 eleganter
1321 1657 1362 1686 ad
1377 1657 1563 1694 ingenium.
1590 1657 1650 1688 Or.

914 1701 948 1731 ii.
974 1704 1027 1731 30.
1060 1701 1187 1731 subacto
1213 1700 1295 1730 mihi
1322 1701 1457 1739 ingenio
1479 1709 1561 1740 opus
1584 1702 1648 1738 est,

913 1749 953 1774 ut
970 1754 1049 1783 agro
1065 1754 1131 1773 non
1151 1744 1255 1774 semel
1270 1747 1374 1781 arato,
1391 1743 1448 1774 sed
1464 1748 1584 1774 novato
1599 1748 1651 1773 at-

914 1797 977 1826 que
1002 1788 1135 1818 iterato.
1166 1787 1231 1817 vid.
1245 1788 1407 1817 subactio.
1438 1787 1650 1824 *e·xereitus,

913 1834 1062 1862 vexatus.
1090 1831 1119 1862 T
1124 1841 1190 1861 use.
1217 1831 1264 1861 iii.
1290 1834 1343 1862 28.
1372 1831 1523 1861 subactus
1549 1831 1651 1861 mise-

914 1875 982 1905 riis.

958 1918 1113 1956 Sabdere,
1130 1918 1341 1948 substituere.
1371 1917 1472 1948 Dom.
1492 1919 1546 1949 32.
1576 1917 1650 1957 quis

913 1962 948 1991 in
973 1971 1085 1992 meum
1113 1962 1224 1992 locum
1245 1961 1396 2001 judicem
1424 1961 1576 1992 subdidit.
1606 1961 1649 1994 cf.

915 2004 957 2035 ad
972 2006 1049 2036 Div.
1065 2017 1096 2036 x.
1114 2007 1149 2036 ‘21
1159 2028 1167 2036 .

957 2049 1124 2080 Subditus.
1145 2049 1238 2080 verr.
1256 2049 1278 2080 i.
1294 2051 1324 2079 5.
1344 2048 1464 2079 subditi
1479 2048 1515 2078 in
1531 2057 1649 2079 eorum

912 2091 1036 2122 locum.

957 2135 1142 2167 Subductio.
1174 2136 1231 2167 Or.
1255 2136 1290 2166 ii.
1314 2138 1367 2166 30.
1396 2135 1510 2166 statim
1533 2144 1649 2165 occur-

911 2179 958 2209 rit
981 2179 1125 2210 naturali
1149 2180 1290 2219 quadam
1307 2178 1497 2219 prudentia,
1514 2187 1582 2208 non
1596 2178 1649 2208 his

911 2224 1182 2261 subductiom'bus,
1209 2233 1288 2262 quas
1321 2223 1377 2252 isti
1406 2222 1540 2259 docent,
1568 2221 1649 2261 quid

911 2265 1014 2297 faciat
1037 2277 1182 2297 causam.
1214 2266 1443 2297 Subduceiones
1468 2267 1548 2295 sunt
1570 2266 1650 2295 arti-

913 2310 1001 2347 ficia,
1021 2311 1140 2349 quibus
1164 2309 1422 2340 commentaturi
1445 2313 1591 2339 utuntur
1612 2309 1649 2339 in

913 2354 1105 2392 cogitando,
1132 2364 1210 2384 cum
1244 2357 1411 2392 quaeruut,
1438 2352 1518 2391 quid
1546 2352 1650 2383 faciat

913 2407 1061 2435 causam,
1080 2397 1160 2437 quid
1177 2398 1289 2427 veniat
1305 2396 1527 2435 injudicium.
1557 2395 1648 2426 Nam

911 2441 1098 2477 subducere,
1132 2440 1219 2480 quod
1262 2444 1312 2470 est
1351 2439 1534 2470 rationibus
1571 2448 1648 2479 pro-

912 2485 1037 2523 prium,
1068 2484 1108 2514 de
1140 2483 1399 2523 cogitationibus
1433 2487 1468 2512 ct
1505 2482 1648 2512 medita-

911 2528 1057 2557 tionibus
1081 2528 1146 2558 dici
1169 2532 1288 2557 notum
1312 2530 1374 2557 est.
1404 2535 1433 2556 v.
1456 2525 1527 2555 Att.
1547 2535 1576 2555 v.
1593 2528 1648 2559 21.

912 2570 954 2601 ad
970 2571 1046 2601 Div.
1063 2571 1083 2601 i.
1099 2576 1131 2605 9.

957 2613 1154 2651 Subcinctus,
1178 2614 1218 2645 de
1249 2614 1384 2644 navibus
1410 2611 1546 2649 dicitur,
1570 2620 1645 2651 quae

911 2657 1050 2688 hiberno
1071 2663 1222 2698 tempore
1237 2667 1254 2686 e
1272 2658 1354 2687 mari
1371 2658 1528 2686 extractae
1545 2658 1646 2694 sunt3

911 2701 1006 2740 eique
1022 2703 1206 2742 opponitur
1221 2700 1393 2730 deductus.
1416 2699 1512 2729 Offic.
1528 2699 1574 2729 iii.
1594 2701 1646 2729 ll.

911 2744 1050 2775 classem
1074 2745 1419 2780 Lacedaemoniorum,
1435 2752 1509 2782 quae
1529 2741 1649 2773 subdu·

910 2793 964 2818 cta
987 2793 1076 2820 esset
1097 2789 1140 2820 ad
1162 2787 1342 2828 Gytheum,
1366 2785 1453 2826 clam
1476 2795 1570 2826 posse
1593 2785 1646 2819 ine

911 2831 1018 2863 cendi.

956 2874 1128 2917 sabjeccio,
1146 2875 1181 2906 in
1199 2873 1372 2906 rhetoricis
1389 2872 1491 2914 quid?
1516 2871 1643 2913 Heren.
