<?xml version="1.0" encoding="UTF-8"?>
<!DOCTYPE html PUBLIC "-//W3C//DTD XHTML 1.0 Transitional//EN"
    "http://www.w3.org/TR/xhtml1/DTD/xhtml1-transitional.dtd">
<html xmlns="http://www.w3.org/1999/xhtml" xml:lang="en" lang="en">
 <head>
  <title>
</title>
<meta http-equiv="Content-Type" content="text/html;charset=utf-8" />
  <meta name='ocr-system' content='tesseract 3.04.00' />
  <meta name='ocr-capabilities' content='ocr_page ocr_carea ocr_par ocr_line ocrx_word'/>
</head>
<body>
  <div class='ocr_page' id='page_1' title='image "./operaomnia05ciceuoft/operaomnia05ciceuoft_0199.png"; bbox 0 0 1804 3178; ppageno 0'>
   <div class='ocr_carea' id='block_1_1' title="bbox 585 104 1086 144">
    <p class='ocr_par' dir='ltr' id='par_1_1' title="bbox 585 104 1086 144">
     <span class='ocr_line' id='line_1_1' title="bbox 585 104 1086 144; baseline 0.01 -5"><span class='ocrx_word' id='word_1_1' title='bbox 585 104 730 140; x_wconf 68' lang='lat' dir='ltr'>tunnx</span> <span class='ocrx_word' id='word_1_2' title='bbox 761 112 1055 144; x_wconf 65' lang='lat' dir='ltr'><strong>LANNJTA&#39;RS.</strong></span> <span class='ocrx_word' id='word_1_3' title='bbox 1084 132 1086 134; x_wconf 94' lang='lat'>-</span> 
     </span>
    </p>
   </div>
   <div class='ocr_carea' id='block_1_2' title="bbox 67 197 806 1021">
    <p class='ocr_par' dir='ltr' id='par_1_2' title="bbox 67 197 800 286">
     <span class='ocr_line' id='line_1_2' title="bbox 110 197 800 234; baseline -0.006 0"><span class='ocrx_word' id='word_1_4' title='bbox 110 197 302 234; x_wconf 53' lang='lat' dir='ltr'>antelatus.</span> <span class='ocrx_word' id='word_1_5' title='bbox 333 200 391 232; x_wconf 84' lang='lat' dir='ltr'>Or.</span> <span class='ocrx_word' id='word_1_6' title='bbox 410 200 457 232; x_wconf 88' lang='lat' dir='ltr'>iii.</span> <span class='ocrx_word' id='word_1_7' title='bbox 479 202 527 231; x_wconf 89' lang='lat'>11.</span> <span class='ocrx_word' id='word_1_8' title='bbox 558 202 714 232; x_wconf 75' lang='lat' dir='ltr'>anhelata</span> <span class='ocrx_word' id='word_1_9' title='bbox 730 209 800 230; x_wconf 79' lang='lat' dir='ltr'>ver-</span> 
     </span>
     <span class='ocr_line' id='line_1_3' title="bbox 67 238 586 286; baseline 0 -10"><span class='ocrx_word' id='word_1_10' title='bbox 67 238 122 276; x_wconf 57' lang='lat' dir='ltr'>ba.</span> <span class='ocrx_word' id='word_1_11' title='bbox 137 244 255 276; x_wconf 73' lang='lat' dir='ltr'>vitium</span> <span class='ocrx_word' id='word_1_12' title='bbox 273 246 307 275; x_wconf 89' lang='lat' dir='ltr'>in</span> <span class='ocrx_word' id='word_1_13' title='bbox 324 243 586 286; x_wconf 75' lang='lat' dir='ltr'>pronunciando.</span> 
     </span>
    </p>

    <p class='ocr_par' dir='ltr' id='par_1_3' title="bbox 69 287 804 623">
     <span class='ocr_line' id='line_1_4' title="bbox 111 287 800 320; baseline -0.003 -1"><span class='ocrx_word' id='word_1_14' title='bbox 111 288 247 320; x_wconf 76' lang='lat' dir='ltr'>Anima.</span> <span class='ocrx_word' id='word_1_15' title='bbox 281 288 322 319; x_wconf 90' lang='lat' dir='ltr'>ad</span> <span class='ocrx_word' id='word_1_16' title='bbox 339 288 414 319; x_wconf 88' lang='lat' dir='ltr'>Div.</span> <span class='ocrx_word' id='word_1_17' title='bbox 431 287 497 317; x_wconf 85' lang='lat' dir='ltr'>viii.</span> <span class='ocrx_word' id='word_1_18' title='bbox 518 290 565 318; x_wconf 86' lang='lat'>13.</span> <span class='ocrx_word' id='word_1_19' title='bbox 599 288 800 318; x_wconf 78' lang='lat' dir='ltr'>Hortensius</span> 
     </span>
     <span class='ocr_line' id='line_1_5' title="bbox 69 331 800 372; baseline -0.001 -10"><span class='ocrx_word' id='word_1_20' title='bbox 69 333 217 362; x_wconf 74' lang='lat' dir='ltr'>animam</span> <span class='ocrx_word' id='word_1_21' title='bbox 244 332 374 372; x_wconf 73' lang='lat' dir='ltr'>agebat.</span> <span class='ocrx_word' id='word_1_22' title='bbox 398 331 498 362; x_wconf 85' lang='lat' dir='ltr'>morti</span> <span class='ocrx_word' id='word_1_23' title='bbox 525 332 694 371; x_wconf 79' lang='lat' dir='ltr'>proximus</span> <span class='ocrx_word' id='word_1_24' title='bbox 718 337 800 361; x_wconf 86' lang='lat' dir='ltr'>erat.</span> 
     </span>
     <span class='ocr_line' id='line_1_6' title="bbox 70 373 804 414; baseline -0.003 -8"><span class='ocrx_word' id='word_1_25' title='bbox 70 374 168 406; x_wconf 78' lang='lat' dir='ltr'>Rosc.</span> <span class='ocrx_word' id='word_1_26' title='bbox 191 375 285 406; x_wconf 87' lang='lat' dir='ltr'>Com.</span> <span class='ocrx_word' id='word_1_27' title='bbox 302 378 332 407; x_wconf 84' lang='grc'>8.</span> <span class='ocrx_word' id='word_1_28' title='bbox 359 375 385 405; x_wconf 84' lang='lat' dir='ltr'>si</span> <span class='ocrx_word' id='word_1_29' title='bbox 409 380 447 405; x_wconf 84' lang='lat' dir='ltr'>tu</span> <span class='ocrx_word' id='word_1_30' title='bbox 471 373 530 405; x_wconf 87' lang='lat' dir='ltr'>hos</span> <span class='ocrx_word' id='word_1_31' title='bbox 553 382 698 414; x_wconf 58' lang='lat' dir='ltr'>quaestus</span> <span class='ocrx_word' id='word_1_32' title='bbox 723 375 804 405; x_wconf 83' lang='lat' dir='ltr'>reci-</span> 
     </span>
     <span class='ocr_line' id='line_1_7' title="bbox 70 417 802 460; baseline 0 -12"><span class='ocrx_word' id='word_1_33' title='bbox 70 428 150 459; x_wconf 82' lang='lat' dir='ltr'>pere</span> <span class='ocrx_word' id='word_1_34' title='bbox 166 428 291 460; x_wconf 82' lang='lat' dir='ltr'>posses,</span> <span class='ocrx_word' id='word_1_35' title='bbox 307 427 375 449; x_wconf 90' lang='lat' dir='ltr'>non</span> <span class='ocrx_word' id='word_1_36' title='bbox 395 417 512 448; x_wconf 80' lang='lat' dir='ltr'>eodem</span> <span class='ocrx_word' id='word_1_37' title='bbox 528 423 679 459; x_wconf 84' lang='lat' dir='ltr'>tempore</span> <span class='ocrx_word' id='word_1_38' title='bbox 695 424 730 448; x_wconf 82' lang='lat' dir='ltr'>et</span> <span class='ocrx_word' id='word_1_39' title='bbox 747 428 802 457; x_wconf 80' lang='lat' dir='ltr'>ge-</span> 
     </span>
     <span class='ocr_line' id='line_1_8' title="bbox 69 461 803 501; baseline -0.001 -9"><span class='ocrx_word' id='word_1_40' title='bbox 69 467 162 492; x_wconf 73' lang='lat' dir='ltr'>stum</span> <span class='ocrx_word' id='word_1_41' title='bbox 179 468 214 493; x_wconf 84' lang='lat' dir='ltr'>et</span> <span class='ocrx_word' id='word_1_42' title='bbox 228 463 376 493; x_wconf 81' lang='lat' dir='ltr'>animam</span> <span class='ocrx_word' id='word_1_43' title='bbox 400 471 524 501; x_wconf 73' lang='lat' dir='ltr'>ageres.</span> <span class='ocrx_word' id='word_1_44' title='bbox 543 461 656 500; x_wconf 82' lang='lat' dir='ltr'>jocose</span> <span class='ocrx_word' id='word_1_45' title='bbox 680 461 720 492; x_wconf 88' lang='lat' dir='ltr'>de</span> <span class='ocrx_word' id='word_1_46' title='bbox 745 461 803 491; x_wconf 86' lang='lat' dir='ltr'>ho—</span> 
     </span>
     <span class='ocr_line' id='line_1_9' title="bbox 70 504 802 546; baseline 0 -11"><span class='ocrx_word' id='word_1_47' title='bbox 70 506 163 536; x_wconf 82' lang='lat' dir='ltr'>mine</span> <span class='ocrx_word' id='word_1_48' title='bbox 179 506 278 536; x_wconf 88' lang='lat' dir='ltr'>nimis</span> <span class='ocrx_word' id='word_1_49' title='bbox 295 504 416 545; x_wconf 82' lang='lat' dir='ltr'>cupido</span> <span class='ocrx_word' id='word_1_50' title='bbox 434 506 595 545; x_wconf 73' lang='lat' dir='ltr'>pecuniae.</span> <span class='ocrx_word' id='word_1_51' title='bbox 621 506 639 523; x_wconf 71' lang='lat'>‘⁶</span> <span class='ocrx_word' id='word_1_52' title='bbox 651 514 710 546; x_wconf 85' lang='lat' dir='ltr'>pro</span> <span class='ocrx_word' id='word_1_53' title='bbox 723 506 802 535; x_wconf 78' lang='lat' dir='ltr'>vita.</span> 
     </span>
     <span class='ocr_line' id='line_1_10' title="bbox 72 547 801 588; baseline 0 -9"><span class='ocrx_word' id='word_1_54' title='bbox 72 548 146 579; x_wconf 85' lang='lat' dir='ltr'>Cat.</span> <span class='ocrx_word' id='word_1_55' title='bbox 171 549 213 579; x_wconf 90' lang='lat' dir='ltr'>iv.</span> <span class='ocrx_word' id='word_1_56' title='bbox 236 553 269 584; x_wconf 83' lang='lat'>9.</span> <span class='ocrx_word' id='word_1_57' title='bbox 292 547 332 578; x_wconf 83' lang='lat' dir='ltr'>de</span> <span class='ocrx_word' id='word_1_58' title='bbox 356 549 538 588; x_wconf 80' lang='lat' dir='ltr'>conjugum</span> <span class='ocrx_word' id='word_1_59' title='bbox 562 559 600 578; x_wconf 83' lang='lat' dir='ltr'>ac</span> <span class='ocrx_word' id='word_1_60' title='bbox 623 548 801 579; x_wconf 81' lang='lat' dir='ltr'>liberorum</span> 
     </span>
     <span class='ocr_line' id='line_1_11' title="bbox 70 593 399 623; baseline 0.003 -2"><span class='ocrx_word' id='word_1_61' title='bbox 70 598 258 623; x_wconf 81' lang='lat' dir='ltr'>vestrorum</span> <span class='ocrx_word' id='word_1_62' title='bbox 275 593 399 622; x_wconf 83' lang='lat' dir='ltr'>anima.</span> 
     </span>
    </p>

    <p class='ocr_par' dir='ltr' id='par_1_4' title="bbox 69 635 806 1021">
     <span class='ocr_line' id='line_1_12' title="bbox 111 635 804 666; baseline 0 0"><span class='ocrx_word' id='word_1_63' title='bbox 111 635 369 666; x_wconf 61' lang='lat' dir='ltr'>Animadversa.</span> <span class='ocrx_word' id='word_1_64' title='bbox 395 637 521 666; x_wconf 58' lang='lat'><strong>01:55.</strong></span> <span class='ocrx_word' id='word_1_65' title='bbox 552 636 681 666; x_wconf 73' lang='lat' dir='ltr'>notatio</span> <span class='ocrx_word' id='word_1_66' title='bbox 707 640 804 666; x_wconf 81' lang='lat' dir='ltr'>natu-</span> 
     </span>
     <span class='ocr_line' id='line_1_13' title="bbox 70 680 805 719; baseline -0.003 -9"><span class='ocrx_word' id='word_1_67' title='bbox 70 688 116 710; x_wconf 75' lang='lat' dir='ltr'>rae</span> <span class='ocrx_word' id='word_1_68' title='bbox 139 684 175 710; x_wconf 82' lang='lat' dir='ltr'>et</span> <span class='ocrx_word' id='word_1_69' title='bbox 196 680 436 710; x_wconf 73' lang='lat' dir='ltr'>animadversio</span> <span class='ocrx_word' id='word_1_70' title='bbox 452 680 581 719; x_wconf 79' lang='lat' dir='ltr'>peperit</span> <span class='ocrx_word' id='word_1_71' title='bbox 605 686 723 710; x_wconf 78' lang='lat' dir='ltr'>artem.</span> <span class='ocrx_word' id='word_1_72' title='bbox 747 680 805 709; x_wconf 86' lang='lat' dir='ltr'>Or.</span> 
     </span>
     <span class='ocr_line' id='line_1_14' title="bbox 69 722 802 762; baseline -0.001 -9"><span class='ocrx_word' id='word_1_73' title='bbox 69 723 106 753; x_wconf 83' lang='lat' dir='ltr'>ii.</span> <span class='ocrx_word' id='word_1_74' title='bbox 127 725 180 754; x_wconf 81' lang='lat'>34.</span> <span class='ocrx_word' id='word_1_75' title='bbox 203 727 305 762; x_wconf 83' lang='lat' dir='ltr'>atque</span> <span class='ocrx_word' id='word_1_76' title='bbox 330 722 391 753; x_wconf 87' lang='lat' dir='ltr'>hoc</span> <span class='ocrx_word' id='word_1_77' title='bbox 414 728 523 753; x_wconf 79' lang='lat' dir='ltr'>totuin</span> <span class='ocrx_word' id='word_1_78' title='bbox 546 730 597 753; x_wconf 81' lang='lat' dir='ltr'>est</span> <span class='ocrx_word' id='word_1_79' title='bbox 618 724 685 753; x_wconf 84' lang='lat' dir='ltr'>sive</span> <span class='ocrx_word' id='word_1_80' title='bbox 709 723 802 759; x_wconf 85' lang='lat' dir='ltr'>artis,</span> 
     </span>
     <span class='ocr_line' id='line_1_15' title="bbox 69 765 805 804; baseline 0 -8"><span class='ocrx_word' id='word_1_81' title='bbox 69 766 138 796; x_wconf 73' lang='lat' dir='ltr'>nive</span> <span class='ocrx_word' id='word_1_82' title='bbox 167 767 465 804; x_wconf 70' lang='lat' dir='ltr'>animadversionis,</span> <span class='ocrx_word' id='word_1_83' title='bbox 495 767 563 796; x_wconf 75' lang='lat' dir='ltr'>sive</span> <span class='ocrx_word' id='word_1_84' title='bbox 590 765 805 796; x_wconf 78' lang='lat' dir='ltr'>consuetudi-</span> 
     </span>
     <span class='ocr_line' id='line_1_16' title="bbox 71 810 803 850; baseline -0.001 -10"><span class='ocrx_word' id='word_1_85' title='bbox 71 810 138 848; x_wconf 85' lang='lat' dir='ltr'>nis,</span> <span class='ocrx_word' id='word_1_86' title='bbox 161 819 256 840; x_wconf 88' lang='lat' dir='ltr'>nosse</span> <span class='ocrx_word' id='word_1_87' title='bbox 279 810 442 850; x_wconf 80' lang='lat' dir='ltr'>regiones,</span> <span class='ocrx_word' id='word_1_88' title='bbox 467 811 556 840; x_wconf 76' lang='lat' dir='ltr'>intra</span> <span class='ocrx_word' id='word_1_89' title='bbox 579 819 659 849; x_wconf 83' lang='lat' dir='ltr'>quas</span> <span class='ocrx_word' id='word_1_90' title='bbox 683 819 803 839; x_wconf 73' lang='lat' dir='ltr'>venere</span> 
     </span>
     <span class='ocr_line' id='line_1_17' title="bbox 71 853 805 894; baseline 0 -11"><span class='ocrx_word' id='word_1_91' title='bbox 71 859 107 884; x_wconf 85' lang='lat' dir='ltr'>et</span> <span class='ocrx_word' id='word_1_92' title='bbox 133 854 349 894; x_wconf 75' lang='lat' dir='ltr'>pen&#39;estiges,</span> <span class='ocrx_word' id='word_1_93' title='bbox 375 853 463 893; x_wconf 87' lang='lat' dir='ltr'>quod</span> <span class='ocrx_word' id='word_1_94' title='bbox 489 863 628 892; x_wconf 75' lang='lat' dir='ltr'>quoeraS.</span> <span class='ocrx_word' id='word_1_95' title='bbox 661 854 756 883; x_wconf 84' lang='lat' dir='ltr'><strong>Offic.</strong></span> <span class='ocrx_word' id='word_1_96' title='bbox 784 854 805 883; x_wconf 91' lang='lat' dir='ltr'>i.</span> 
     </span>
     <span class='ocr_line' id='line_1_18' title="bbox 70 896 805 935; baseline -0.004 -6"><span class='ocrx_word' id='word_1_97' title='bbox 70 898 123 931; x_wconf 72' lang='lat'>29.</span> <span class='ocrx_word' id='word_1_98' title='bbox 146 898 382 928; x_wconf 70' lang='lat' dir='ltr'>animadversio</span> <span class='ocrx_word' id='word_1_99' title='bbox 405 902 439 927; x_wconf 88' lang='lat' dir='ltr'>et</span> <span class='ocrx_word' id='word_1_100' title='bbox 462 896 637 935; x_wconf 77' lang='lat' dir='ltr'>diligentia</span> <span class='ocrx_word' id='word_1_101' title='bbox 658 897 805 926; x_wconf 86' lang='lat' dir='ltr'>excitan—</span> 
     </span>
     <span class='ocr_line' id='line_1_19' title="bbox 70 940 806 979; baseline 0 -9"><span class='ocrx_word' id='word_1_102' title='bbox 70 940 124 970; x_wconf 83' lang='lat' dir='ltr'>da.</span> <span class='ocrx_word' id='word_1_103' title='bbox 148 940 246 971; x_wconf 80' lang='lat' dir='ltr'>aliter</span> <span class='ocrx_word' id='word_1_104' title='bbox 265 946 316 971; x_wconf 83' lang='lat' dir='ltr'>est</span> <span class='ocrx_word' id='word_1_105' title='bbox 338 941 396 971; x_wconf 90' lang='lat' dir='ltr'>Or.</span> <span class='ocrx_word' id='word_1_106' title='bbox 420 943 471 974; x_wconf 84' lang='lat'>57.</span> <span class='ocrx_word' id='word_1_107' title='bbox 496 940 641 979; x_wconf 78' lang='lat' dir='ltr'>effugere</span> <span class='ocrx_word' id='word_1_108' title='bbox 657 941 806 970; x_wconf 80' lang='lat' dir='ltr'>animad—</span> 
     </span>
     <span class='ocr_line' id='line_1_20' title="bbox 69 983 806 1021; baseline 0 -7"><span class='ocrx_word' id='word_1_109' title='bbox 69 986 255 1021; x_wconf 78' lang='lat' dir='ltr'>versionem,</span> <span class='ocrx_word' id='word_1_110' title='bbox 280 984 302 1014; x_wconf 91' lang='lat' dir='ltr'>i.</span> <span class='ocrx_word' id='word_1_111' title='bbox 327 994 357 1014; x_wconf 88' lang='lat' dir='ltr'>e.</span> <span class='ocrx_word' id='word_1_112' title='bbox 381 993 422 1014; x_wconf 89' lang='lat' dir='ltr'>ne</span> <span class='ocrx_word' id='word_1_113' title='bbox 456 983 743 1014; x_wconf 76' lang='lat' dir='ltr'>animadvertatur</span> <span class='ocrx_word' id='word_1_114' title='bbox 766 984 806 1014; x_wconf 89' lang='lat' dir='ltr'>ab</span> 
     </span>
    </p>
   </div>
   <div class='ocr_carea' id='block_1_3' title="bbox 14 1026 808 1059">
    <p class='ocr_par' dir='ltr' id='par_1_5' title="bbox 14 1026 808 1059">
     <span class='ocr_line' id='line_1_21' title="bbox 14 1026 808 1059; baseline -0.003 0"><span class='ocrx_word' id='word_1_115' title='bbox 14 1049 24 1059; x_wconf 83' lang='lat'>.</span> <span class='ocrx_word' id='word_1_116' title='bbox 74 1027 301 1058; x_wconf 85' lang='lat' dir='ltr'>audientibus.</span> <span class='ocrx_word' id='word_1_117' title='bbox 324 1026 481 1057; x_wconf 76' lang='lat' dir='ltr'>*Ca-cin.</span> <span class='ocrx_word' id='word_1_118' title='bbox 504 1029 551 1058; x_wconf 74' lang='lat'><strong>1‘2.</strong></span> <span class='ocrx_word' id='word_1_119' title='bbox 577 1028 698 1058; x_wconf 86' lang='lat' dir='ltr'>actoris</span> <span class='ocrx_word' id='word_1_120' title='bbox 716 1029 808 1057; x_wconf 84' lang='lat' dir='ltr'>notio</span> 
     </span>
    </p>
   </div>
   <div class='ocr_carea' id='block_1_4' title="bbox 71 1070 818 2765">
    <p class='ocr_par' dir='ltr' id='par_1_6' title="bbox 71 1070 812 1712">
     <span class='ocr_line' id='line_1_22' title="bbox 72 1070 809 1102; baseline -0.001 0"><span class='ocrx_word' id='word_1_121' title='bbox 72 1076 108 1102; x_wconf 86' lang='lat' dir='ltr'>et</span> <span class='ocrx_word' id='word_1_122' title='bbox 123 1071 360 1102; x_wconf 69' lang='lat' dir='ltr'>animadversio</span> <span class='ocrx_word' id='word_1_123' title='bbox 376 1072 435 1101; x_wconf 67' lang='grc' dir='ltr'>ἃς.</span> <span class='ocrx_word' id='word_1_124' title='bbox 467 1071 507 1101; x_wconf 88' lang='lat' dir='ltr'>de</span> <span class='ocrx_word' id='word_1_125' title='bbox 533 1071 594 1101; x_wconf 86' lang='lat' dir='ltr'>hoc</span> <span class='ocrx_word' id='word_1_126' title='bbox 612 1070 683 1100; x_wconf 85' lang='lat' dir='ltr'>loco</span> <span class='ocrx_word' id='word_1_127' title='bbox 700 1071 809 1101; x_wconf 83' lang='lat' dir='ltr'>multa</span> 
     </span>
     <span class='ocr_line' id='line_1_23' title="bbox 71 1114 805 1155; baseline -0.001 -10"><span class='ocrx_word' id='word_1_128' title='bbox 71 1119 153 1145; x_wconf 68' lang='lat' dir='ltr'>sunt</span> <span class='ocrx_word' id='word_1_129' title='bbox 179 1114 362 1155; x_wconf 74' lang='lat' dir='ltr'>disputata,</span> <span class='ocrx_word' id='word_1_130' title='bbox 386 1115 505 1154; x_wconf 85' lang='lat' dir='ltr'>quibus</span> <span class='ocrx_word' id='word_1_131' title='bbox 533 1114 580 1144; x_wconf 89' lang='lat' dir='ltr'>nil</span> <span class='ocrx_word' id='word_1_132' title='bbox 610 1114 805 1155; x_wconf 77' lang='lat' dir='ltr'>expeditum</span> 
     </span>
     <span class='ocr_line' id='line_1_24' title="bbox 71 1158 807 1198; baseline -0.001 -10"><span class='ocrx_word' id='word_1_133' title='bbox 71 1162 124 1189; x_wconf 87' lang='lat' dir='ltr'>est</span> <span class='ocrx_word' id='word_1_134' title='bbox 139 1170 147 1188; x_wconf 89' lang='lat'>:</span> <span class='ocrx_word' id='word_1_135' title='bbox 171 1167 246 1198; x_wconf 78' lang='lat' dir='ltr'>quae</span> <span class='ocrx_word' id='word_1_136' title='bbox 262 1158 326 1188; x_wconf 86' lang='lat' dir='ltr'>vid.</span> <span class='ocrx_word' id='word_1_137' title='bbox 343 1159 376 1188; x_wconf 89' lang='lat' dir='ltr'>in</span> <span class='ocrx_word' id='word_1_138' title='bbox 394 1158 445 1188; x_wconf 84' lang='lat' dir='ltr'>ed.</span> <span class='ocrx_word' id='word_1_139' title='bbox 464 1158 649 1188; x_wconf 64' lang='lat' dir='ltr'>Graeviana.</span> <span class='ocrx_word' id='word_1_140' title='bbox 685 1159 717 1188; x_wconf 90' lang='lat' dir='ltr'>Si</span> <span class='ocrx_word' id='word_1_141' title='bbox 735 1168 807 1187; x_wconf 75' lang='lat' dir='ltr'>ver-</span> 
     </span>
     <span class='ocr_line' id='line_1_25' title="bbox 71 1201 807 1242; baseline -0.001 -10"><span class='ocrx_word' id='word_1_142' title='bbox 71 1201 115 1232; x_wconf 87' lang='lat' dir='ltr'>ba</span> <span class='ocrx_word' id='word_1_143' title='bbox 129 1201 201 1232; x_wconf 78' lang='lat' dir='ltr'>haee.</span> <span class='ocrx_word' id='word_1_144' title='bbox 216 1206 296 1232; x_wconf 87' lang='lat' dir='ltr'>sunt</span> <span class='ocrx_word' id='word_1_145' title='bbox 319 1211 339 1232; x_wconf 88' lang='lat' dir='ltr'>a</span> <span class='ocrx_word' id='word_1_146' title='bbox 363 1202 537 1238; x_wconf 77' lang='lat' dir='ltr'>Cicerone,</span> <span class='ocrx_word' id='word_1_147' title='bbox 554 1211 620 1231; x_wconf 88' lang='lat' dir='ltr'>non</span> <span class='ocrx_word' id='word_1_148' title='bbox 645 1201 807 1242; x_wconf 82' lang='lat' dir='ltr'>capienda</span> 
     </span>
     <span class='ocr_line' id='line_1_26' title="bbox 71 1245 805 1282; baseline -0.001 -6"><span class='ocrx_word' id='word_1_149' title='bbox 71 1250 152 1276; x_wconf 71' lang='lat' dir='ltr'>tunt</span> <span class='ocrx_word' id='word_1_150' title='bbox 177 1245 238 1282; x_wconf 81' lang='lat' dir='ltr'>ita,</span> <span class='ocrx_word' id='word_1_151' title='bbox 262 1250 302 1276; x_wconf 86' lang='lat' dir='ltr'>ut</span> <span class='ocrx_word' id='word_1_152' title='bbox 325 1245 418 1275; x_wconf 85' lang='lat' dir='ltr'>notio</span> <span class='ocrx_word' id='word_1_153' title='bbox 441 1251 475 1274; x_wconf 81' lang='lat' dir='ltr'>et.</span> <span class='ocrx_word' id='word_1_154' title='bbox 501 1245 738 1275; x_wconf 65' lang='lat' dir='ltr'>animadversio</span> <span class='ocrx_word' id='word_1_155' title='bbox 761 1245 805 1275; x_wconf 86' lang='lat' dir='ltr'>sit</span> 
     </span>
     <span class='ocr_line' id='line_1_27' title="bbox 71 1289 805 1328; baseline -0.003 -8"><span class='ocrx_word' id='word_1_156' title='bbox 71 1290 192 1320; x_wconf 80' lang='lat' dir='ltr'>actoris</span> <span class='ocrx_word' id='word_1_157' title='bbox 208 1295 381 1328; x_wconf 83' lang='lat' dir='ltr'>tamquam</span> <span class='ocrx_word' id='word_1_158' title='bbox 401 1289 632 1327; x_wconf 77' lang='lat' dir='ltr'>cognoscentis</span> <span class='ocrx_word' id='word_1_159' title='bbox 649 1294 682 1318; x_wconf 85' lang='lat' dir='ltr'>et</span> <span class='ocrx_word' id='word_1_160' title='bbox 699 1290 805 1319; x_wconf 73' lang='lat' dir='ltr'>anim-</span> 
     </span>
     <span class='ocr_line' id='line_1_28' title="bbox 71 1332 806 1373; baseline -0.003 -9"><span class='ocrx_word' id='word_1_161' title='bbox 71 1333 291 1364; x_wconf 73' lang='lat' dir='ltr'>advertena&#39;s:</span> <span class='ocrx_word' id='word_1_162' title='bbox 315 1337 439 1373; x_wconf 81' lang='lat' dir='ltr'>praetor</span> <span class='ocrx_word' id='word_1_163' title='bbox 461 1332 549 1362; x_wconf 83' lang='lat' dir='ltr'>enim</span> <span class='ocrx_word' id='word_1_164' title='bbox 574 1332 675 1362; x_wconf 85' lang='lat' dir='ltr'>habet</span> <span class='ocrx_word' id='word_1_165' title='bbox 698 1332 806 1362; x_wconf 88' lang='lat' dir='ltr'>notio-</span> 
     </span>
     <span class='ocr_line' id='line_1_29' title="bbox 72 1376 805 1413; baseline -0.003 -6"><span class='ocrx_word' id='word_1_166' title='bbox 72 1385 151 1407; x_wconf 86' lang='lat' dir='ltr'>nem</span> <span class='ocrx_word' id='word_1_167' title='bbox 178 1381 213 1406; x_wconf 84' lang='lat' dir='ltr'>et</span> <span class='ocrx_word' id='word_1_168' title='bbox 239 1376 564 1413; x_wconf 72' lang='lat' dir='ltr'>animadversionem,</span> <span class='ocrx_word' id='word_1_169' title='bbox 591 1385 658 1406; x_wconf 87' lang='lat' dir='ltr'>non</span> <span class='ocrx_word' id='word_1_170' title='bbox 688 1382 805 1413; x_wconf 78' lang='lat' dir='ltr'>actm-3</span> 
     </span>
     <span class='ocr_line' id='line_1_30' title="bbox 71 1418 805 1451; baseline -0.003 -1"><span class='ocrx_word' id='word_1_171' title='bbox 71 1420 130 1451; x_wconf 71' lang='lat' dir='ltr'>sed</span> <span class='ocrx_word' id='word_1_172' title='bbox 154 1425 193 1450; x_wconf 93' lang='lat' dir='ltr'>ut</span> <span class='ocrx_word' id='word_1_173' title='bbox 217 1419 405 1450; x_wconf 85' lang='lat' dir='ltr'>vindicandi</span> <span class='ocrx_word' id='word_1_174' title='bbox 429 1420 550 1450; x_wconf 80' lang='lat' dir='ltr'>actoris</span> <span class='ocrx_word' id='word_1_175' title='bbox 574 1424 608 1449; x_wconf 84' lang='lat' dir='ltr'>et</span> <span class='ocrx_word' id='word_1_176' title='bbox 624 1418 805 1450; x_wconf 81' lang='lat' dir='ltr'>ulciscendi</span> 
     </span>
     <span class='ocr_line' id='line_1_31' title="bbox 71 1463 808 1503; baseline -0.003 -9"><span class='ocrx_word' id='word_1_177' title='bbox 71 1468 108 1494; x_wconf 79' lang='lat' dir='ltr'>et</span> <span class='ocrx_word' id='word_1_178' title='bbox 131 1463 332 1494; x_wconf 83' lang='lat' dir='ltr'>defendendi</span> <span class='ocrx_word' id='word_1_179' title='bbox 352 1464 438 1503; x_wconf 86' lang='lat' dir='ltr'>juris</span> <span class='ocrx_word' id='word_1_180' title='bbox 466 1464 536 1501; x_wconf 76' lang='lat' dir='ltr'>ejus</span> <span class='ocrx_word' id='word_1_181' title='bbox 563 1473 662 1493; x_wconf 85' lang='lat' dir='ltr'>causa</span> <span class='ocrx_word' id='word_1_182' title='bbox 687 1469 808 1503; x_wconf 84' lang='lat' dir='ltr'>praetor</span> 
     </span>
     <span class='ocr_line' id='line_1_32' title="bbox 73 1507 812 1547; baseline -0.001 -10"><span class='ocrx_word' id='word_1_183' title='bbox 73 1513 254 1547; x_wconf 80' lang='lat' dir='ltr'>cognoscat</span> <span class='ocrx_word' id='word_1_184' title='bbox 283 1511 318 1537; x_wconf 82' lang='lat' dir='ltr'>et</span> <span class='ocrx_word' id='word_1_185' title='bbox 348 1507 601 1537; x_wconf 71' lang='lat' dir='ltr'>anImadeertoet.</span> <span class='ocrx_word' id='word_1_186' title='bbox 631 1507 684 1536; x_wconf 81' lang='lat' dir='ltr'>Sic</span> <span class='ocrx_word' id='word_1_187' title='bbox 711 1507 812 1537; x_wconf 64' lang='lat' dir='ltr'>Rosc.</span> 
     </span>
     <span class='ocr_line' id='line_1_33' title="bbox 71 1549 805 1590; baseline -0.003 -8"><span class='ocrx_word' id='word_1_188' title='bbox 71 1550 149 1582; x_wconf 80' lang='lat' dir='ltr'>Am.</span> <span class='ocrx_word' id='word_1_189' title='bbox 179 1552 233 1582; x_wconf 70' lang='lat'>24.</span> <span class='ocrx_word' id='word_1_190' title='bbox 270 1555 449 1590; x_wconf 86' lang='lat' dir='ltr'>parentum</span> <span class='ocrx_word' id='word_1_191' title='bbox 479 1559 596 1590; x_wconf 80' lang='lat' dir='ltr'><strong>poenae.</strong></span> <span class='ocrx_word' id='word_1_192' title='bbox 636 1549 716 1580; x_wconf 73' lang='lat' dir='ltr'>Cael.</span> <span class='ocrx_word' id='word_1_193' title='bbox 753 1551 805 1584; x_wconf 73' lang='lat'><strong>⁶29.</strong></span> 
     </span>
     <span class='ocr_line' id='line_1_34' title="bbox 71 1593 806 1634; baseline -0.001 -10"><span class='ocrx_word' id='word_1_194' title='bbox 71 1594 154 1634; x_wconf 85' lang='lat' dir='ltr'>reip.</span> <span class='ocrx_word' id='word_1_195' title='bbox 179 1603 288 1634; x_wconf 80' lang='lat' dir='ltr'>poena.</span> <span class='ocrx_word' id='word_1_196' title='bbox 319 1593 425 1624; x_wconf 88' lang='lat' dir='ltr'>Flace.</span> <span class='ocrx_word' id='word_1_197' title='bbox 450 1596 502 1624; x_wconf 86' lang='grc'>38.</span> <span class='ocrx_word' id='word_1_198' title='bbox 535 1593 669 1623; x_wconf 82' lang='lat' dir='ltr'>Lentuli</span> <span class='ocrx_word' id='word_1_199' title='bbox 696 1603 806 1634; x_wconf 84' lang='lat' dir='ltr'>poena,</span> 
     </span>
     <span class='ocr_line' id='line_1_35' title="bbox 73 1637 807 1678; baseline 0 -10"><span class='ocrx_word' id='word_1_200' title='bbox 73 1647 174 1677; x_wconf 86' lang='lat' dir='ltr'>quam</span> <span class='ocrx_word' id='word_1_201' title='bbox 190 1638 264 1677; x_wconf 83' lang='lat' dir='ltr'>quis</span> <span class='ocrx_word' id='word_1_202' title='bbox 287 1637 350 1668; x_wconf 87' lang='lat' dir='ltr'>luit</span> <span class='ocrx_word' id='word_1_203' title='bbox 367 1642 503 1678; x_wconf 76' lang='lat' dir='ltr'>propter</span> <span class='ocrx_word' id='word_1_204' title='bbox 517 1642 685 1677; x_wconf 83' lang='lat' dir='ltr'>parentes,</span> <span class='ocrx_word' id='word_1_205' title='bbox 703 1647 807 1678; x_wconf 85' lang='lat' dir='ltr'>remp.</span> 
     </span>
     <span class='ocr_line' id='line_1_36' title="bbox 71 1680 760 1712; baseline -0.003 0"><span class='ocrx_word' id='word_1_206' title='bbox 71 1680 269 1712; x_wconf 81' lang='lat' dir='ltr'>Lentulum.</span> <span class='ocrx_word' id='word_1_207' title='bbox 286 1681 350 1711; x_wconf 88' lang='lat' dir='ltr'>vid.</span> <span class='ocrx_word' id='word_1_208' title='bbox 367 1682 500 1711; x_wconf 82' lang='lat' dir='ltr'>l’unire.</span> <span class='ocrx_word' id='word_1_209' title='bbox 519 1680 760 1711; x_wconf 83' lang='lat' dir='ltr'>Condemnare.</span> 
     </span>
    </p>

    <p class='ocr_par' dir='ltr' id='par_1_7' title="bbox 71 1724 809 2070">
     <span class='ocr_line' id='line_1_37' title="bbox 116 1724 808 1763; baseline -0.003 -7"><span class='ocrx_word' id='word_1_210' title='bbox 116 1725 359 1756; x_wconf 82' lang='lat' dir='ltr'>Animadverto.</span> <span class='ocrx_word' id='word_1_211' title='bbox 382 1725 423 1754; x_wconf 85' lang='lat' dir='ltr'>ad</span> <span class='ocrx_word' id='word_1_212' title='bbox 447 1725 523 1755; x_wconf 90' lang='lat' dir='ltr'>Div.</span> <span class='ocrx_word' id='word_1_213' title='bbox 547 1725 590 1754; x_wconf 84' lang='lat' dir='ltr'>xi.</span> <span class='ocrx_word' id='word_1_214' title='bbox 614 1726 667 1759; x_wconf 66' lang='lat'><strong>527.</strong></span> <span class='ocrx_word' id='word_1_215' title='bbox 699 1724 808 1763; x_wconf 80' lang='lat' dir='ltr'>digni-</span> 
     </span>
     <span class='ocr_line' id='line_1_38' title="bbox 71 1768 808 1807; baseline -0.003 -8"><span class='ocrx_word' id='word_1_216' title='bbox 71 1772 125 1799; x_wconf 84' lang='lat' dir='ltr'>tas</span> <span class='ocrx_word' id='word_1_217' title='bbox 149 1775 210 1799; x_wconf 88' lang='lat' dir='ltr'>tua</span> <span class='ocrx_word' id='word_1_218' title='bbox 231 1768 311 1799; x_wconf 83' lang='lat' dir='ltr'>facit</span> <span class='ocrx_word' id='word_1_219' title='bbox 335 1772 373 1799; x_wconf 84' lang='lat' dir='ltr'>ut</span> <span class='ocrx_word' id='word_1_220' title='bbox 395 1769 697 1805; x_wconf 77' lang='lat' dir='ltr'><em>animadvertatur,</em></span> <span class='ocrx_word' id='word_1_221' title='bbox 715 1768 808 1807; x_wconf 89' lang='lat' dir='ltr'>quic-</span> 
     </span>
     <span class='ocr_line' id='line_1_39' title="bbox 74 1811 806 1851; baseline -0.001 -9"><span class='ocrx_word' id='word_1_222' title='bbox 74 1811 156 1851; x_wconf 86' lang='lat' dir='ltr'>quid</span> <span class='ocrx_word' id='word_1_223' title='bbox 179 1811 292 1842; x_wconf 82' lang='lat' dir='ltr'>faeias.</span> <span class='ocrx_word' id='word_1_224' title='bbox 321 1811 423 1842; x_wconf 85' lang='lat' dir='ltr'>latere</span> <span class='ocrx_word' id='word_1_225' title='bbox 450 1821 517 1842; x_wconf 92' lang='lat' dir='ltr'>non</span> <span class='ocrx_word' id='word_1_226' title='bbox 543 1812 660 1851; x_wconf 86' lang='lat' dir='ltr'>possit,</span> <span class='ocrx_word' id='word_1_227' title='bbox 688 1811 746 1841; x_wconf 82' lang='lat' dir='ltr'>sed</span> <span class='ocrx_word' id='word_1_228' title='bbox 773 1812 806 1841; x_wconf 92' lang='lat' dir='ltr'>in</span> 
     </span>
     <span class='ocr_line' id='line_1_40' title="bbox 73 1855 807 1886; baseline 0 0"><span class='ocrx_word' id='word_1_229' title='bbox 73 1864 245 1886; x_wconf 74' lang='lat' dir='ltr'>sermones</span> <span class='ocrx_word' id='word_1_230' title='bbox 269 1855 443 1886; x_wconf 88' lang='lat' dir='ltr'>hominum</span> <span class='ocrx_word' id='word_1_231' title='bbox 469 1856 591 1885; x_wconf 79' lang='lat' dir='ltr'>veniat.</span> <span class='ocrx_word' id='word_1_232' title='bbox 614 1855 710 1886; x_wconf 89' lang='lat' dir='ltr'>Rosc.</span> <span class='ocrx_word' id='word_1_233' title='bbox 732 1855 807 1886; x_wconf 90' lang='lat' dir='ltr'>Am.</span> 
     </span>
     <span class='ocr_line' id='line_1_41' title="bbox 72 1899 807 1939; baseline -0.003 -9"><span class='ocrx_word' id='word_1_234' title='bbox 72 1900 128 1930; x_wconf 70' lang='lat'>40.</span> <span class='ocrx_word' id='word_1_235' title='bbox 153 1899 413 1930; x_wconf 74' lang='lat' dir='ltr'>animadvertere</span> <span class='ocrx_word' id='word_1_236' title='bbox 429 1904 577 1939; x_wconf 79' lang='lat' dir='ltr'>peecata,</span> <span class='ocrx_word' id='word_1_237' title='bbox 591 1899 612 1929; x_wconf 91' lang='lat' dir='ltr'>i.</span> <span class='ocrx_word' id='word_1_238' title='bbox 629 1909 659 1929; x_wconf 88' lang='lat' dir='ltr'>e.</span> <span class='ocrx_word' id='word_1_239' title='bbox 674 1899 807 1939; x_wconf 79' lang='lat' dir='ltr'>punire,</span> 
     </span>
     <span class='ocr_line' id='line_1_42' title="bbox 73 1943 809 1983; baseline 0 -11"><span class='ocrx_word' id='word_1_240' title='bbox 73 1943 154 1982; x_wconf 84' lang='lat' dir='ltr'>quia</span> <span class='ocrx_word' id='word_1_241' title='bbox 176 1943 363 1983; x_wconf 86' lang='lat' dir='ltr'>puniuntur</span> <span class='ocrx_word' id='word_1_242' title='bbox 388 1948 536 1983; x_wconf 70' lang='lat' dir='ltr'>peccata,</span> <span class='ocrx_word' id='word_1_243' title='bbox 554 1952 631 1973; x_wconf 85' lang='lat' dir='ltr'>cum</span> <span class='ocrx_word' id='word_1_244' title='bbox 657 1943 809 1973; x_wconf 81' lang='lat' dir='ltr'>animad-</span> 
     </span>
     <span class='ocr_line' id='line_1_43' title="bbox 71 1990 809 2025; baseline 0.001 -10"><span class='ocrx_word' id='word_1_245' title='bbox 71 1990 254 2016; x_wconf 74' lang='lat' dir='ltr'>vertuntur</span> <span class='ocrx_word' id='word_1_246' title='bbox 275 1990 310 2016; x_wconf 83' lang='lat' dir='ltr'>et</span> <span class='ocrx_word' id='word_1_247' title='bbox 333 1993 603 2025; x_wconf 76' lang='lat' dir='ltr'>cognoscuntur-3</span> <span class='ocrx_word' id='word_1_248' title='bbox 629 1996 705 2016; x_wconf 88' lang='lat' dir='ltr'>cum</span> <span class='ocrx_word' id='word_1_249' title='bbox 731 1995 809 2016; x_wconf 85' lang='lat' dir='ltr'>con-</span> 
     </span>
     <span class='ocr_line' id='line_1_44' title="bbox 74 2029 796 2070; baseline -0.001 -10"><span class='ocrx_word' id='word_1_250' title='bbox 74 2034 142 2067; x_wconf 80' lang='lat' dir='ltr'>tra,</span> <span class='ocrx_word' id='word_1_251' title='bbox 159 2039 226 2060; x_wconf 92' lang='lat' dir='ltr'>non</span> <span class='ocrx_word' id='word_1_252' title='bbox 243 2029 374 2070; x_wconf 79' lang='lat' dir='ltr'>punire,</span> <span class='ocrx_word' id='word_1_253' title='bbox 391 2030 447 2066; x_wconf 71' lang='lat' dir='ltr'>sit,</span> <span class='ocrx_word' id='word_1_254' title='bbox 464 2029 632 2069; x_wconf 72' lang='lat' dir='ltr'>negligere</span> <span class='ocrx_word' id='word_1_255' title='bbox 649 2036 796 2069; x_wconf 84' lang='lat' dir='ltr'>peccata.</span> 
     </span>
    </p>

    <p class='ocr_par' dir='ltr' id='par_1_8' title="bbox 74 2071 810 2147">
     <span class='ocr_line' id='line_1_45' title="bbox 115 2071 810 2105; baseline -0.001 -1"><span class='ocrx_word' id='word_1_256' title='bbox 115 2073 310 2104; x_wconf 71' lang='lat' dir='ltr'>Animabile&#39;s</span> <span class='ocrx_word' id='word_1_257' title='bbox 326 2079 457 2103; x_wconf 80' lang='lat' dir='ltr'>natura.</span> <span class='ocrx_word' id='word_1_258' title='bbox 481 2071 559 2103; x_wconf 78' lang='lat' dir='ltr'>Nat.</span> <span class='ocrx_word' id='word_1_259' title='bbox 579 2073 621 2103; x_wconf 93' lang='lat' dir='ltr'>D.</span> <span class='ocrx_word' id='word_1_260' title='bbox 634 2073 667 2103; x_wconf 87' lang='lat' dir='ltr'>ii.</span> <span class='ocrx_word' id='word_1_261' title='bbox 681 2074 734 2105; x_wconf 83' lang='lat'>36.</span> <span class='ocrx_word' id='word_1_262' title='bbox 758 2078 810 2104; x_wconf 85' lang='lat' dir='ltr'>est</span> 
     </span>
     <span class='ocr_line' id='line_1_46' title="bbox 74 2119 144 2147; baseline 0 0"><span class='ocrx_word' id='word_1_263' title='bbox 74 2119 144 2147; x_wconf 66' lang='lat' dir='ltr'>aer.</span> 
     </span>
    </p>

    <p class='ocr_par' dir='ltr' id='par_1_9' title="bbox 73 2159 811 2331">
     <span class='ocr_line' id='line_1_47' title="bbox 117 2159 811 2197; baseline 0 -7"><span class='ocrx_word' id='word_1_264' title='bbox 117 2160 291 2191; x_wconf 77' lang='lat' dir='ltr'>Animalis.</span> <span class='ocrx_word' id='word_1_265' title='bbox 320 2159 421 2191; x_wconf 86' lang='lat' dir='ltr'>Tusc.</span> <span class='ocrx_word' id='word_1_266' title='bbox 448 2159 469 2189; x_wconf 90' lang='lat' dir='ltr'>i.</span> <span class='ocrx_word' id='word_1_267' title='bbox 502 2162 550 2194; x_wconf 83' lang='grc'>17.</span> <span class='ocrx_word' id='word_1_268' title='bbox 575 2160 748 2197; x_wconf 56' lang='lat' dir='ltr'>animalem,</span> <span class='ocrx_word' id='word_1_269' title='bbox 777 2159 811 2190; x_wconf 91' lang='lat' dir='ltr'>id</span> 
     </span>
     <span class='ocr_line' id='line_1_48' title="bbox 73 2202 810 2244; baseline 0 -10"><span class='ocrx_word' id='word_1_270' title='bbox 73 2208 139 2242; x_wconf 73' lang='lat' dir='ltr'>est,</span> <span class='ocrx_word' id='word_1_271' title='bbox 164 2203 346 2244; x_wconf 80' lang='lat' dir='ltr'>spirabiles.</span> <span class='ocrx_word' id='word_1_272' title='bbox 369 2204 518 2233; x_wconf 50' lang='lat' dir='ltr'>*azirius</span> <span class='ocrx_word' id='word_1_273' title='bbox 545 2202 588 2233; x_wconf 90' lang='lat' dir='ltr'>N.</span> <span class='ocrx_word' id='word_1_274' title='bbox 614 2203 657 2233; x_wconf 90' lang='lat' dir='ltr'>D.</span> <span class='ocrx_word' id='word_1_275' title='bbox 684 2204 730 2234; x_wconf 89' lang='lat' dir='ltr'>iii.</span> <span class='ocrx_word' id='word_1_276' title='bbox 761 2206 810 2234; x_wconf 86' lang='lat'>14.</span> 
     </span>
     <span class='ocr_line' id='line_1_49' title="bbox 74 2246 809 2278; baseline -0.001 0"><span class='ocrx_word' id='word_1_277' title='bbox 74 2252 198 2278; x_wconf 83' lang='lat' dir='ltr'>natura</span> <span class='ocrx_word' id='word_1_278' title='bbox 211 2249 374 2278; x_wconf 81' lang='lat' dir='ltr'>animalis.</span> <span class='ocrx_word' id='word_1_279' title='bbox 393 2247 522 2277; x_wconf 64' lang='lat' dir='ltr'>*vivus</span> <span class='ocrx_word' id='word_1_280' title='bbox 547 2246 618 2277; x_wconf 86' lang='lat' dir='ltr'>lnv.</span> <span class='ocrx_word' id='word_1_281' title='bbox 635 2247 669 2277; x_wconf 88' lang='lat' dir='ltr'>ii.</span> <span class='ocrx_word' id='word_1_282' title='bbox 685 2250 712 2277; x_wconf 90' lang='lat' dir='ltr'>l.</span> <span class='ocrx_word' id='word_1_283' title='bbox 736 2248 809 2278; x_wconf 79' lang='lat' dir='ltr'>aui-</span> 
     </span>
     <span class='ocr_line' id='line_1_50' title="bbox 73 2291 381 2331; baseline 0 -10"><span class='ocrx_word' id='word_1_284' title='bbox 73 2292 162 2322; x_wconf 74' lang='lat' dir='ltr'>male</span> <span class='ocrx_word' id='word_1_285' title='bbox 177 2291 381 2331; x_wconf 77' lang='lat' dir='ltr'>exemplum.</span> 
     </span>
    </p>

    <p class='ocr_par' dir='ltr' id='par_1_10' title="bbox 74 2332 811 2418">
     <span class='ocr_line' id='line_1_51' title="bbox 116 2332 811 2373; baseline -0.003 -8"><span class='ocrx_word' id='word_1_286' title='bbox 116 2335 294 2366; x_wconf 69' lang='lat' dir='ltr'>Animalia.</span> <span class='ocrx_word' id='word_1_287' title='bbox 323 2334 363 2365; x_wconf 84' lang='lat' dir='ltr'>de</span> <span class='ocrx_word' id='word_1_288' title='bbox 390 2334 482 2365; x_wconf 80' lang='lat' dir='ltr'>univ.</span> <span class='ocrx_word' id='word_1_289' title='bbox 509 2336 538 2372; x_wconf 69' lang='grc' dir='ltr'>ξ.</span> <span class='ocrx_word' id='word_1_290' title='bbox 565 2337 614 2365; x_wconf 92' lang='lat'>10.</span> <span class='ocrx_word' id='word_1_291' title='bbox 637 2338 689 2364; x_wconf 88' lang='lat' dir='ltr'>est</span> <span class='ocrx_word' id='word_1_292' title='bbox 711 2332 811 2373; x_wconf 71' lang='grc' dir='ltr'>ἰμψῦ-</span> 
     </span>
     <span class='ocr_line' id='line_1_52' title="bbox 74 2388 180 2418; baseline 0 -10"><span class='ocrx_word' id='word_1_293' title='bbox 74 2388 180 2418; x_wconf 59' lang='lat' dir='ltr'>zuene.</span> 
     </span>
    </p>

    <p class='ocr_par' dir='ltr' id='par_1_11' title="bbox 74 2420 813 2496">
     <span class='ocr_line' id='line_1_53' title="bbox 117 2420 813 2460; baseline -0.001 -8"><span class='ocrx_word' id='word_1_294' title='bbox 117 2421 268 2453; x_wconf 72' lang='lat' dir='ltr'>Animosa</span> <span class='ocrx_word' id='word_1_295' title='bbox 297 2422 416 2452; x_wconf 85' lang='lat' dir='ltr'>vivere.</span> <span class='ocrx_word' id='word_1_296' title='bbox 451 2420 516 2452; x_wconf 82' lang='lat' dir='ltr'>Off.</span> <span class='ocrx_word' id='word_1_297' title='bbox 548 2421 569 2452; x_wconf 88' lang='lat' dir='ltr'>i.</span> <span class='ocrx_word' id='word_1_298' title='bbox 601 2421 653 2453; x_wconf 76' lang='lat'>26.</span> <span class='ocrx_word' id='word_1_299' title='bbox 692 2430 813 2460; x_wconf 82' lang='lat' dir='ltr'>magno</span> 
     </span>
     <span class='ocr_line' id='line_1_54' title="bbox 74 2466 194 2496; baseline -0.009 0"><span class='ocrx_word' id='word_1_300' title='bbox 74 2466 194 2496; x_wconf 74' lang='lat' dir='ltr'>animo.</span> 
     </span>
    </p>

    <p class='ocr_par' dir='ltr' id='par_1_12' title="bbox 73 2507 818 2765">
     <span class='ocr_line' id='line_1_55' title="bbox 116 2507 815 2550; baseline -0.004 -10"><span class='ocrx_word' id='word_1_301' title='bbox 116 2508 271 2546; x_wconf 74' lang='lat' dir='ltr'>Animus,</span> <span class='ocrx_word' id='word_1_302' title='bbox 288 2518 348 2550; x_wconf 89' lang='lat' dir='ltr'>pro</span> <span class='ocrx_word' id='word_1_303' title='bbox 364 2509 487 2539; x_wconf 84' lang='lat' dir='ltr'>anima.</span> <span class='ocrx_word' id='word_1_304' title='bbox 510 2507 553 2538; x_wconf 87' lang='lat' dir='ltr'>N.</span> <span class='ocrx_word' id='word_1_305' title='bbox 570 2509 613 2539; x_wconf 94' lang='lat' dir='ltr'>D.</span> <span class='ocrx_word' id='word_1_306' title='bbox 629 2507 663 2538; x_wconf 88' lang='lat' dir='ltr'>ii.</span> <span class='ocrx_word' id='word_1_307' title='bbox 680 2507 711 2538; x_wconf 92' lang='grc'>6.</span> <span class='ocrx_word' id='word_1_308' title='bbox 729 2511 815 2538; x_wconf 84' lang='lat' dir='ltr'><strong>extr.</strong></span> 
     </span>
     <span class='ocr_line' id='line_1_56' title="bbox 73 2549 814 2593; baseline -0.003 -11"><span class='ocrx_word' id='word_1_309' title='bbox 73 2553 205 2583; x_wconf 72' lang='lat' dir='ltr'>animus</span> <span class='ocrx_word' id='word_1_310' title='bbox 222 2553 398 2593; x_wconf 75' lang='lat' dir='ltr'>spirabilis.</span> <span class='ocrx_word' id='word_1_311' title='bbox 412 2553 499 2592; x_wconf 68' lang='lat' dir='ltr'>*pro</span> <span class='ocrx_word' id='word_1_312' title='bbox 523 2552 718 2592; x_wconf 80' lang='lat' dir='ltr'>cupiditate.</span> <span class='ocrx_word' id='word_1_313' title='bbox 741 2549 814 2581; x_wconf 81' lang='lat' dir='ltr'>Att.</span> 
     </span>
     <span class='ocr_line' id='line_1_57' title="bbox 74 2594 815 2628; baseline -0.004 -2"><span class='ocrx_word' id='word_1_314' title='bbox 74 2596 132 2626; x_wconf 85' lang='lat' dir='ltr'>xii.</span> <span class='ocrx_word' id='word_1_315' title='bbox 146 2596 199 2627; x_wconf 84' lang='lat'>46.</span> <span class='ocrx_word' id='word_1_316' title='bbox 223 2597 355 2628; x_wconf 82' lang='lat' dir='ltr'>vincere</span> <span class='ocrx_word' id='word_1_317' title='bbox 373 2605 534 2627; x_wconf 78' lang='lat' dir='ltr'>ammam.</span> <span class='ocrx_word' id='word_1_318' title='bbox 554 2595 596 2626; x_wconf 86' lang='lat' dir='ltr'>cf.</span> <span class='ocrx_word' id='word_1_319' title='bbox 616 2594 766 2626; x_wconf 86' lang='lat' dir='ltr'>Marcell.</span> <span class='ocrx_word' id='word_1_320' title='bbox 785 2597 815 2625; x_wconf 89' lang='grc'><strong>3</strong></span> 
     </span>
     <span class='ocr_line' id='line_1_58' title="bbox 73 2638 816 2677; baseline -0.004 -7"><span class='ocrx_word' id='word_1_321' title='bbox 73 2638 244 2670; x_wconf 57' lang='lat' dir='ltr'>‘cluent</span> <span class='ocrx_word' id='word_1_322' title='bbox 267 2642 320 2671; x_wconf 70' lang='lat'>42.</span> <span class='ocrx_word' id='word_1_323' title='bbox 346 2640 392 2670; x_wconf 80' lang='lat' dir='ltr'>vis</span> <span class='ocrx_word' id='word_1_324' title='bbox 417 2641 532 2670; x_wconf 78' lang='lat' dir='ltr'>animi.</span> <span class='ocrx_word' id='word_1_325' title='bbox 556 2639 578 2669; x_wconf 91' lang='lat' dir='ltr'>i.</span> <span class='ocrx_word' id='word_1_326' title='bbox 599 2650 627 2668; x_wconf 88' lang='lat' dir='ltr'>e.</span> <span class='ocrx_word' id='word_1_327' title='bbox 645 2638 816 2677; x_wconf 71' lang='lat' dir='ltr'>magnitu-</span> 
     </span>
     <span class='ocr_line' id='line_1_59' title="bbox 74 2681 818 2723; baseline -0.001 -10"><span class='ocrx_word' id='word_1_328' title='bbox 74 2681 128 2713; x_wconf 85' lang='lat' dir='ltr'>do.</span> <span class='ocrx_word' id='word_1_329' title='bbox 151 2682 349 2723; x_wconf 61' lang='lat' dir='ltr'>*supe-rma,</span> <span class='ocrx_word' id='word_1_330' title='bbox 365 2683 553 2713; x_wconf 80' lang='lat' dir='ltr'><strong>temeritas.</strong></span> <span class='ocrx_word' id='word_1_331' title='bbox 571 2683 606 2712; x_wconf 90' lang='lat' dir='ltr'>in</span> <span class='ocrx_word' id='word_1_332' title='bbox 625 2681 739 2712; x_wconf 79' lang='lat' dir='ltr'>Caecil.</span> <span class='ocrx_word' id='word_1_333' title='bbox 765 2684 818 2712; x_wconf 85' lang='lat'><strong>11.-</strong></span> 
     </span>
     <span class='ocr_line' id='line_1_60' title="bbox 73 2727 497 2765; baseline 0.002 -9"><span class='ocrx_word' id='word_1_334' title='bbox 73 2727 199 2757; x_wconf 73' lang='lat' dir='ltr'>cmz&#39;mos</span> <span class='ocrx_word' id='word_1_335' title='bbox 212 2727 284 2765; x_wconf 83' lang='lat' dir='ltr'>ejus</span> <span class='ocrx_word' id='word_1_336' title='bbox 300 2727 497 2757; x_wconf 77' lang='lat' dir='ltr'>retardaret.</span> 
     </span>
    </p>
   </div>
   <div class='ocr_carea' id='block_1_5' title="bbox 117 2769 820 2810">
    <p class='ocr_par' dir='ltr' id='par_1_13' title="bbox 117 2769 820 2810">
     <span class='ocr_line' id='line_1_61' title="bbox 117 2769 820 2810; baseline -0.001 -11"><span class='ocrx_word' id='word_1_337' title='bbox 117 2769 278 2808; x_wconf 68' lang='lat' dir='ltr'>Annales,</span> <span class='ocrx_word' id='word_1_338' title='bbox 287 2775 367 2801; x_wconf 86' lang='lat' dir='ltr'>sunt</span> <span class='ocrx_word' id='word_1_339' title='bbox 382 2770 471 2807; x_wconf 80' lang='lat' dir='ltr'>iibri,</span> <span class='ocrx_word' id='word_1_340' title='bbox 484 2770 604 2810; x_wconf 85' lang='lat' dir='ltr'>quibus</span> <span class='ocrx_word' id='word_1_341' title='bbox 617 2778 820 2799; x_wconf 66' lang='lat' dir='ltr'>monumcw</span> 
     </span>
    </p>
   </div>
   <div class='ocr_carea' id='block_1_6' title="bbox 74 2811 818 2933">
    <p class='ocr_par' dir='ltr' id='par_1_14' title="bbox 74 2811 818 2933">
     <span class='ocr_line' id='line_1_62' title="bbox 74 2811 816 2854; baseline -0.001 -11"><span class='ocrx_word' id='word_1_342' title='bbox 74 2816 113 2843; x_wconf 76' lang='lat' dir='ltr'>ta</span> <span class='ocrx_word' id='word_1_343' title='bbox 140 2811 251 2843; x_wconf 87' lang='lat' dir='ltr'>solum</span> <span class='ocrx_word' id='word_1_344' title='bbox 282 2818 490 2854; x_wconf 83' lang='lat' dir='ltr'>temporum,</span> <span class='ocrx_word' id='word_1_345' title='bbox 517 2813 679 2849; x_wconf 71' lang='lat' dir='ltr'>beorum,</span> <span class='ocrx_word' id='word_1_346' title='bbox 709 2812 816 2842; x_wconf 87' lang='lat' dir='ltr'>homi·</span> 
     </span>
     <span class='ocr_line' id='line_1_63' title="bbox 76 2857 817 2906; baseline -0.001 -20"><span class='ocrx_word' id='word_1_347' title='bbox 76 2865 159 2886; x_wconf 88' lang='lat' dir='ltr'>num</span> <span class='ocrx_word' id='word_1_348' title='bbox 167 2861 426 2906; x_wconf 78' lang='lat' dir='ltr'>gestarumque</span> <span class='ocrx_word' id='word_1_349' title='bbox 451 2867 561 2888; x_wconf 82' lang='lat' dir='ltr'>rerum</span> <span class='ocrx_word' id='word_1_350' title='bbox 587 2857 817 2886; x_wconf 81' lang='lat' dir='ltr'>continentur.</span> 
     </span>
     <span class='ocr_line' id='line_1_64' title="bbox 74 2896 818 2933; baseline 0 -3"><span class='ocrx_word' id='word_1_351' title='bbox 74 2899 136 2932; x_wconf 79' lang='lat' dir='ltr'>Or.</span> <span class='ocrx_word' id='word_1_352' title='bbox 151 2896 188 2932; x_wconf 84' lang='lat' dir='ltr'>ii.</span> <span class='ocrx_word' id='word_1_353' title='bbox 208 2901 259 2932; x_wconf 75' lang='lat'>12.</span> <span class='ocrx_word' id='word_1_354' title='bbox 282 2901 431 2933; x_wconf 71' lang='lat' dir='ltr'>Annales</span> <span class='ocrx_word' id='word_1_355' title='bbox 446 2900 583 2932; x_wconf 70' lang='lat' dir='ltr'>maximi</span> <span class='ocrx_word' id='word_1_356' title='bbox 600 2904 714 2932; x_wconf 80' lang='lat' dir='ltr'>autem</span> <span class='ocrx_word' id='word_1_357' title='bbox 730 2899 818 2931; x_wconf 83' lang='lat' dir='ltr'>dice-</span> 
     </span>
    </p>
   </div>
   <div class='ocr_carea' id='block_1_7' title="bbox 1494 108 1572 150">
    <p class='ocr_par' dir='ltr' id='par_1_15' title="bbox 1494 108 1572 150">
     <span class='ocr_line' id='line_1_65' title="bbox 1494 108 1572 150; baseline 0.026 -2"><span class='ocrx_word' id='word_1_358' title='bbox 1494 108 1572 150; x_wconf 83' lang='lat'>189</span> 
     </span>
    </p>
   </div>
   <div class='ocr_carea' id='block_1_8' title="bbox 844 200 1597 2940">
    <p class='ocr_par' dir='ltr' id='par_1_16' title="bbox 844 200 1572 324">
     <span class='ocr_line' id='line_1_66' title="bbox 844 200 1572 241; baseline 0.014 -10"><span class='ocrx_word' id='word_1_359' title='bbox 844 201 979 240; x_wconf 79' lang='lat' dir='ltr'>bantur,</span> <span class='ocrx_word' id='word_1_360' title='bbox 996 212 1076 241; x_wconf 86' lang='lat' dir='ltr'>quos</span> <span class='ocrx_word' id='word_1_361' title='bbox 1093 200 1244 235; x_wconf 75' lang='lat' dir='ltr'>Pontifex</span> <span class='ocrx_word' id='word_1_362' title='bbox 1261 203 1309 235; x_wconf 88' lang='lat' dir='ltr'><strong>M.</strong></span> <span class='ocrx_word' id='word_1_363' title='bbox 1327 206 1523 239; x_wconf 72' lang='lat' dir='ltr'>confici-ebat</span> <span class='ocrx_word' id='word_1_364' title='bbox 1538 215 1572 241; x_wconf 79' lang='lat' dir='ltr'>et</span> 
     </span>
     <span class='ocr_line' id='line_1_67' title="bbox 844 245 1572 283; baseline 0.012 -9"><span class='ocrx_word' id='word_1_365' title='bbox 844 245 877 274; x_wconf 91' lang='lat' dir='ltr'>in</span> <span class='ocrx_word' id='word_1_366' title='bbox 902 245 1013 275; x_wconf 76' lang='lat' dir='ltr'>albuin</span> <span class='ocrx_word' id='word_1_367' title='bbox 1037 246 1192 277; x_wconf 76' lang='lat' dir='ltr'>efferebat</span> <span class='ocrx_word' id='word_1_368' title='bbox 1213 250 1272 278; x_wconf 74' lang='grc' dir='ltr'><strong>ὄις.</strong></span> <span class='ocrx_word' id='word_1_369' title='bbox 1290 249 1367 278; x_wconf 84' lang='lat' dir='ltr'>ibid.</span> <span class='ocrx_word' id='word_1_370' title='bbox 1394 250 1410 267; x_wconf 73' lang='grc'><em>“</em></span> <span class='ocrx_word' id='word_1_371' title='bbox 1425 250 1492 281; x_wconf 76' lang='lat' dir='ltr'>An.</span> <span class='ocrx_word' id='word_1_372' title='bbox 1518 254 1572 283; x_wconf 84' lang='lat' dir='ltr'>xii.</span> 
     </span>
     <span class='ocr_line' id='line_1_68' title="bbox 846 288 1353 324; baseline 0.006 -5"><span class='ocrx_word' id='word_1_373' title='bbox 846 291 898 319; x_wconf 75' lang='lat'>24.</span> <span class='ocrx_word' id='word_1_374' title='bbox 922 294 971 318; x_wconf 77' lang='lat' dir='ltr'>est</span> <span class='ocrx_word' id='word_1_375' title='bbox 987 288 1103 324; x_wconf 82' lang='lat' dir='ltr'>etiam,</span> <span class='ocrx_word' id='word_1_376' title='bbox 1120 288 1200 319; x_wconf 83' lang='lat' dir='ltr'>liber</span> <span class='ocrx_word' id='word_1_377' title='bbox 1214 291 1353 322; x_wconf 78' lang='lat' dir='ltr'>annalis.</span> 
     </span>
    </p>

    <p class='ocr_par' dir='ltr' id='par_1_17' title="bbox 846 332 1577 536">
     <span class='ocr_line' id='line_1_69' title="bbox 889 332 1575 375; baseline 0.004 -12"><span class='ocrx_word' id='word_1_378' title='bbox 889 333 1040 363; x_wconf 77' lang='lat' dir='ltr'>Annectn.</span> <span class='ocrx_word' id='word_1_379' title='bbox 1070 332 1134 362; x_wconf 75' lang='lat' dir='ltr'>Off.</span> <span class='ocrx_word' id='word_1_380' title='bbox 1151 336 1215 363; x_wconf 76' lang='lat'><strong>1.4&#39;.</strong></span> <span class='ocrx_word' id='word_1_381' title='bbox 1241 334 1334 363; x_wconf 80' lang='lat' dir='ltr'>rebus</span> <span class='ocrx_word' id='word_1_382' title='bbox 1360 337 1575 375; x_wconf 66' lang='lat' dir='ltr'>pra’sentibu}</span> 
     </span>
     <span class='ocr_line' id='line_1_70' title="bbox 846 375 1575 416; baseline 0.005 -10"><span class='ocrx_word' id='word_1_383' title='bbox 846 377 989 406; x_wconf 73' lang='lat' dir='ltr'>annectit</span> <span class='ocrx_word' id='word_1_384' title='bbox 1006 375 1149 411; x_wconf 79' lang='lat' dir='ltr'>suturas,</span> <span class='ocrx_word' id='word_1_385' title='bbox 1164 376 1183 404; x_wconf 89' lang='lat' dir='ltr'>i.</span> <span class='ocrx_word' id='word_1_386' title='bbox 1199 386 1227 405; x_wconf 82' lang='lat' dir='ltr'>e.</span> <span class='ocrx_word' id='word_1_387' title='bbox 1243 387 1260 405; x_wconf 86' lang='lat' dir='ltr'>e</span> <span class='ocrx_word' id='word_1_388' title='bbox 1278 379 1494 416; x_wconf 66' lang='lat' dir='ltr'>praesentibus</span> <span class='ocrx_word' id='word_1_389' title='bbox 1511 380 1575 410; x_wconf 86' lang='lat' dir='ltr'>col-</span> 
     </span>
     <span class='ocr_line' id='line_1_71' title="bbox 847 417 1577 458; baseline 0.005 -9"><span class='ocrx_word' id='word_1_390' title='bbox 847 419 921 458; x_wconf 81' lang='lat' dir='ltr'>ligit</span> <span class='ocrx_word' id='word_1_391' title='bbox 945 418 1086 448; x_wconf 85' lang='lat' dir='ltr'>suturas.</span> <span class='ocrx_word' id='word_1_392' title='bbox 1109 417 1192 458; x_wconf 84' lang='lat' dir='ltr'><strong>Top.</strong></span> <span class='ocrx_word' id='word_1_393' title='bbox 1227 422 1274 450; x_wconf 82' lang='grc'>13.</span> <span class='ocrx_word' id='word_1_394' title='bbox 1302 420 1386 458; x_wconf 82' lang='lat' dir='ltr'>quod</span> <span class='ocrx_word' id='word_1_395' title='bbox 1412 432 1577 454; x_wconf 68' lang='lat' dir='ltr'>annexum</span> 
     </span>
     <span class='ocr_line' id='line_1_72' title="bbox 847 462 1575 501; baseline 0.005 -9"><span class='ocrx_word' id='word_1_396' title='bbox 847 469 897 493; x_wconf 82' lang='lat' dir='ltr'>est</span> <span class='ocrx_word' id='word_1_397' title='bbox 912 474 921 500; x_wconf 89' lang='lat'>;</span> <span class='ocrx_word' id='word_1_398' title='bbox 939 462 1064 493; x_wconf 86' lang='lat' dir='ltr'>dicitur</span> <span class='ocrx_word' id='word_1_399' title='bbox 1076 471 1280 501; x_wconf 82' lang='lat' dir='ltr'>consequens</span> <span class='ocrx_word' id='word_1_400' title='bbox 1294 463 1327 492; x_wconf 89' lang='lat' dir='ltr'>in</span> <span class='ocrx_word' id='word_1_401' title='bbox 1340 466 1575 496; x_wconf 82' lang='lat' dir='ltr'>enunciatione</span> 
     </span>
     <span class='ocr_line' id='line_1_73' title="bbox 847 504 1079 536; baseline -0.004 0"><span class='ocrx_word' id='word_1_402' title='bbox 847 504 1079 536; x_wconf 83' lang='lat' dir='ltr'>conditionali.</span> 
     </span>
    </p>

    <p class='ocr_par' dir='ltr' id='par_1_18' title="bbox 846 549 1577 624">
     <span class='ocr_line' id='line_1_74' title="bbox 889 549 1577 584; baseline 0.006 -5"><span class='ocrx_word' id='word_1_403' title='bbox 889 550 1152 580; x_wconf 74' lang='lat' dir='ltr'>Auniversariue.</span> <span class='ocrx_word' id='word_1_404' title='bbox 1177 549 1258 580; x_wconf 84' lang='lat' dir='ltr'>Har.</span> <span class='ocrx_word' id='word_1_405' title='bbox 1282 549 1322 581; x_wconf 84' lang='lat' dir='ltr'>R.</span> <span class='ocrx_word' id='word_1_406' title='bbox 1345 553 1392 581; x_wconf 89' lang='lat'>15.</span> <span class='ocrx_word' id='word_1_407' title='bbox 1416 553 1577 584; x_wconf 73' lang='lat' dir='ltr'>sacrificia</span> 
     </span>
     <span class='ocr_line' id='line_1_75' title="bbox 846 593 1280 624; baseline 0.002 -1"><span class='ocrx_word' id='word_1_408' title='bbox 846 595 1065 624; x_wconf 70' lang='lat' dir='ltr'>anniversarii</span> <span class='ocrx_word' id='word_1_409' title='bbox 1081 593 1280 624; x_wconf 75' lang='lat' dir='ltr'>factitarint.</span> 
     </span>
    </p>

    <p class='ocr_par' dir='ltr' id='par_1_19' title="bbox 848 637 1581 980">
     <span class='ocr_line' id='line_1_76' title="bbox 891 637 1578 676; baseline 0.003 -10"><span class='ocrx_word' id='word_1_410' title='bbox 891 638 1039 667; x_wconf 78' lang='lat' dir='ltr'>Annona.</span> <span class='ocrx_word' id='word_1_411' title='bbox 1074 638 1218 676; x_wconf 87' lang='lat' dir='ltr'>pretium</span> <span class='ocrx_word' id='word_1_412' title='bbox 1245 637 1420 673; x_wconf 74' lang='lat' dir='ltr'>frumenti,</span> <span class='ocrx_word' id='word_1_413' title='bbox 1448 638 1534 676; x_wconf 85' lang='lat' dir='ltr'>quod</span> <span class='ocrx_word' id='word_1_414' title='bbox 1560 648 1578 668; x_wconf 83' lang='lat' dir='ltr'>e</span> 
     </span>
     <span class='ocr_line' id='line_1_77' title="bbox 849 681 1580 720; baseline 0.001 -11"><span class='ocrx_word' id='word_1_415' title='bbox 849 681 944 720; x_wconf 79' lang='lat' dir='ltr'>copia</span> <span class='ocrx_word' id='word_1_416' title='bbox 972 687 1030 710; x_wconf 83' lang='lat' dir='ltr'>aut</span> <span class='ocrx_word' id='word_1_417' title='bbox 1069 681 1236 720; x_wconf 77' lang='lat' dir='ltr'>paucitate</span> <span class='ocrx_word' id='word_1_418' title='bbox 1269 681 1428 710; x_wconf 78' lang='lat' dir='ltr'>frumenti</span> <span class='ocrx_word' id='word_1_419' title='bbox 1461 681 1580 719; x_wconf 85' lang='lat' dir='ltr'>oritur,</span> 
     </span>
     <span class='ocr_line' id='line_1_78' title="bbox 849 723 1580 764; baseline 0.001 -11"><span class='ocrx_word' id='word_1_420' title='bbox 849 723 936 762; x_wconf 74' lang='lat' dir='ltr'>quod</span> <span class='ocrx_word' id='word_1_421' title='bbox 963 733 1050 753; x_wconf 76' lang='lat' dir='ltr'>anno</span> <span class='ocrx_word' id='word_1_422' title='bbox 1074 733 1203 762; x_wconf 83' lang='lat' dir='ltr'>quoque</span> <span class='ocrx_word' id='word_1_423' title='bbox 1231 725 1393 764; x_wconf 83' lang='lat' dir='ltr'>provenit.</span> <span class='ocrx_word' id='word_1_424' title='bbox 1424 725 1503 754; x_wconf 73' lang='lat' dir='ltr'>item</span> <span class='ocrx_word' id='word_1_425' title='bbox 1532 725 1580 764; x_wconf 86' lang='lat' dir='ltr'>ip-</span> 
     </span>
     <span class='ocr_line' id='line_1_79' title="bbox 848 766 1581 807; baseline 0.003 -10"><span class='ocrx_word' id='word_1_426' title='bbox 848 777 921 797; x_wconf 87' lang='lat' dir='ltr'>sum</span> <span class='ocrx_word' id='word_1_427' title='bbox 930 766 1150 802; x_wconf 75' lang='lat' dir='ltr'>frumentum,</span> <span class='ocrx_word' id='word_1_428' title='bbox 1161 767 1247 805; x_wconf 84' lang='lat' dir='ltr'>quod</span> <span class='ocrx_word' id='word_1_429' title='bbox 1259 768 1421 807; x_wconf 76' lang='lat' dir='ltr'>provenit.</span> <span class='ocrx_word' id='word_1_430' title='bbox 1432 767 1523 797; x_wconf 88' lang='lat' dir='ltr'>Verr.</span> <span class='ocrx_word' id='word_1_431' title='bbox 1535 769 1581 799; x_wconf 91' lang='lat' dir='ltr'>iii.</span> 
     </span>
     <span class='ocr_line' id='line_1_80' title="bbox 849 810 1579 850; baseline 0.001 -10"><span class='ocrx_word' id='word_1_432' title='bbox 849 812 900 845; x_wconf 71' lang='lat'><strong>9⁶2.</strong></span> <span class='ocrx_word' id='word_1_433' title='bbox 919 811 1002 840; x_wconf 87' lang='lat' dir='ltr'>ratio</span> <span class='ocrx_word' id='word_1_434' title='bbox 1014 810 1173 840; x_wconf 78' lang='lat' dir='ltr'>frumeuti</span> <span class='ocrx_word' id='word_1_435' title='bbox 1187 820 1203 839; x_wconf 87' lang='lat' dir='ltr'>e</span> <span class='ocrx_word' id='word_1_436' title='bbox 1216 811 1421 850; x_wconf 80' lang='lat' dir='ltr'>temporibus</span> <span class='ocrx_word' id='word_1_437' title='bbox 1433 814 1466 841; x_wconf 84' lang='lat' dir='ltr'>et</span> <span class='ocrx_word' id='word_1_438' title='bbox 1479 813 1579 842; x_wconf 77' lang='lat' dir='ltr'>anno-</span> 
     </span>
     <span class='ocr_line' id='line_1_81' title="bbox 849 853 1581 887; baseline 0.004 -5"><span class='ocrx_word' id='word_1_439' title='bbox 849 863 892 884; x_wconf 78' lang='lat' dir='ltr'>na</span> <span class='ocrx_word' id='word_1_440' title='bbox 909 861 958 883; x_wconf 85' lang='lat' dir='ltr'>est</span> <span class='ocrx_word' id='word_1_441' title='bbox 972 853 1218 883; x_wconf 83' lang='lat' dir='ltr'>consideranda.</span> <span class='ocrx_word' id='word_1_442' title='bbox 1234 854 1312 884; x_wconf 86' lang='lat' dir='ltr'>ibid.</span> <span class='ocrx_word' id='word_1_443' title='bbox 1326 857 1377 887; x_wconf 78' lang='lat'>93.</span> <span class='ocrx_word' id='word_1_444' title='bbox 1392 864 1526 884; x_wconf 81' lang='lat' dir='ltr'>aunonoe</span> <span class='ocrx_word' id='word_1_445' title='bbox 1537 856 1581 885; x_wconf 89' lang='lat' dir='ltr'>si-</span> 
     </span>
     <span class='ocr_line' id='line_1_82' title="bbox 849 897 1579 929; baseline 0.004 -3"><span class='ocrx_word' id='word_1_446' title='bbox 849 897 949 927; x_wconf 82' lang='lat' dir='ltr'>milis.</span> <span class='ocrx_word' id='word_1_447' title='bbox 965 898 1063 927; x_wconf 91' lang='lat' dir='ltr'>Dom.</span> <span class='ocrx_word' id='word_1_448' title='bbox 1077 898 1108 927; x_wconf 82' lang='lat'>6.</span> <span class='ocrx_word' id='word_1_449' title='bbox 1125 907 1253 927; x_wconf 81' lang='lat' dir='ltr'>annona</span> <span class='ocrx_word' id='word_1_450' title='bbox 1269 897 1391 928; x_wconf 90' lang='lat' dir='ltr'>durior.</span> <span class='ocrx_word' id='word_1_451' title='bbox 1407 897 1490 928; x_wconf 83' lang='lat' dir='ltr'>Phil.</span> <span class='ocrx_word' id='word_1_452' title='bbox 1510 898 1579 929; x_wconf 87' lang='lat' dir='ltr'>viii.</span> 
     </span>
     <span class='ocr_line' id='line_1_83' title="bbox 848 940 1580 980; baseline 0 -8"><span class='ocrx_word' id='word_1_453' title='bbox 848 944 877 972; x_wconf 84' lang='lat'>8.</span> <span class='ocrx_word' id='word_1_454' title='bbox 901 940 1052 980; x_wconf 77' lang='lat' dir='ltr'>perfugia</span> <span class='ocrx_word' id='word_1_455' title='bbox 1066 950 1210 971; x_wconf 81' lang='lat' dir='ltr'>aunonae.</span> <span class='ocrx_word' id='word_1_456' title='bbox 1228 941 1262 970; x_wconf 92' lang='lat' dir='ltr'>in</span> <span class='ocrx_word' id='word_1_457' title='bbox 1279 941 1418 971; x_wconf 84' lang='lat' dir='ltr'>caritate</span> <span class='ocrx_word' id='word_1_458' title='bbox 1434 950 1580 972; x_wconf 80' lang='lat' dir='ltr'>amumoe.</span> 
     </span>
    </p>

    <p class='ocr_par' dir='ltr' id='par_1_20' title="bbox 850 983 1582 1067">
     <span class='ocr_line' id='line_1_84' title="bbox 891 983 1582 1025; baseline 0.003 -11"><span class='ocrx_word' id='word_1_459' title='bbox 891 985 1023 1015; x_wconf 66' lang='lat' dir='ltr'>Aunoaeo.</span> <span class='ocrx_word' id='word_1_460' title='bbox 1047 983 1165 1014; x_wconf 85' lang='lat' dir='ltr'>OEeon.</span> <span class='ocrx_word' id='word_1_461' title='bbox 1194 984 1267 1014; x_wconf 91' lang='lat' dir='ltr'>init.</span> <span class='ocrx_word' id='word_1_462' title='bbox 1294 990 1477 1023; x_wconf 80' lang='lat' dir='ltr'>annotaret,</span> <span class='ocrx_word' id='word_1_463' title='bbox 1502 984 1582 1025; x_wconf 87' lang='lat' dir='ltr'>quid</span> 
     </span>
     <span class='ocr_line' id='line_1_85' title="bbox 850 1027 1335 1067; baseline 0 -10"><span class='ocrx_word' id='word_1_464' title='bbox 850 1034 883 1058; x_wconf 89' lang='lat' dir='ltr'>et</span> <span class='ocrx_word' id='word_1_465' title='bbox 900 1027 1031 1067; x_wconf 86' lang='lat' dir='ltr'>quando</span> <span class='ocrx_word' id='word_1_466' title='bbox 1047 1028 1166 1066; x_wconf 85' lang='lat' dir='ltr'>cuique</span> <span class='ocrx_word' id='word_1_467' title='bbox 1181 1027 1335 1058; x_wconf 81' lang='lat' dir='ltr'>dedisset.</span> 
     </span>
    </p>

    <p class='ocr_par' dir='ltr' id='par_1_21' title="bbox 852 1071 1586 1240">
     <span class='ocr_line' id='line_1_86' title="bbox 892 1071 1586 1102; baseline 0.001 -1"><span class='ocrx_word' id='word_1_468' title='bbox 892 1072 1108 1102; x_wconf 69' lang='lat' dir='ltr'>Anmam-ius.</span> <span class='ocrx_word' id='word_1_469' title='bbox 1148 1071 1248 1101; x_wconf 81' lang='lat' dir='ltr'><strong>Acad.</strong></span> <span class='ocrx_word' id='word_1_470' title='bbox 1280 1071 1320 1102; x_wconf 90' lang='lat' dir='ltr'>iv.</span> <span class='ocrx_word' id='word_1_471' title='bbox 1353 1072 1404 1102; x_wconf 69' lang='lat'>26.</span> <span class='ocrx_word' id='word_1_472' title='bbox 1444 1073 1486 1102; x_wconf 81' lang='lat' dir='ltr'>an</span> <span class='ocrx_word' id='word_1_473' title='bbox 1520 1072 1586 1102; x_wconf 73' lang='lat' dir='ltr'>tibi*</span> 
     </span>
     <span class='ocr_line' id='line_1_87' title="bbox 852 1114 1584 1155; baseline 0.001 -10"><span class='ocrx_word' id='word_1_474' title='bbox 852 1114 1048 1153; x_wconf 71' lang='lat' dir='ltr'>quaerendus</span> <span class='ocrx_word' id='word_1_475' title='bbox 1073 1114 1135 1144; x_wconf 88' lang='lat' dir='ltr'>erit</span> <span class='ocrx_word' id='word_1_476' title='bbox 1159 1116 1354 1145; x_wconf 76' lang='lat' dir='ltr'>anualarias</span> <span class='ocrx_word' id='word_1_477' title='bbox 1373 1115 1486 1154; x_wconf 89' lang='lat' dir='ltr'>aliqui,</span> <span class='ocrx_word' id='word_1_478' title='bbox 1503 1126 1584 1155; x_wconf 90' lang='lat' dir='ltr'>quo-</span> 
     </span>
     <span class='ocr_line' id='line_1_88' title="bbox 853 1157 1585 1197; baseline 0.001 -9"><span class='ocrx_word' id='word_1_479' title='bbox 853 1159 944 1188; x_wconf 84' lang='lat' dir='ltr'>niam</span> <span class='ocrx_word' id='word_1_480' title='bbox 975 1157 1186 1197; x_wconf 80' lang='lat' dir='ltr'>gallinarium</span> <span class='ocrx_word' id='word_1_481' title='bbox 1218 1159 1372 1188; x_wconf 78' lang='lat' dir='ltr'>invenisti</span> <span class='ocrx_word' id='word_1_482' title='bbox 1407 1159 1585 1190; x_wconf 80' lang='lat' dir='ltr'>Deliacum</span> 
     </span>
     <span class='ocr_line' id='line_1_89' title="bbox 852 1201 1365 1240; baseline 0.002 -9"><span class='ocrx_word' id='word_1_483' title='bbox 852 1201 962 1238; x_wconf 72' lang='lat' dir='ltr'>illuni,</span> <span class='ocrx_word' id='word_1_484' title='bbox 979 1201 1034 1240; x_wconf 86' lang='lat' dir='ltr'>qui</span> <span class='ocrx_word' id='word_1_485' title='bbox 1051 1211 1111 1230; x_wconf 75' lang='lat' dir='ltr'>ova</span> <span class='ocrx_word' id='word_1_486' title='bbox 1127 1203 1365 1240; x_wconf 79' lang='lat' dir='ltr'>cognosceret?</span> 
     </span>
    </p>

    <p class='ocr_par' dir='ltr' id='par_1_22' title="bbox 849 1245 1582 1371">
     <span class='ocr_line' id='line_1_90' title="bbox 891 1245 1580 1285; baseline 0.001 -10"><span class='ocrx_word' id='word_1_487' title='bbox 891 1246 1052 1276; x_wconf 82' lang='lat' dir='ltr'>Annalas.</span> <span class='ocrx_word' id='word_1_488' title='bbox 1070 1245 1204 1284; x_wconf 83' lang='lat' dir='ltr'>signum</span> <span class='ocrx_word' id='word_1_489' title='bbox 1221 1246 1382 1283; x_wconf 86' lang='lat' dir='ltr'>equestris</span> <span class='ocrx_word' id='word_1_490' title='bbox 1404 1245 1580 1285; x_wconf 70' lang='lat' dir='ltr'>dignitatis</span> 
     </span>
     <span class='ocr_line' id='line_1_91' title="bbox 850 1288 1582 1325; baseline 0.003 -7"><span class='ocrx_word' id='word_1_491' title='bbox 850 1294 900 1319; x_wconf 85' lang='lat' dir='ltr'>est</span> <span class='ocrx_word' id='word_1_492' title='bbox 924 1298 1043 1318; x_wconf 85' lang='lat' dir='ltr'>aureus</span> <span class='ocrx_word' id='word_1_493' title='bbox 1067 1290 1221 1325; x_wconf 78' lang='lat' dir='ltr'>annulus,</span> <span class='ocrx_word' id='word_1_494' title='bbox 1239 1288 1328 1318; x_wconf 76' lang='lat' dir='ltr'>unde</span> <span class='ocrx_word' id='word_1_495' title='bbox 1351 1289 1442 1319; x_wconf 80' lang='lat' dir='ltr'>Verr.</span> <span class='ocrx_word' id='word_1_496' title='bbox 1466 1290 1512 1320; x_wconf 84' lang='lat' dir='ltr'>iii.</span> <span class='ocrx_word' id='word_1_497' title='bbox 1529 1290 1582 1323; x_wconf 82' lang='lat'>76.</span> 
     </span>
     <span class='ocr_line' id='line_1_92' title="bbox 849 1332 1568 1371; baseline -0.001 -8"><span class='ocrx_word' id='word_1_498' title='bbox 849 1334 1010 1363; x_wconf 77' lang='lat' dir='ltr'>annulum</span> <span class='ocrx_word' id='word_1_499' title='bbox 1027 1332 1164 1361; x_wconf 68' lang='lat' dir='ltr'>invenit.</span> <span class='ocrx_word' id='word_1_500' title='bbox 1183 1332 1203 1362; x_wconf 91' lang='lat' dir='ltr'>i.</span> <span class='ocrx_word' id='word_1_501' title='bbox 1220 1340 1248 1361; x_wconf 89' lang='lat' dir='ltr'>e.</span> <span class='ocrx_word' id='word_1_502' title='bbox 1266 1341 1364 1371; x_wconf 83' lang='lat' dir='ltr'>eques</span> <span class='ocrx_word' id='word_1_503' title='bbox 1382 1332 1489 1363; x_wconf 77' lang='lat' dir='ltr'>sactus</span> <span class='ocrx_word' id='word_1_504' title='bbox 1506 1339 1568 1363; x_wconf 91' lang='lat' dir='ltr'>est.</span> 
     </span>
    </p>

    <p class='ocr_par' dir='ltr' id='par_1_23' title="bbox 850 1375 1585 1538">
     <span class='ocr_line' id='line_1_93' title="bbox 893 1375 1583 1416; baseline 0 -10"><span class='ocrx_word' id='word_1_505' title='bbox 893 1377 1089 1406; x_wconf 74' lang='lat' dir='ltr'>Amzumero.</span> <span class='ocrx_word' id='word_1_506' title='bbox 1127 1375 1223 1405; x_wconf 77' lang='lat' dir='ltr'>Rosc.</span> <span class='ocrx_word' id='word_1_507' title='bbox 1258 1375 1331 1405; x_wconf 85' lang='lat' dir='ltr'>Am.</span> <span class='ocrx_word' id='word_1_508' title='bbox 1365 1378 1416 1406; x_wconf 70' lang='lat'><strong>3⁶2.</strong></span> <span class='ocrx_word' id='word_1_509' title='bbox 1454 1386 1516 1416; x_wconf 87' lang='lat' dir='ltr'>ego</span> <span class='ocrx_word' id='word_1_510' title='bbox 1549 1376 1583 1406; x_wconf 89' lang='lat' dir='ltr'>in</span> 
     </span>
     <span class='ocr_line' id='line_1_94' title="bbox 850 1419 1583 1459; baseline -0.001 -9"><span class='ocrx_word' id='word_1_511' title='bbox 850 1430 949 1459; x_wconf 76' lang='lat' dir='ltr'>grege</span> <span class='ocrx_word' id='word_1_512' title='bbox 974 1428 1179 1449; x_wconf 79' lang='lat' dir='ltr'>anuumeror.</span> <span class='ocrx_word' id='word_1_513' title='bbox 1211 1419 1299 1450; x_wconf 85' lang='lat' dir='ltr'>Male</span> <span class='ocrx_word' id='word_1_514' title='bbox 1329 1419 1416 1449; x_wconf 85' lang='lat' dir='ltr'>hane</span> <span class='ocrx_word' id='word_1_515' title='bbox 1442 1419 1583 1450; x_wconf 81' lang='lat' dir='ltr'>formam</span> 
     </span>
     <span class='ocr_line' id='line_1_95' title="bbox 854 1462 1585 1503; baseline -0.001 -10"><span class='ocrx_word' id='word_1_516' title='bbox 854 1462 1064 1503; x_wconf 78' lang='lat' dir='ltr'>reprehendit</span> <span class='ocrx_word' id='word_1_517' title='bbox 1091 1462 1209 1492; x_wconf 74' lang='lat' dir='ltr'>Heins.</span> <span class='ocrx_word' id='word_1_518' title='bbox 1233 1462 1274 1492; x_wconf 80' lang='lat' dir='ltr'>ad</span> <span class='ocrx_word' id='word_1_519' title='bbox 1297 1463 1392 1493; x_wconf 81' lang='lat' dir='ltr'>Ovid.</span> <span class='ocrx_word' id='word_1_520' title='bbox 1425 1463 1505 1494; x_wconf 86' lang='lat' dir='ltr'>Her.</span> <span class='ocrx_word' id='word_1_521' title='bbox 1536 1464 1585 1494; x_wconf 87' lang='lat'>16.</span> 
     </span>
     <span class='ocr_line' id='line_1_96' title="bbox 851 1505 1443 1538; baseline -0.003 0"><span class='ocrx_word' id='word_1_522' title='bbox 851 1509 924 1538; x_wconf 70' lang='lat'><strong>328.</strong></span> <span class='ocrx_word' id='word_1_523' title='bbox 950 1513 1039 1536; x_wconf 78' lang='lat' dir='ltr'>recte</span> <span class='ocrx_word' id='word_1_524' title='bbox 1056 1505 1204 1536; x_wconf 81' lang='lat' dir='ltr'>defendit</span> <span class='ocrx_word' id='word_1_525' title='bbox 1219 1506 1443 1537; x_wconf 85' lang='lat' dir='ltr'>Burmannus.</span> 
     </span>
    </p>

    <p class='ocr_par' dir='ltr' id='par_1_24' title="bbox 850 1549 1582 1711">
     <span class='ocr_line' id='line_1_97' title="bbox 891 1549 1578 1589; baseline 0 -9"><span class='ocrx_word' id='word_1_526' title='bbox 891 1551 1019 1581; x_wconf 82' lang='lat' dir='ltr'>Annuo.</span> <span class='ocrx_word' id='word_1_527' title='bbox 1059 1554 1143 1579; x_wconf 91' lang='lat' dir='ltr'>nutu</span> <span class='ocrx_word' id='word_1_528' title='bbox 1183 1550 1384 1589; x_wconf 77' lang='lat' dir='ltr'>significare,</span> <span class='ocrx_word' id='word_1_529' title='bbox 1409 1549 1491 1580; x_wconf 88' lang='lat' dir='ltr'>velle</span> <span class='ocrx_word' id='word_1_530' title='bbox 1517 1559 1578 1580; x_wconf 70' lang='lat' dir='ltr'>nos</span> 
     </span>
     <span class='ocr_line' id='line_1_98' title="bbox 852 1592 1582 1633; baseline 0.001 -10"><span class='ocrx_word' id='word_1_531' title='bbox 852 1593 990 1633; x_wconf 81' lang='lat' dir='ltr'>aliquid,</span> <span class='ocrx_word' id='word_1_532' title='bbox 1008 1593 1096 1632; x_wconf 86' lang='lat' dir='ltr'>quod</span> <span class='ocrx_word' id='word_1_533' title='bbox 1119 1592 1198 1622; x_wconf 79' lang='lat' dir='ltr'>alias</span> <span class='ocrx_word' id='word_1_534' title='bbox 1216 1598 1265 1623; x_wconf 84' lang='lat' dir='ltr'>est</span> <span class='ocrx_word' id='word_1_535' title='bbox 1282 1594 1391 1623; x_wconf 82' lang='lat' dir='ltr'>innuo.</span> <span class='ocrx_word' id='word_1_536' title='bbox 1413 1594 1530 1633; x_wconf 70' lang='lat' dir='ltr'>Quint.</span> <span class='ocrx_word' id='word_1_537' title='bbox 1551 1597 1582 1624; x_wconf 81' lang='grc'>5.</span> 
     </span>
     <span class='ocr_line' id='line_1_99' title="bbox 850 1637 1582 1674; baseline 0 -7"><span class='ocrx_word' id='word_1_538' title='bbox 850 1637 950 1667; x_wconf 89' lang='lat' dir='ltr'>simul</span> <span class='ocrx_word' id='word_1_539' title='bbox 981 1646 1020 1666; x_wconf 83' lang='lat' dir='ltr'>ae</span> <span class='ocrx_word' id='word_1_540' title='bbox 1050 1637 1228 1674; x_wconf 49' lang='lat' dir='ltr'>‹cannia-set,</span> <span class='ocrx_word' id='word_1_541' title='bbox 1261 1642 1515 1667; x_wconf 78' lang='lat' dir='ltr'>numeraturum</span> <span class='ocrx_word' id='word_1_542' title='bbox 1548 1646 1582 1667; x_wconf 83' lang='lat' dir='ltr'>se</span> 
     </span>
     <span class='ocr_line' id='line_1_100' title="bbox 850 1679 1293 1711; baseline -0.005 0"><span class='ocrx_word' id='word_1_543' title='bbox 850 1681 992 1711; x_wconf 84' lang='lat' dir='ltr'>dicebat.</span> <span class='ocrx_word' id='word_1_544' title='bbox 1017 1690 1045 1710; x_wconf 89' lang='lat' dir='ltr'>v.</span> <span class='ocrx_word' id='word_1_545' title='bbox 1061 1685 1131 1710; x_wconf 91' lang='lat' dir='ltr'>not.</span> <span class='ocrx_word' id='word_1_546' title='bbox 1148 1679 1189 1710; x_wconf 83' lang='lat' dir='ltr'>ad</span> <span class='ocrx_word' id='word_1_547' title='bbox 1218 1680 1250 1710; x_wconf 81' lang='lat' dir='ltr'>h.</span> <span class='ocrx_word' id='word_1_548' title='bbox 1271 1679 1293 1710; x_wconf 94' lang='lat' dir='ltr'>l.</span> 
     </span>
    </p>

    <p class='ocr_par' dir='ltr' id='par_1_25' title="bbox 849 1723 1588 2112">
     <span class='ocr_line' id='line_1_101' title="bbox 893 1723 1587 1757; baseline -0.001 -2"><span class='ocrx_word' id='word_1_549' title='bbox 893 1725 1017 1755; x_wconf 81' lang='lat' dir='ltr'>Annus.</span> <span class='ocrx_word' id='word_1_550' title='bbox 1033 1723 1125 1753; x_wconf 85' lang='lat' dir='ltr'>Verr.</span> <span class='ocrx_word' id='word_1_551' title='bbox 1144 1724 1189 1753; x_wconf 90' lang='lat' dir='ltr'>iii.</span> <span class='ocrx_word' id='word_1_552' title='bbox 1205 1726 1257 1757; x_wconf 84' lang='lat'>93.</span> <span class='ocrx_word' id='word_1_553' title='bbox 1281 1733 1386 1754; x_wconf 82' lang='lat' dir='ltr'>annus</span> <span class='ocrx_word' id='word_1_554' title='bbox 1400 1728 1449 1754; x_wconf 75' lang='lat' dir='ltr'>est</span> <span class='ocrx_word' id='word_1_555' title='bbox 1466 1724 1498 1753; x_wconf 88' lang='lat' dir='ltr'>in</span> <span class='ocrx_word' id='word_1_556' title='bbox 1516 1723 1587 1754; x_wconf 86' lang='lat' dir='ltr'>vili-</span> 
     </span>
     <span class='ocr_line' id='line_1_102' title="bbox 849 1766 1588 1807; baseline -0.001 -9"><span class='ocrx_word' id='word_1_557' title='bbox 849 1772 932 1798; x_wconf 84' lang='lat' dir='ltr'>tate.</span> <span class='ocrx_word' id='word_1_558' title='bbox 958 1768 1035 1807; x_wconf 76' lang='lat' dir='ltr'>Agr.</span> <span class='ocrx_word' id='word_1_559' title='bbox 1052 1767 1086 1797; x_wconf 89' lang='lat' dir='ltr'>ii.</span> <span class='ocrx_word' id='word_1_560' title='bbox 1102 1768 1133 1798; x_wconf 75' lang='lat'>2.</span> <span class='ocrx_word' id='word_1_561' title='bbox 1162 1766 1231 1796; x_wconf 91' lang='lat' dir='ltr'>Mil.</span> <span class='ocrx_word' id='word_1_562' title='bbox 1247 1771 1279 1802; x_wconf 86' lang='lat'>9.</span> <span class='ocrx_word' id='word_1_563' title='bbox 1303 1777 1408 1798; x_wconf 78' lang='lat' dir='ltr'>annus</span> <span class='ocrx_word' id='word_1_564' title='bbox 1428 1777 1518 1798; x_wconf 83' lang='lat' dir='ltr'>suus.</span> <span class='ocrx_word' id='word_1_565' title='bbox 1536 1772 1588 1798; x_wconf 85' lang='lat' dir='ltr'>est</span> 
     </span>
     <span class='ocr_line' id='line_1_103' title="bbox 853 1809 1584 1851; baseline -0.001 -9"><span class='ocrx_word' id='word_1_566' title='bbox 853 1813 892 1849; x_wconf 88' lang='lat' dir='ltr'>is,</span> <span class='ocrx_word' id='word_1_567' title='bbox 909 1820 973 1850; x_wconf 86' lang='lat' dir='ltr'>quo</span> <span class='ocrx_word' id='word_1_568' title='bbox 995 1811 1114 1849; x_wconf 79' lang='lat' dir='ltr'>cuique</span> <span class='ocrx_word' id='word_1_569' title='bbox 1130 1820 1189 1850; x_wconf 81' lang='lat' dir='ltr'>per</span> <span class='ocrx_word' id='word_1_570' title='bbox 1205 1809 1293 1850; x_wconf 83' lang='lat' dir='ltr'>leges</span> <span class='ocrx_word' id='word_1_571' title='bbox 1315 1810 1448 1841; x_wconf 83' lang='lat' dir='ltr'>annales</span> <span class='ocrx_word' id='word_1_572' title='bbox 1473 1817 1584 1851; x_wconf 82' lang='lat' dir='ltr'>petere</span> 
     </span>
     <span class='ocr_line' id='line_1_104' title="bbox 854 1853 1588 1894; baseline -0.001 -9"><span class='ocrx_word' id='word_1_573' title='bbox 854 1855 1086 1894; x_wconf 83' lang='lat' dir='ltr'>magistratum</span> <span class='ocrx_word' id='word_1_574' title='bbox 1101 1853 1244 1893; x_wconf 82' lang='lat' dir='ltr'>aliquem</span> <span class='ocrx_word' id='word_1_575' title='bbox 1255 1853 1344 1884; x_wconf 83' lang='lat' dir='ltr'>licet.</span> <span class='ocrx_word' id='word_1_576' title='bbox 1361 1864 1391 1884; x_wconf 85' lang='lat' dir='ltr'>v.</span> <span class='ocrx_word' id='word_1_577' title='bbox 1404 1854 1508 1893; x_wconf 80' lang='lat' dir='ltr'>Leges</span> <span class='ocrx_word' id='word_1_578' title='bbox 1520 1854 1588 1884; x_wconf 84' lang='lat' dir='ltr'>An-</span> 
     </span>
     <span class='ocr_line' id='line_1_105' title="bbox 854 1897 1587 1928; baseline -0.001 0"><span class='ocrx_word' id='word_1_579' title='bbox 854 1898 968 1928; x_wconf 84' lang='lat' dir='ltr'>nales&#39;</span> <span class='ocrx_word' id='word_1_580' title='bbox 962 1908 995 1927; x_wconf 87' lang='lat' dir='ltr'>m</span> <span class='ocrx_word' id='word_1_581' title='bbox 1012 1897 1084 1927; x_wconf 77' lang='lat' dir='ltr'>lnd.</span> <span class='ocrx_word' id='word_1_582' title='bbox 1101 1898 1168 1928; x_wconf 81' lang='lat' dir='ltr'>LL.</span> <span class='ocrx_word' id='word_1_583' title='bbox 1196 1897 1275 1928; x_wconf 84' lang='lat' dir='ltr'>Nat.</span> <span class='ocrx_word' id='word_1_584' title='bbox 1293 1898 1336 1928; x_wconf 88' lang='lat' dir='ltr'>D.</span> <span class='ocrx_word' id='word_1_585' title='bbox 1355 1898 1388 1927; x_wconf 90' lang='lat' dir='ltr'>ii.</span> <span class='ocrx_word' id='word_1_586' title='bbox 1404 1899 1456 1928; x_wconf 71' lang='lat'><strong>520.</strong></span> <span class='ocrx_word' id='word_1_587' title='bbox 1479 1907 1587 1928; x_wconf 72' lang='lat' dir='ltr'>annus</span> 
     </span>
     <span class='ocr_line' id='line_1_106' title="bbox 852 1940 1585 1992; baseline 0 -20"><span class='ocrx_word' id='word_1_588' title='bbox 852 1951 1017 1992; x_wconf 71' lang='lat' dir='ltr'>nnagnus3</span> <span class='ocrx_word' id='word_1_589' title='bbox 1042 1942 1096 1990; x_wconf 85' lang='lat' dir='ltr'>qui</span> <span class='ocrx_word' id='word_1_590' title='bbox 1122 1941 1263 1971; x_wconf 80' lang='lat' dir='ltr'>dicatur.</span> <span class='ocrx_word' id='word_1_591' title='bbox 1289 1951 1318 1971; x_wconf 89' lang='lat' dir='ltr'>v.</span> <span class='ocrx_word' id='word_1_592' title='bbox 1343 1940 1421 1971; x_wconf 89' lang='lat' dir='ltr'>ibid.</span> <span class='ocrx_word' id='word_1_593' title='bbox 1446 1940 1485 1970; x_wconf 87' lang='lat' dir='ltr'>de</span> <span class='ocrx_word' id='word_1_594' title='bbox 1502 1941 1585 1980; x_wconf 82' lang='lat' dir='ltr'><strong>Leg.</strong></span> 
     </span>
     <span class='ocr_line' id='line_1_107' title="bbox 854 1984 1585 2024; baseline -0.001 -9"><span class='ocrx_word' id='word_1_595' title='bbox 854 1986 887 2015; x_wconf 91' lang='lat' dir='ltr'>ii.</span> <span class='ocrx_word' id='word_1_596' title='bbox 909 1987 956 2016; x_wconf 75' lang='lat'>12.</span> <span class='ocrx_word' id='word_1_597' title='bbox 981 1995 1059 2015; x_wconf 77' lang='lat' dir='ltr'>anm</span> <span class='ocrx_word' id='word_1_598' title='bbox 1075 1985 1286 2024; x_wconf 87' lang='lat' dir='ltr'>compositor.</span> <span class='ocrx_word' id='word_1_599' title='bbox 1303 1985 1321 2003; x_wconf 74' lang='lat'>*⁶</span> <span class='ocrx_word' id='word_1_600' title='bbox 1333 1984 1374 2014; x_wconf 86' lang='lat' dir='ltr'>ad</span> <span class='ocrx_word' id='word_1_601' title='bbox 1391 1993 1515 2014; x_wconf 88' lang='lat' dir='ltr'>annum</span> <span class='ocrx_word' id='word_1_602' title='bbox 1533 1988 1585 2014; x_wconf 85' lang='lat' dir='ltr'>est</span> 
     </span>
     <span class='ocr_line' id='line_1_108' title="bbox 853 2027 1584 2059; baseline 0 0"><span class='ocrx_word' id='word_1_603' title='bbox 853 2039 941 2059; x_wconf 86' lang='lat' dir='ltr'>anno</span> <span class='ocrx_word' id='word_1_604' title='bbox 957 2028 1124 2058; x_wconf 72' lang='lat' dir='ltr'>destinato</span> <span class='ocrx_word' id='word_1_605' title='bbox 1140 2038 1178 2058; x_wconf 83' lang='lat' dir='ltr'>ac</span> <span class='ocrx_word' id='word_1_606' title='bbox 1195 2028 1343 2058; x_wconf 78' lang='lat' dir='ltr'>definito.</span> <span class='ocrx_word' id='word_1_607' title='bbox 1361 2027 1401 2057; x_wconf 87' lang='lat' dir='ltr'>ad</span> <span class='ocrx_word' id='word_1_608' title='bbox 1419 2027 1488 2057; x_wconf 81' lang='lat' dir='ltr'>Att.</span> <span class='ocrx_word' id='word_1_609' title='bbox 1505 2037 1535 2057; x_wconf 69' lang='lat' dir='ltr'>v.</span> <span class='ocrx_word' id='word_1_610' title='bbox 1553 2029 1584 2059; x_wconf 77' lang='lat'>2.</span> 
     </span>
     <span class='ocr_line' id='line_1_109' title="bbox 855 2070 1571 2112; baseline -0.001 -10"><span class='ocrx_word' id='word_1_611' title='bbox 855 2082 952 2112; x_wconf 82' lang='lat' dir='ltr'>quem</span> <span class='ocrx_word' id='word_1_612' title='bbox 971 2071 1011 2101; x_wconf 76' lang='lat' dir='ltr'>ad</span> <span class='ocrx_word' id='word_1_613' title='bbox 1028 2081 1153 2101; x_wconf 89' lang='lat' dir='ltr'>annum</span> <span class='ocrx_word' id='word_1_614' title='bbox 1171 2071 1248 2101; x_wconf 86' lang='lat' dir='ltr'>trib.</span> <span class='ocrx_word' id='word_1_615' title='bbox 1267 2071 1309 2111; x_wconf 83' lang='lat' dir='ltr'>pl.</span> <span class='ocrx_word' id='word_1_616' title='bbox 1328 2070 1475 2100; x_wconf 64' lang='lat' dir='ltr'>xidebam</span> <span class='ocrx_word' id='word_1_617' title='bbox 1490 2070 1571 2101; x_wconf 84' lang='lat' dir='ltr'>sore.</span> 
     </span>
    </p>

    <p class='ocr_par' dir='ltr' id='par_1_26' title="bbox 855 2114 1583 2190">
     <span class='ocr_line' id='line_1_110' title="bbox 895 2114 1583 2146; baseline 0 -1"><span class='ocrx_word' id='word_1_618' title='bbox 895 2116 1043 2146; x_wconf 77' lang='lat' dir='ltr'>Annuus.</span> <span class='ocrx_word' id='word_1_619' title='bbox 1077 2115 1117 2144; x_wconf 85' lang='lat' dir='ltr'>ad</span> <span class='ocrx_word' id='word_1_620' title='bbox 1143 2115 1212 2144; x_wconf 84' lang='lat' dir='ltr'>Att.</span> <span class='ocrx_word' id='word_1_621' title='bbox 1239 2115 1294 2145; x_wconf 84' lang='lat' dir='ltr'>xii.</span> <span class='ocrx_word' id='word_1_622' title='bbox 1322 2118 1352 2146; x_wconf 81' lang='lat'>3.</span> <span class='ocrx_word' id='word_1_623' title='bbox 1389 2124 1503 2144; x_wconf 79' lang='lat' dir='ltr'>annua</span> <span class='ocrx_word' id='word_1_624' title='bbox 1531 2114 1583 2145; x_wconf 82' lang='lat' dir='ltr'>die</span> 
     </span>
     <span class='ocr_line' id='line_1_111' title="bbox 855 2157 1557 2190; baseline -0.003 -1"><span class='ocrx_word' id='word_1_625' title='bbox 855 2159 990 2190; x_wconf 81' lang='lat' dir='ltr'>solvere.</span> <span class='ocrx_word' id='word_1_626' title='bbox 1007 2169 1037 2188; x_wconf 83' lang='lat' dir='ltr'>v.</span> <span class='ocrx_word' id='word_1_627' title='bbox 1055 2159 1146 2189; x_wconf 85' lang='lat' dir='ltr'>Dies.</span> <span class='ocrx_word' id='word_1_628' title='bbox 1163 2165 1197 2188; x_wconf 85' lang='lat' dir='ltr'>et</span> <span class='ocrx_word' id='word_1_629' title='bbox 1212 2158 1354 2188; x_wconf 86' lang='lat' dir='ltr'>Gronov.</span> <span class='ocrx_word' id='word_1_630' title='bbox 1370 2157 1449 2188; x_wconf 83' lang='lat' dir='ltr'>obs.</span> <span class='ocrx_word' id='word_1_631' title='bbox 1467 2158 1487 2188; x_wconf 91' lang='lat' dir='ltr'>i.</span> <span class='ocrx_word' id='word_1_632' title='bbox 1508 2158 1557 2188; x_wconf 88' lang='grc'>16.</span> 
     </span>
    </p>

    <p class='ocr_par' dir='ltr' id='par_1_27' title="bbox 851 2200 1591 2494">
     <span class='ocr_line' id='line_1_112' title="bbox 897 2200 1588 2243; baseline -0.001 -10"><span class='ocrx_word' id='word_1_633' title='bbox 897 2203 1053 2243; x_wconf 81' lang='lat' dir='ltr'>Anquiro.</span> <span class='ocrx_word' id='word_1_634' title='bbox 1081 2202 1146 2232; x_wconf 84' lang='lat' dir='ltr'>Off.</span> <span class='ocrx_word' id='word_1_635' title='bbox 1175 2202 1196 2232; x_wconf 95' lang='lat' dir='ltr'>i.</span> <span class='ocrx_word' id='word_1_636' title='bbox 1225 2205 1255 2232; x_wconf 83' lang='lat'>3.</span> <span class='ocrx_word' id='word_1_637' title='bbox 1284 2200 1364 2231; x_wconf 79' lang='lat' dir='ltr'><strong>Lael.</strong></span> <span class='ocrx_word' id='word_1_638' title='bbox 1394 2203 1451 2233; x_wconf 73' lang='grc' dir='ltr'>21.Δ</span> <span class='ocrx_word' id='word_1_639' title='bbox 1473 2203 1526 2233; x_wconf 76' lang='lat'>23.</span> <span class='ocrx_word' id='word_1_640' title='bbox 1552 2205 1588 2232; x_wconf 81' lang='lat' dir='ltr'>et</span> 
     </span>
     <span class='ocr_line' id='line_1_113' title="bbox 851 2245 1589 2284; baseline -0.004 -7"><span class='ocrx_word' id='word_1_641' title='bbox 851 2247 895 2277; x_wconf 92' lang='lat' dir='ltr'>ibi</span> <span class='ocrx_word' id='word_1_642' title='bbox 926 2246 1008 2276; x_wconf 87' lang='lat' dir='ltr'>Intt.</span> <span class='ocrx_word' id='word_1_643' title='bbox 1041 2245 1135 2276; x_wconf 70' lang='lat' dir='ltr'>*Offi</span> <span class='ocrx_word' id='word_1_644' title='bbox 1159 2245 1192 2274; x_wconf 90' lang='lat' dir='ltr'>ii.</span> <span class='ocrx_word' id='word_1_645' title='bbox 1222 2248 1268 2275; x_wconf 83' lang='lat'>13.</span> <span class='ocrx_word' id='word_1_646' title='bbox 1299 2245 1332 2274; x_wconf 95' lang='lat' dir='ltr'>in</span> <span class='ocrx_word' id='word_1_647' title='bbox 1349 2253 1426 2275; x_wconf 90' lang='lat' dir='ltr'>cum</span> <span class='ocrx_word' id='word_1_648' title='bbox 1441 2245 1589 2284; x_wconf 80' lang='lat' dir='ltr'>anquiri-</span> 
     </span>
     <span class='ocr_line' id='line_1_114' title="bbox 856 2287 1587 2321; baseline -0.004 0"><span class='ocrx_word' id='word_1_649' title='bbox 856 2295 923 2321; x_wconf 81' lang='lat' dir='ltr'>tur.</span> <span class='ocrx_word' id='word_1_650' title='bbox 953 2289 1017 2319; x_wconf 76' lang='lat' dir='ltr'>Sed</span> <span class='ocrx_word' id='word_1_651' title='bbox 1033 2289 1185 2319; x_wconf 78' lang='lat' dir='ltr'>Peareius</span> <span class='ocrx_word' id='word_1_652' title='bbox 1201 2296 1217 2318; x_wconf 87' lang='lat' dir='ltr'>e</span> <span class='ocrx_word' id='word_1_653' title='bbox 1233 2288 1358 2318; x_wconf 86' lang='lat' dir='ltr'>Victor.</span> <span class='ocrx_word' id='word_1_654' title='bbox 1376 2293 1410 2318; x_wconf 86' lang='lat' dir='ltr'>et</span> <span class='ocrx_word' id='word_1_655' title='bbox 1427 2287 1520 2318; x_wconf 73' lang='lat' dir='ltr'><strong>MSS.</strong></span> <span class='ocrx_word' id='word_1_656' title='bbox 1537 2297 1587 2318; x_wconf 84' lang='lat' dir='ltr'>re-</span> 
     </span>
     <span class='ocr_line' id='line_1_115' title="bbox 857 2331 1590 2381; baseline -0.001 -18"><span class='ocrx_word' id='word_1_657' title='bbox 857 2333 967 2374; x_wconf 77' lang='lat' dir='ltr'>posuit</span> <span class='ocrx_word' id='word_1_658' title='bbox 984 2333 1186 2372; x_wconf 85' lang='lat' dir='ltr'>inquiritur,</span> <span class='ocrx_word' id='word_1_659' title='bbox 1211 2332 1430 2371; x_wconf 74' lang='lat' dir='ltr'>Davisiusque</span> <span class='ocrx_word' id='word_1_660' title='bbox 1447 2331 1590 2381; x_wconf 75' lang='lat' dir='ltr'>negabat</span> 
     </span>
     <span class='ocr_line' id='line_1_116' title="bbox 857 2374 1590 2416; baseline -0.004 -9"><span class='ocrx_word' id='word_1_661' title='bbox 857 2377 921 2408; x_wconf 85' lang='lat' dir='ltr'>dici</span> <span class='ocrx_word' id='word_1_662' title='bbox 938 2386 1033 2416; x_wconf 85' lang='lat' dir='ltr'>posse</span> <span class='ocrx_word' id='word_1_663' title='bbox 1049 2377 1168 2416; x_wconf 65' lang='grc' dir='ltr'><em>αηᾳιιὶν</em></span> <span class='ocrx_word' id='word_1_664' title='bbox 1169 2385 1221 2405; x_wconf 84' lang='lat' dir='ltr'>ere</span> <span class='ocrx_word' id='word_1_665' title='bbox 1235 2375 1268 2405; x_wconf 89' lang='lat' dir='ltr'>in</span> <span class='ocrx_word' id='word_1_666' title='bbox 1285 2374 1443 2414; x_wconf 83' lang='lat' dir='ltr'>aliquem.</span> <span class='ocrx_word' id='word_1_667' title='bbox 1473 2375 1505 2405; x_wconf 80' lang='lat' dir='ltr'>Si</span> <span class='ocrx_word' id='word_1_668' title='bbox 1529 2384 1590 2405; x_wconf 83' lang='lat' dir='ltr'>an·</span> 
     </span>
     <span class='ocr_line' id='line_1_117' title="bbox 856 2419 1591 2461; baseline -0.003 -11"><span class='ocrx_word' id='word_1_669' title='bbox 856 2422 986 2461; x_wconf 61' lang='grc' dir='ltr'>φαίνει-ε</span> <span class='ocrx_word' id='word_1_670' title='bbox 1008 2425 1058 2449; x_wconf 79' lang='lat' dir='ltr'>est</span> <span class='ocrx_word' id='word_1_671' title='bbox 1080 2419 1202 2458; x_wconf 81' lang='lat' dir='ltr'>ubique</span> <span class='ocrx_word' id='word_1_672' title='bbox 1224 2427 1384 2458; x_wconf 68' lang='lat' dir='ltr'>quaerere,</span> <span class='ocrx_word' id='word_1_673' title='bbox 1403 2424 1519 2459; x_wconf 88' lang='lat' dir='ltr'>aptum</span> <span class='ocrx_word' id='word_1_674' title='bbox 1539 2422 1591 2448; x_wconf 84' lang='lat' dir='ltr'>est</span> 
     </span>
     <span class='ocr_line' id='line_1_118' title="bbox 857 2462 1083 2494; baseline -0.009 0"><span class='ocrx_word' id='word_1_675' title='bbox 857 2464 994 2494; x_wconf 84' lang='lat' dir='ltr'>verbum</span> <span class='ocrx_word' id='word_1_676' title='bbox 1011 2463 1044 2493; x_wconf 82' lang='lat' dir='ltr'>h.</span> <span class='ocrx_word' id='word_1_677' title='bbox 1061 2462 1083 2492; x_wconf 90' lang='lat' dir='ltr'>l.</span> 
     </span>
    </p>

    <p class='ocr_par' dir='ltr' id='par_1_28' title="bbox 858 2503 1595 2852">
     <span class='ocr_line' id='line_1_119' title="bbox 901 2503 1590 2538; baseline -0.003 -1"><span class='ocrx_word' id='word_1_678' title='bbox 901 2508 1002 2538; x_wconf 68' lang='lat' dir='ltr'>Ausa.</span> <span class='ocrx_word' id='word_1_679' title='bbox 1026 2506 1106 2537; x_wconf 75' lang='lat' dir='ltr'><strong>Lael.</strong></span> <span class='ocrx_word' id='word_1_680' title='bbox 1134 2507 1182 2537; x_wconf 89' lang='grc'>16.</span> <span class='ocrx_word' id='word_1_681' title='bbox 1205 2515 1303 2537; x_wconf 78' lang='lat' dir='ltr'>ansas</span> <span class='ocrx_word' id='word_1_682' title='bbox 1324 2505 1401 2535; x_wconf 73' lang='lat' dir='ltr'>dare</span> <span class='ocrx_word' id='word_1_683' title='bbox 1426 2504 1524 2536; x_wconf 78' lang='lat' dir='ltr'>alicui</span> <span class='ocrx_word' id='word_1_684' title='bbox 1549 2503 1590 2535; x_wconf 84' lang='lat' dir='ltr'>ad</span> 
     </span>
     <span class='ocr_line' id='line_1_120' title="bbox 860 2549 1593 2591; baseline -0.004 -10"><span class='ocrx_word' id='word_1_685' title='bbox 860 2549 1187 2591; x_wconf 77' lang='lat' dir='ltr'>repreheiidendun13</span> <span class='ocrx_word' id='word_1_686' title='bbox 1210 2550 1230 2579; x_wconf 92' lang='lat' dir='ltr'>i.</span> <span class='ocrx_word' id='word_1_687' title='bbox 1244 2560 1273 2580; x_wconf 90' lang='lat' dir='ltr'>e.</span> <span class='ocrx_word' id='word_1_688' title='bbox 1289 2549 1509 2586; x_wconf 74' lang='lat' dir='ltr'>occasionem,</span> <span class='ocrx_word' id='word_1_689' title='bbox 1522 2558 1593 2578; x_wconf 84' lang='lat' dir='ltr'>rna-</span> 
     </span>
     <span class='ocr_line' id='line_1_121' title="bbox 858 2591 1592 2625; baseline -0.005 0"><span class='ocrx_word' id='word_1_690' title='bbox 858 2595 977 2625; x_wconf 73' lang='lat' dir='ltr'>tei-iem</span> <span class='ocrx_word' id='word_1_691' title='bbox 995 2594 1054 2624; x_wconf 73' lang='grc' dir='ltr'><strong>διο.</strong></span> <span class='ocrx_word' id='word_1_692' title='bbox 1071 2596 1161 2623; x_wconf 78' lang='lat' dir='ltr'>Sext.</span> <span class='ocrx_word' id='word_1_693' title='bbox 1183 2596 1230 2624; x_wconf 89' lang='grc'>10.</span> <span class='ocrx_word' id='word_1_694' title='bbox 1246 2593 1406 2623; x_wconf 81' lang='lat' dir='ltr'>sermonis</span> <span class='ocrx_word' id='word_1_695' title='bbox 1421 2601 1520 2623; x_wconf 72' lang='lat' dir='ltr'>ausas</span> <span class='ocrx_word' id='word_1_696' title='bbox 1535 2591 1592 2621; x_wconf 81' lang='lat' dir='ltr'>da-</span> 
     </span>
     <span class='ocr_line' id='line_1_122' title="bbox 861 2634 1595 2675; baseline -0.004 -7"><span class='ocrx_word' id='word_1_697' title='bbox 861 2638 939 2675; x_wconf 87' lang='lat' dir='ltr'>re‚i.</span> <span class='ocrx_word' id='word_1_698' title='bbox 953 2647 982 2667; x_wconf 86' lang='lat' dir='ltr'>e.</span> <span class='ocrx_word' id='word_1_699' title='bbox 1000 2637 1033 2667; x_wconf 90' lang='lat' dir='ltr'>in</span> <span class='ocrx_word' id='word_1_700' title='bbox 1045 2645 1213 2667; x_wconf 85' lang='lat' dir='ltr'>sermones</span> <span class='ocrx_word' id='word_1_701' title='bbox 1229 2636 1403 2666; x_wconf 83' lang='lat' dir='ltr'>hominnm</span> <span class='ocrx_word' id='word_1_702' title='bbox 1420 2645 1480 2665; x_wconf 85' lang='lat' dir='ltr'>sua</span> <span class='ocrx_word' id='word_1_703' title='bbox 1495 2634 1595 2675; x_wconf 81' lang='lat' dir='ltr'>culpa</span> 
     </span>
     <span class='ocr_line' id='line_1_123' title="bbox 861 2680 1593 2711; baseline -0.004 0"><span class='ocrx_word' id='word_1_704' title='bbox 861 2683 1041 2711; x_wconf 79' lang='lat' dir='ltr'>incurrere.</span> <span class='ocrx_word' id='word_1_705' title='bbox 1056 2681 1075 2699; x_wconf 70' lang='lat'>³*</span> <span class='ocrx_word' id='word_1_706' title='bbox 1088 2680 1174 2710; x_wconf 75' lang='lat' dir='ltr'><strong>Caec.</strong></span> <span class='ocrx_word' id='word_1_707' title='bbox 1193 2681 1224 2710; x_wconf 89' lang='lat'>6.</span> <span class='ocrx_word' id='word_1_708' title='bbox 1239 2689 1353 2710; x_wconf 72' lang='lat' dir='ltr'>ansam</span> <span class='ocrx_word' id='word_1_709' title='bbox 1369 2680 1509 2709; x_wconf 84' lang='lat' dir='ltr'>retinere</span> <span class='ocrx_word' id='word_1_710' title='bbox 1523 2688 1593 2708; x_wconf 89' lang='lat' dir='ltr'>om-</span> 
     </span>
     <span class='ocr_line' id='line_1_124' title="bbox 861 2722 1593 2754; baseline -0.005 0"><span class='ocrx_word' id='word_1_711' title='bbox 861 2725 955 2754; x_wconf 88' lang='lat' dir='ltr'>nium</span> <span class='ocrx_word' id='word_1_712' title='bbox 973 2724 1282 2754; x_wconf 74' lang='lat' dir='ltr'>controversiarum.</span> <span class='ocrx_word' id='word_1_713' title='bbox 1299 2724 1322 2754; x_wconf 88' lang='lat' dir='ltr'>i.</span> <span class='ocrx_word' id='word_1_714' title='bbox 1347 2732 1375 2752; x_wconf 87' lang='lat' dir='ltr'>e.</span> <span class='ocrx_word' id='word_1_715' title='bbox 1398 2722 1593 2752; x_wconf 76' lang='lat' dir='ltr'>facultatem</span> 
     </span>
     <span class='ocr_line' id='line_1_125' title="bbox 862 2764 1592 2798; baseline -0.005 0"><span class='ocrx_word' id='word_1_716' title='bbox 862 2768 1013 2798; x_wconf 89' lang='lat' dir='ltr'>omnium</span> <span class='ocrx_word' id='word_1_717' title='bbox 1037 2766 1288 2798; x_wconf 84' lang='lat' dir='ltr'>tractandarum</span> <span class='ocrx_word' id='word_1_718' title='bbox 1313 2773 1347 2796; x_wconf 81' lang='lat' dir='ltr'>et</span> <span class='ocrx_word' id='word_1_719' title='bbox 1371 2766 1410 2796; x_wconf 90' lang='lat' dir='ltr'>iis</span> <span class='ocrx_word' id='word_1_720' title='bbox 1426 2776 1459 2796; x_wconf 84' lang='lat' dir='ltr'>se</span> <span class='ocrx_word' id='word_1_721' title='bbox 1482 2764 1592 2796; x_wconf 84' lang='lat' dir='ltr'>immi-</span> 
     </span>
     <span class='ocr_line' id='line_1_126' title="bbox 861 2812 986 2852; baseline -0.016 -10"><span class='ocrx_word' id='word_1_722' title='bbox 861 2812 986 2852; x_wconf 81' lang='lat' dir='ltr'>scendi.</span> 
     </span>
    </p>

    <p class='ocr_par' dir='ltr' id='par_1_29' title="bbox 861 2852 1597 2940">
     <span class='ocr_line' id='line_1_127' title="bbox 906 2852 1596 2894; baseline -0.009 -8"><span class='ocrx_word' id='word_1_723' title='bbox 906 2854 1124 2894; x_wconf 75' lang='lat' dir='ltr'>Ameuquam.</span> <span class='ocrx_word' id='word_1_724' title='bbox 1142 2853 1184 2884; x_wconf 83' lang='lat' dir='ltr'>ad</span> <span class='ocrx_word' id='word_1_725' title='bbox 1199 2853 1276 2884; x_wconf 87' lang='lat' dir='ltr'>Div.</span> <span class='ocrx_word' id='word_1_726' title='bbox 1293 2853 1339 2883; x_wconf 88' lang='lat' dir='ltr'>iii.</span> <span class='ocrx_word' id='word_1_727' title='bbox 1362 2852 1393 2883; x_wconf 88' lang='grc'>6.</span> <span class='ocrx_word' id='word_1_728' title='bbox 1417 2855 1465 2888; x_wconf 86' lang='lat' dir='ltr'>te,</span> <span class='ocrx_word' id='word_1_729' title='bbox 1482 2854 1596 2880; x_wconf 68' lang='lat' dir='ltr'>antea-1</span> 
     </span>
     <span class='ocr_line' id='line_1_128' title="bbox 861 2895 1597 2940; baseline -0.011 -9"><span class='ocrx_word' id='word_1_730' title='bbox 861 2909 961 2940; x_wconf 74' lang='lat' dir='ltr'>quam</span> <span class='ocrx_word' id='word_1_731' title='bbox 1006 2905 1198 2930; x_wconf 72' lang='lat' dir='ltr'>successum</span> <span class='ocrx_word' id='word_1_732' title='bbox 1244 2900 1344 2935; x_wconf 72' lang='lat' dir='ltr'>esset,</span> <span class='ocrx_word' id='word_1_733' title='bbox 1383 2895 1597 2926; x_wconf 64' lang='lat' dir='ltr'>decessui-um</span> 
     </span>
    </p>
   </div>
  </div>
 </body>
</html>
