1800 3131
159 120 237 158 168

160 228 240 250 nec.
264 224 387 259 praetor
423 221 568 251 urbanus
596 220 683 261 ficit,
714 227 743 253 et
774 223 887 253 deinde

161 262 354 303 Pompeium
376 264 411 294 iu
433 264 659 295 Macedoniam
681 268 808 296 seculus
829 271 886 296 est.

162 306 309 337 Ceterum
325 309 409 338 z'llucl
423 308 607 339 addendum
624 313 668 339 est
683 320 724 340 ea·
740 309 823 340 Phil.
841 310 887 340 iii.

157 350 187 380 6.
213 350 377 381 Voconios
394 361 433 381 ex
449 352 560 382 Aricia
575 353 676 382 fuisse
692 358 792 383 ortos.

209 394 240 424 C.
260 394 438 433 Volcatius,
455 396 553 426 Corn.
573 395 596 425 I.
609 395 649 426 fr.
663 397 712 426 vir
725 396 888 426 honestis-

160 437 277 475 simus,
306 448 325 468 a
356 438 418 468 Cn.
449 439 622 469 Dolabella
652 441 821 470 eonnnuni
854 444 888 468 et

161 482 356 519 quotidiano
367 483 442 520 jure
460 484 619 523 privatur.
651 483 684 513 Is
704 487 762 519 est,
779 484 817 512 tle
831 492 888 511 ‹fu-

149 522 212 566 jus
233 527 344 556 subita
364 531 462 556 morte
485 527 618 557 Plinius
638 526 684 557 H.
698 526 746 556 N.
763 526 816 555 vii.
835 529 886 556 53.

159 569 274 598 trudit.

208 612 246 642 L.
275 612 441 643 Volcatius
471 612 599 649 Tullus,
626 612 737 642 Plane.
766 614 817 643 21.
854 612 887 641 in

159 655 319 685 aedilitate
337 656 481 696 petenda
497 656 662 696 repulsam
675 656 741 684 fert
755 667 764 693 ;
779 659 887 694 postea

157 702 269 729 tamen
290 700 405 729 Consul
413 699 490 738 suit
504 710 579 729 cum
595 699 638 728 M
643 700 650 711 ’
667 699 808 730 AEme'lio
824 699 887 728 Le-

151 743 229 782 pido
250 753 281 773 α.
311 743 351 773 U.
376 751 576 772 DCLxxxvu.
610 742 693 781 Tog.
719 742 822 772 Cand.
846 743 886 772 fr.

158 786 333 816 consilium
360 786 471 823 habet,
490 796 531 815 an
556 787 702 825 petentis
727 785 887 815 Consula-

156 836 232 858 tum
257 829 411 859 Catilinae
435 830 520 859 ratio
544 829 696 859 habenda
711 834 810 866 esset,
830 839 886 859 ne-

156 878 340 911 gatumque
371 878 421 902 est
450 873 479 902 ei
515 877 717 912 potestatem
749 873 885 912 petendi

155 916 405 945 concedendam
427 926 508 946 esse.
533 917 574 946 ad
594 917 671 946 Div.
688 917 709 946 i.
730 920 756 945 1.
790 917 885 946 Pom-

155 959 230 999 peio
268 964 382 990 censet
420 960 670 996 restitutionem
714 959 885 995 Ptolemaei

155 1003 447 1038 committendam.

200 1046 242 1076 L.
273 1046 434 1076 Volcacius
460 1045 588 1083 Tullus,
613 1047 654 1078 L.
678 1047 715 1078 F.
744 1046 785 1076 ad
808 1046 883 1076 Div.

154 1089 224 1119 xiii.
243 1092 292 1120 14.
322 1095 444 1129 praetor
466 1091 611 1120 urbanus
635 1100 667 1120 α.
692 1099 820 1120 nccvn.
844 1092 883 1127 is,

150 1134 207 1172 qui
215 1138 328 1172 postea
349 1133 543 1173 Consulsuit
557 1144 589 1164 u.
606 1143 734 1164 Dccxx.
751 1134 793 1164 ad
808 1135 884 1164 Div.

152 1176 195 1206 iv.
228 1180 259 1208 4.
301 1177 348 1207 Μ.
381 1177 541 1208 Marcello
572 1178 729 1216 offensus,
763 1177 883 1208 Caesari

154 1229 222 1250 non
240 1220 311 1255 agit
326 1221 463 1259 gratias,
481 1232 520 1250 eo
537 1222 705 1251 restituto.

197 1262 372 1302 Volcatius,
389 1264 482 1294 Verr.
507 1265 541 1294 ii.
568 1268 616 1295 10.
633 1267 686 1296 23.
704 1265 765 1295 &c.
794 1275 812 1295 e
829 1274 883 1294 co—

153 1307 292 1342 mitibus
309 1308 345 1338 C.
362 1307 484 1338 Verris.

199 1351 388 1389 Volumnia,
413 1351 455 1381 ad
485 1352 563 1382 Div.
592 1352 657 1382 xiv.
692 1352 740 1382 16.
771 1353 882 1382 minus

153 1395 300 1425 officiosa
323 1401 374 1425 est
397 1395 431 1425 in
447 1395 655 1432 Terentiam,
672 1405 749 1425 curn
767 1396 882 1426 Cicero

151 1437 313 1471 exularet.
345 1439 423 1469 Non
441 1437 549 1478 facile
582 1439 735 1477 dixerim,
766 1443 882 1470 ulrum

153 1481 321 1512 Senatores
361 1483 536 1520 mummii,
571 1493 706 1522 quocum
741 1493 882 1522 magnus

153 1535 233 1555 usus
265 1526 404 1556 Ciceroni
419 1525 508 1565 siut,
531 1536 620 1556 soror
643 1531 703 1556 aut
717 1527 811 1566 filia,
836 1537 882 1557 an

150 1575 227 1599 uota
243 1570 303 1599 illot-
319 1568 563 1608 libertusuerlt.

197 1613 384 1650 Volumnia,
412 1613 496 1642 Phil.
525 1614 558 1643 ii.
585 1616 637 1644 24.
672 1613 792 1644 liberta
816 1614 881 1644 Vo-

152 1655 273 1686 lumnii
297 1656 485 1696 Eutrapeli,
502 1657 637 1686 mimico
661 1658 797 1687 nomine
819 1658 881 1698 Cy-

151 1699 280 1737 theris3
304 1711 334 1730 v.
355 1699 513 1739 Cytheris.

197 1743 239 1773 L.
259 1743 462 1780 Volumnius,
480 1743 521 1773 ad
537 1743 612 1773 Div.
628 1744 684 1773 vii.
701 1746 753 1775 32.
780 1746 881 1775 Sena-

148 1791 216 1823 tor,
229 1797 373 1825 quocum
390 1797 530 1826 magnus
543 1797 622 1816 usus
636 1788 787 1818 Ciceroni
805 1789 880 1819 fuit.

150 1831 190 1860 de
206 1832 407 1869 pronomine
424 1835 546 1860 constat
562 1842 578 1860 e
603 1831 751 1861 Varrone
775 1832 817 1862 R.
837 1833 879 1864 R.

150 1874 185 1904 ii.
202 1876 233 1904 4.
253 1876 302 1905 12.
326 1874 434 1904 Estne
449 1875 500 1904 hic
514 1873 713 1905 Volumnius
731 1875 880 1913 Flaccus,

150 1918 208 1957 qui
222 1927 296 1947 cum
314 1919 479 1949 mcmdalis
495 1918 541 1947 ad
557 1918 717 1948 Senatum
735 1929 756 1948 a
771 1919 881 1956 Bruto

148 1961 290 1990 AIutinoe
314 1962 426 1991 obsesso
446 1962 603 1998 mittitur,
619 1961 723 1992 Bruti
739 1965 879 2001 legatus,

148 2004 190 2034 ad
207 2005 284 2034 Div.
301 2004 497 2036 xi.12.13?

194 2047 238 2077 P.
264 2048 467 2084 bolumm‘us,
490 2047 624 2078 Cluent.
647 2052 699 2082 70.
727 2049 879 2088 Senator,

148 2093 208 2131 qui
234 2092 321 2122 incer
340 2089 470 2133 judices
496 2093 531 2121 z'n
563 2092 758 2123 Cluentiuua
780 2104 880 2124 eausa

136 2133 224 2175 fuit.

195 2178 240 2208 P.
259 2177 452 2208 Volumnius
471 2178 680 2218 Eutrapelus.
709 2179 792 2210 Phil.
809 2180 878 2210 xiii.

149 2223 180 2253 2.
213 2221 352 2251 Antonii
368 2222 507 2252 amicus.
526 2222 577 2252 ad.
592 2223 667 2253 Div.
684 2224 739 2254 vii.
757 2226 809 2254 32.
826 2227 878 2254 33.

147 2265 284 2304 epistoloe
303 2265 347 2294 ad
369 2275 444 2295 eum
466 2267 594 2306 scriptoe
615 2272 702 2297 sunt.
732 2268 792 2298 Ex
814 2268 879 2306 epi-

147 2310 229 2338 stola
245 2312 355 2338 autem
371 2311 422 2338 32.
447 2310 596 2347 colligere
611 2311 694 2348 licet,
707 2312 877 2341 urbanita-

147 2355 211 2381 tem
236 2352 373 2381 hominis
396 2362 456 2382 non
479 2354 637 2391 ius-iguem
661 2355 739 2384 adeo
752 2354 877 2394 juisse,

144 2395 202 2424 sed
226 2396 397 2425 scurrilem
420 2397 525 2435 potius
551 2401 581 2426 et
608 2398 786 2429 mimicam.
811 2399 876 2429 vid.

149 2438 222 2468 [nd.
245 2438 347 2468 Groec.
366 2440 399 2468 in
416 2439 605 2481 εὐτραπελία.

191 2481 396 2518 Volusianus,
419 2482 512 2512 Verr.
545 2484 591 2513 iii.
622 2486 674 2514 21.
711 2483 877 2524 haruspex

147 2524 185 2554 C.
200 2525 322 2555 Verris.
345 2525 428 2555 Idem
444 2526 517 2555 ibid.
536 2537 561 2557 c.
579 2531 627 2557 11.
644 2527 764 2557 dicitur
774 2528 875 2558 Volu-

143 2568 211 2597 sius
225 2580 235 2605 ς
260 2573 298 2597 ut
319 2573 380 2598 aut
403 2570 487 2599 loeus
505 2571 592 2600 alter
606 2581 646 2600 em
660 2572 762 2601 altero
776 2573 875 2601 eorm·-

139 2611 280 2649 gendus,
297 2616 358 2641 aut
374 2614 482 2651 potius
505 2614 553 2643 ila
575 2615 797 2654 accipiendum
821 2617 874 2653 sit,

143 2659 181 2684 ut
203 2656 237 2684 iu
260 2656 372 2684 eadem
395 2657 526 2694 epistola
548 2658 632 2688 idem
652 2658 775 2688 dicitur
791 2658 873 2699 Hip-

140 2698 215 2737 pius
232 2702 263 2728 el
280 2698 479 2737 Hippianus.
498 2700 539 2729 ad
554 2701 630 2731 Div.
646 2702 719 2731 xiii.
734 2702 786 2735 76.

185 2741 225 2770 L.
245 2741 446 2777 Volusienus,
465 2742 599 2773 Cluent.
615 2747 666 2778 70.
692 2755 791 2784 eques
807 2746 872 2776 Ro-

140 2793 271 2814 manus.
302 2784 483 2823 Victorius,
515 2787 550 2817 P.
581 2788 754 2818 Manutius
787 2799 871 2820 corr.

139 2826 326 2862 Volusenus.
343 2838 372 2858 v.
390 2833 460 2858 not.

183 2870 343 2908 Volusius,
366 2871 460 2903 Verr.
477 2872 524 2903 iii.
557 2876 606 2909 11.
639 2873 815 2916 haruspex.
839 2887 868 2908 v.

139 2913 343 2949 Volusianus.

676 131 823 160 INDEX
853 132 1060 161 HISTORIC
1067 133 1132 162 US.

976 223 1032 254 Cn.
1066 223 1224 261 Volusius,
1251 222 1321 253 Att.
1352 233 1383 252 v·
1415 225 1466 254 ll.
1498 221 1658 254 Ciceronis

928 271 1115 306 quoestorem
1126 267 1236 307 fuisse
1246 271 1343 307 putul
1360 266 1546 304 filomatius,
1562 277 1657 307 quem

928 311 1009 341 vide.
1036 311 1128 341 Inter
1144 313 1269 341 comites
1291 309 1570 349 Ciceronisfuisse,
1587 321 1656 340 cer-

929 357 1000 382 tum
1031 359 1086 384 est.
1120 355 1197 385 Non
1227 358 1337 384 autem
1366 364 1487 392 negare
1510 363 1657 392 possum,

928 402 1052 427 certam
1076 399 1157 427 mihi
1178 398 1282 427 villeri
1309 398 1442 427 Corradz'
1468 399 1656 437 opinionem,

929 441 985 478 qui
994 451 1056 480 pro
1071 441 1132 472 Cn.
1147 443 1291 471 censebat
1307 441 1478 480 legendum
1493 441 1533 481 Q.
1555 445 1591 471 ut
1606 441 1659 470 hic

929 484 969 512 sit
980 495 990 511 .·

971 526 1015 566 Q.
1036 526 1193 565 Volusius,
1209 529 1279 558 Att.
1300 539 1329 557 v.
1353 530 1405 558 21.
1436 527 1474 557 de
1491 527 1658 558 comitibue

935 569 1091 600 Ciceronis
1120 572 1154 601 iu
1190 571 1313 608 Cilicia,
1345 570 1532 611 proefaetus,
1557 574 1657 610 puta,

929 617 989 642 aut
1004 615 1156 643 tribunus
1172 616 1240 645 mil.
1264 615 1305 644 ad
1320 615 1395 645 Div.
1409 614 1442 644 'v.
1460 618 1508 645 10.
1532 624 1552 643 a
1565 613 1658 643 Cice-

930 665 1009 686 rone
1034 656 1259 695 eloquentiam
1287 658 1395 690 discit.
1418 659 1457 688 de
1480 658 1586 688 eodem
1611 661 1659 687 est

930 700 1005 730 ibid.
1020 703 1071 731 20.

972 743 1020 773 Μ.
1046 743 1206 781 Volusius,
1224 744 1264 774 ad
1290 744 1365 774 Div.
1392 745 1456 774 xvi.
1487 747 1536 776 12.
1567 753 1657 784 quae-

928 791 998 817 stor
1023 798 1063 817 ex
1089 788 1166 818 Asia
1189 788 1319 818 rediens
1347 788 1499 818 Ciceroni
1527 787 1656 817 litteras

929 831 1023 860 affert
1040 841 1059 860 a
1074 831 1207 861 Tirone.
1225 832 1287 861 Hic
1299 834 1356 868 est,
1372 832 1426 870 qui
1436 835 1545 870 postea
1556 831 1659 861 oedz'lie

922 875 1025 913 plebis
1039 877 1238 915 proscriptus
1254 885 1274 905 a
1291 875 1472 904 triumviris
1489 876 1656 913 singulari

916 917 1071 957 J'allacz'oe
1097 928 1217 957 genere
1248 928 1448 958 percussores
1475 919 1588 955 evasit,
1618 922 1658 948 ut

928 967 1156 992 commemorat
1175 962 1286 992 Vuler.
1304 963 1399 992 Iliam.
1417 962 1472 991 vii.
1489 964 1520 992 3.
1539 964 1568 992 8.

973 1005 1134 1044 Vopiscus,
1159 1006 1273 1035 Julius
1300 1005 1415 1036 Coesur.
1443 1005 1527 1036 Phil.
1553 1005 1598 1035 xi.
1624 1007 1655 1036 5.

928 1047 1127 1078 defendente
1152 1049 1310 1079 Cicerone
1327 1049 1501 1088 quinquies
1525 1048 1656 1078 absolu-

927 1097 980 1121 tus
1012 1097 1075 1130 est,
1106 1098 1200 1122 sexta
1227 1093 1297 1122 vice
1324 1097 1436 1122 autem
1466 1097 1656 1130 aecusatus,

927 1135 1104 1166 damnatus
1122 1141 1183 1166 est.
1206 1137 1376 1166 restitutus
1398 1146 1420 1166 α
1441 1136 1564 1166 Caesure
1579 1136 1656 1165 ‹edi-

926 1178 1102 1218 lz'sscoetus,
1115 1184 1226 1220 postea
1241 1179 1451 1209 consulatum
1469 1180 1566 1218 petit,
1583 1180 1653 1209 Au-

926 1224 1003 1252 tom'c'
1014 1228 1123 1254 castra
1136 1224 1181 1254 acl
1190 1223 1360 1253 Mutinam
1371 1224 1528 1263 sequitur.
1554 1223 1656 1253 Hunc

924 1276 999 1302 csse,
1015 1268 1170 1304 arbitror,
1186 1264 1279 1308 eujus
1296 1268 1412 1297 mentio
1426 1267 1515 1306 apud
1534 1266 1656 1298 Varro·

923 1319 998 1340 nem
1016 1311 1057 1341 R.
1076 1311 1118 1342 R.
1134 1312 1154 1341 i.
1173 1315 1203 1345 7.
1234 1315 1320 1342 extr.

973 1353 1064 1393 Upis,
1078 1355 1122 1385 N.
1140 1355 1181 1385 D.
1198 1355 1242 1384 iii.
1260 1356 1312 1385 23.
1343 1357 1440 1393 pater
1460 1353 1579 1383 Dianae
1597 1363 1655 1383 eu-

921 1397 1067 1436 jusdam,
1085 1409 1106 1428 α
1120 1408 1180 1438 quo
1195 1403 1225 1429 et
1241 1399 1310 1437 ipsa
1330 1398 1442 1428 Diana
1459 1396 1541 1436 Upis
1562 1397 1654 1426 Groe-

923 1441 967 1469 cis
982 1442 1114 1479 dicitur,
1131 1453 1161 1472 v.
1176 1452 1203 1474 c.
1225 1442 1420 1472 Callimacho
1435 1439 1483 1471 H.
1499 1441 1534 1470 in
1549 1439 1655 1474 Dian.

924 1485 998 1515 204.

972 1528 1072 1559 Urius
1086 1529 1232 1568 Jupiter,
1248 1528 1313 1559 vid.
1328 1528 1473 1567 Jupiter.

967 1572 1145 1610 humanus,
1170 1573 1212 1603 N.
1242 1573 1285 1603 D.
1316 1572 1337 1603 i.
1368 1575 1420 1602 30.
1449 1570 1654 1609 Alcamenis,

923 1615 1064 1646 Athenis
1082 1616 1229 1646 claudus.
1256 1616 1302 1645 iii.
1323 1617 1375 1646 21.
1398 1614 1469 1644 Nili
1485 1614 1583 1644 filius.
1605 1615 1654 1646 iii.

924 1661 976 1690 22.
1006 1660 1096 1690 Jovis
1111 1669 1146 1690 et
1159 1660 1302 1690 «Iunonis
1320 1658 1419 1688 filins.

968 1704 1008 1733 L.
1029 1703 1188 1740 Vulteius,
1204 1704 1298 1733 Verr.
1314 1703 1360 1732 iii.
1378 1702 1430 1732 66.
1461 1701 1501 1731 de
1518 1702 1652 1732 comiti-

922 1746 983 1775 bus
999 1746 1037 1777 L.
1055 1747 1185 1777 Metelli
1202 1748 1237 1777 in
1252 1745 1375 1776 Sicilia.

968 1790 1005 1820 T.
1040 1790 1244 1828 lucturam,
1276 1788 1376 1820 Catil.
1406 1788 1454 1821 iii.
1484 1790 1516 1820 2.
1544 1788 1653 1821 socius

925 1833 1091 1865 Catilinae.

1267 1928 1310 1960 X.

967 2006 1167 2046 Xanthippe,
1198 2006 1298 2037 Tusc.
1330 2007 1377 2037 iii.
1412 2009 1461 2037 15.
1506 2006 1650 2039 Socratis

923 2061 1015 2080 uxor.

967 2095 1186 2133 Xanthippus,
1209 2093 1304 2123 Offic.
1335 2094 1380 2124 iii.
1412 2094 1464 2125 26.
1495 2093 1652 2124 Lacedae-

921 2138 1066 2173 monins,
1092 2147 1156 2176 quo
1179 2138 1263 2167 duee
1286 2137 1332 2168 M.
1349 2137 1487 2167 Attilius
1502 2137 1651 2177 Regulus

922 2189 1039 2221 captus
1057 2186 1117 2210 est.

965 2225 1067 2261 Xeno,
1084 2225 1156 2254 Att.
1179 2234 1208 2259 v.
1232 2228 1280 2254 10.
1312 2224 1495 2264 Epicureus
1518 2223 1651 2254 Cicero-

921 2269 971 2298 nis
986 2269 1205 2307 temporibus,
1221 2268 1262 2298 ab
1277 2269 1348 2308 ipso
1364 2272 1398 2297 et
1411 2267 1524 2297 Attico
1540 2267 1650 2308 diligi-

920 2316 986 2341 tur.
1003 2313 1043 2342 ab
1059 2314 1114 2341 hoc
1129 2313 1215 2342 alius
1228 2316 1274 2341 est

965 2356 1065 2392 Xeno,
1083 2354 1373 2395 Apollonidiensis,
1389 2354 1460 2384 Att.
1477 2364 1506 2384 v.
1527 2357 1577 2385 13.

963 2399 1065 2436 Xeno,
1090 2398 1269 2435 Mene-nus,
1288 2398 1382 2427 Verr.
1405 2398 1452 2428 iii.
1475 2399 1528 2428 22.
1560 2398 1649 2428 Cen-

920 2444 1101 2482 turipinus.

963 2487 1067 2523 Xeno,
1084 2485 1155 2515 Att.
1173 2485 1240 2515 xiii.
1257 2487 1309 2519 37.
1339 2485 1469 2514 videtur
1482 2494 1545 2514 esse
1559 2484 1648 2515 Aui-

918 2531 946 2560 οἱ
956 2533 1159 2569 procurator.

961 2574 1124 2608 Xenocles,
1163 2572 1257 2602 Brut.
1297 2575 1349 2606 91.
1388 2570 1646 2610 Adramytenus,

917 2617 1030 2647 rhetor
1060 2616 1238 2653 Asiaticus,
1259 2625 1402 2654 quocum
1433 2615 1549 2644 Cicero
1579 2614 1647 2646 fuit

917 2660 1120 2690 adolescens.

961 2705 1166 2739 Xenocrates,
1180 2702 1280 2732 Aead.
1298 2702 1317 2731 i.
1334 2703 1365 2731 4.
1390 2700 1645 2732 Chalcedonius.

915 2748 971 2778 Or.
988 2748 1035 2778 iii.
1053 2750 1101 2780 17.
1131 2746 1318 2776 Academiae
1338 2754 1460 2774 nomen
1485 2745 1643 2776 obtinuit.

918 2794 967 2822 18.
986 2791 1026 2820 ab
1042 2789 1221 2820 Aristotele
1234 2788 1282 2818 nil
1298 2788 1462 2818 dissensit.
1478 2789 1542 2818 Off.
1555 2789 1576 2818 i.
1591 2791 1645 2821 30.

914 2834 1138 2864 severissimus
1154 2831 1426 2873 philosophorum
1443 2839 1478 2862 et
1493 2837 1646 2872 propter-⁴

914 2888 954 2907 ea
977 2877 1084 2907 clarus
1105 2881 1142 2907 et
1162 2885 1313 2915 magnus.
1344 2874 1415 2905 Att.
1438 2876 1458 2905 i.
1487 2876 1535 2906 16.
1565 2884 1644 2905 eum

912 2921 1022 2961 jurare
1046 2929 1114 2954 nou
1136 2919 1361 2964 permiserunt
1380 2919 1480 2959 cives,
1495 2917 1584 2960 quod
1598 2918 1644 2962 ei,
