1800 3131
164 79 244 119 2523

169 175 210 205 ad
226 175 308 206 alios
324 176 363 207 de
381 188 414 208 re
430 179 541 218 aliqua
556 178 667 210 refert.
693 180 783 210 Verr.
798 180 830 210 ii.
846 184 899 214 71.

172 219 287 258 itaque
308 220 510 253 decumanos
536 227 714 253 convocat:
754 233 825 254 rem
846 225 900 254 de-

158 261 246 302 fert.
272 266 428 295 statuunt
444 265 493 296 illi
515 269 614 306 atque
638 267 824 298 decernunt
840 268 900 298 &c.

168 308 188 328 *ἱ
213 307 360 347 defertur
390 310 490 339 etiam
524 320 588 348 res,
617 311 731 341 auxilii
765 311 899 351 petendi

168 359 280 382 causa.
306 352 347 382 ad
362 353 438 383 Div.
453 363 483 383 v.
501 357 530 384 8.
556 358 594 384 ut
615 354 833 394 intelligeres,
851 355 901 384 ni—

174 394 223 424 hil
249 404 356 435 neque
382 401 416 426 te
440 397 622 437 scripsisse,
649 407 756 437 neque
783 407 899 436 quem-

172 447 273 476 quam
298 444 435 471 tuorum
461 440 585 471 frustra
599 441 641 471 ad
662 451 716 471 me
740 442 901 471 detulisse.

168 481 187 499 ²*
202 487 377 513 accusator
392 493 514 514 nomen
530 483 648 524 desert,
665 495 710 515 sc.
727 483 768 514 ad
781 488 902 523 praeto—

172 535 255 562 rem,
271 526 354 565 ejus,
377 537 474 566 quem
504 537 659 558 accusare
684 528 844 567 suscepit,
860 531 901 557 ut

170 568 256 599 illud
272 570 359 600 inter
375 580 446 601 reos
474 572 609 608 scribat,
628 571 715 610 quod
739 577 790 600 est
817 570 899 600 reci-

171 622 249 652 pere
265 623 399 643 nomen.
421 615 516 644 Rosc.
528 614 602 644 Am.
617 618 647 644 3.
666 623 733 644 non
749 614 833 643 nihil
847 618 898 643 ta—

171 665 249 686 men
273 657 307 686 in
334 657 504 697 deserendo
529 657 663 687 nomine
692 657 810 687 secuti.
835 657 899 686 Sed

171 709 237 729 non
255 701 361 730 solum
380 702 521 730 hominis
536 710 657 731 nomen
669 700 828 740 dffertur,
845 711 900 730 ve-

169 752 245 773 rum
261 744 362 773 etiam
380 744 529 774 criminis
542 754 684 783 nomeu3
710 749 897 784 propterea,

166 786 256 825 quod
273 796 339 817 non
354 787 462 817 solum
479 797 602 818 nomen
618 788 665 818 rei
680 788 847 818 edendum
865 798 899 818 a-

168 830 237 870 pud
254 836 429 869 praetorem
446 835 510 867 est,
533 841 633 870 quem
657 841 812 862 accusare
839 832 898 861 ali-

169 874 242 912 quis
258 874 445 912 constituit,
461 875 518 905 sed
534 877 635 905 etiam
645 875 784 912 crimen,
802 875 897 914 cujus

168 927 247 946 cum
272 922 487 948 accusaturus
512 923 574 949 est.
596 919 689 949 Verr.
707 919 741 948 ii.
758 920 810 949 28.
834 919 897 948 ini-

168 961 244 990 mici
263 960 392 1000 Sopatri
409 961 451 991 ad
471 961 621 1000 Verrem,
639 972 717 992 cum
738 962 763 992 is
783 963 898 992 Sacer-

167 1004 237 1034 doti
249 1005 473 1042 successisset,
485 1005 634 1044 ejusdem
647 1007 694 1036 rei
711 1015 833 1036 nomen
844 1006 898 1035 a'e-

153 1047 292 1087 ferant,
306 1058 350 1078 sc.
366 1048 528 1088 capitalis.
544 1048 723 1089 *deferunt
732 1049 832 1079 etiam
843 1059 897 1078 ca-

163 1091 393 1122 lumniatores.
411 1093 527 1132 Agrar.
544 1092 589 1123 iii.
610 1096 636 1124 l.
654 1103 727 1132 quae
738 1093 826 1133 apud
841 1102 897 1122 vos

162 1135 202 1165 de
213 1145 266 1165 nie
275 1136 314 1165 de
331 1135 426 1166 >erunt
433 1149 444 1169 ,·
462 1137 548 1166 unde
561 1137 715 1167 delatores
726 1136 897 1166 dicuntur.

163 1178 183 1197 ’Ἠ
199 1179 321 1209 dicitur
337 1184 372 1210 et
388 1189 446 1220 pro
465 1180 561 1210 ultro
582 1181 711 1218 offerre,
735 1181 896 1210 conferre.

160 1221 255 1253 Verr.
273 1233 303 1254 v.
325 1227 377 1257 70.
409 1223 651 1254 dormientibus
666 1224 830 1254 beneficia
845 1224 896 1253 cle-

150 1265 260 1308 ferre.
270 1267 312 1297 ad
320 1267 395 1298 Div.
408 1268 450 1298 vi.
467 1269 518 1299 22.
533 1268 739 1298 voluntatem
751 1277 844 1297 suam
856 1267 897 1297 ad

162 1310 309 1350 aliquem
333 1310 468 1350 defferre.
488 1311 529 1341 ef.
548 1311 632 1341 Phil.
650 1312 682 1341 ii.
699 1314 751 1342 20.
784 1311 897 1341 Rabir.

165 1354 254 1384 Post.
275 1358 323 1389 17.
350 1357 461 1386 totum
477 1359 512 1384 te
528 1355 570 1384 ad
587 1365 640 1384 me
657 1364 734 1385 cum
751 1355 819 1385 tuis
843 1365 898 1383 co—

164 1398 228 1438 piis
245 1399 398 1429 detulisti.
434 1398 453 1416 ’ΥΕ
468 1398 558 1436 dare,
578 1399 799 1429 committere.
825 1398 895 1428 Att.

159 1442 203 1472 vi.
234 1445 260 1472 l.
294 1442 528 1481 praefeeturam
555 1441 683 1481 deterre
714 1442 823 1472 alicui.
855 1442 896 1472 ad

162 1484 239 1517 Div.
256 1486 325 1516 xiii.
346 1488 398 1516 55.
421 1484 548 1525 ‹leferre
563 1486 663 1516 alicui
679 1486 894 1525 legationem.

162 1529 234 1559 Att.
256 1529 325 1559 xiii.
345 1531 392 1559 12.
419 1529 480 1559 tibi
504 1530 709 1569 praecouium
736 1528 893 1568 deferam.

162 1572 182 1591 '¹²
198 1572 370 1611 eleganter
380 1577 430 1602 est
442 1583 501 1613 pro
514 1573 747 1603 commendare
765 1576 824 1602 aut
834 1573 897 1602 rei-

163 1616 319 1656 publicae,
355 1620 414 1646 aut
449 1617 660 1655 magistratui
702 1616 896 1656 provinciali

163 1659 323 1698 aliquem,
341 1665 379 1690 ut
398 1659 437 1689 ad
460 1659 600 1690 honores
624 1670 702 1690 eum
723 1659 895 1699 provehat.

163 1704 233 1734 Att.
249 1713 278 1733 v,
297 1707 327 1737 7.
353 1703 400 1733 ait
417 1704 606 1743 Pompeius,
622 1704 739 1742 quinos
756 1713 790 1732 se
814 1712 899 1743 prae-

162 1746 282 1784 fectos,
299 1748 496 1777 delaturum.
524 1747 602 1777 ibid.
633 1750 680 1777 11.
709 1746 897 1787 praefectos‚

168 1788 250 1830 quos
267 1791 368 1829 voles,
385 1790 516 1830 deserto.
529 1791 588 1820 &cn
612 1790 675 1821 hoc
691 1800 796 1830 genus
809 1789 897 1829 defe-

164 1835 260 1864 rende·
286 1834 500 1864 commodum
525 1834 645 1864 habet:
670 1835 897 1864 commendati

164 1878 256 1907 enim
274 1878 422 1918 praefecti
439 1878 544 1907 fiunt:
572 1878 606 1907 in
629 1877 747 1914 altero,
760 1887 837 1907 cum
854 1877 895 1908 ad

165 1922 320 1951 aerarium
337 1921 533 1961 deserantur
549 1922 583 1951 in
594 1922 777 1958 beneficiis,
793 1921 897 1951 honos

163 1969 301 1995 tantum
318 1970 380 1995 est.
404 1976 433 1995 V.
456 1966 670 2002 beneficium,
693 1969 728 1995 et
754 1965 898 1995 G1·onov.

167 2009 305 2039 Sestert.
329 2009 374 2039 iii.
395 2012 444 2043 17.
461 2019 492 2048 p.
510 2011 584 2040 253.
608 2009 705 2039 Locis
722 2008 766 2038 ibi
783 2008 897 2038 lauda-

164 2054 208 2082 tis
225 2052 309 2083 adde
325 2052 416 2082 hunc
441 2052 535 2082 Balb.
552 2055 604 2083 28.
629 2052 740 2082 Caesar
753 2052 897 2087 Balbum

165 2097 199 2126 in
218 2103 376 2136 praetura,
394 2096 428 2126 in
444 2096 621 2126 consulatu
637 2095 834 2135 praesectum
851 2095 900 2125 fa-

167 2140 264 2170 brum
291 2140 418 2170 detulit.
451 2139 470 2158 ²*
491 2139 608 2169 eadem
635 2139 760 2180 ellipsis
784 2139 837 2169 τοῦ
857 2139 899 2169 ad

166 2184 323 2214 ararium
362 2187 413 2214 est
439 2184 473 2213 in
500 2183 563 2213 hac
591 2183 716 2213 forma:
752 2183 898 2213 rationes

165 2226 294 2268 deferre
326 2237 385 2267 pro
426 2226 558 2257 referre.
593 2226 635 2256 ad
670 2226 748 2257 Div.
782 2236 810 2256 v.
845 2229 898 2257 ⁴20.

165 2280 369 2310 quamquam
394 2270 497 2310 justis
539 2270 579 2300 de
613 2270 720 2300 causis
753 2270 898 2299 rationes

166 2314 294 2354 deferre
309 2315 526 2354 properarim.
542 2323 620 2344 nam
637 2313 726 2353 apud
741 2314 896 2344 aerarium

164 2357 417 2398 deponebantur
432 2359 576 2388 rationes
599 2356 828 2397 provinciales.
843 2357 897 2387 Sic

149 2401 249 2439 ,PhiL
264 2412 294 2431 v.
312 2405 342 2432 5.
365 2400 491 2442 deferre
517 2402 656 2431 nomina
673 2400 830 2440 judicum
855 2401 898 2431 ad

164 2446 333 2483 aerarium,
363 2445 396 2475 h.
421 2455 452 2475 e.
479 2445 656 2484 deponere.
687 2444 706 2463 ³¹⁵
727 2445 782 2474 Sic
807 2444 896 2474 scta

161 2487 283 2527 deferri
299 2489 538 2528 dicuntur‚pro
555 2488 682 2518 referri.
704 2487 794 2518 Nam
806 2488 895 2527 quod

162 2532 204 2562 ad
219 2532 295 2562 Div.
311 2533 368 2562 xii.
383 2534 435 2567 29.
453 2539 504 2562 est
518 2543 526 2561 ι
550 2531 635 2562 falsa
655 2531 796 2561 Senatus
813 2541 894 2561 con-

158 2575 249 2607 sulta
273 2583 348 2605 tum
374 2575 604 2615 deserebantur
633 2585 693 2615 pro
719 2584 758 2604 eo
782 2585 835 2614 ep.
866 2578 893 2606 1.

159 2622 229 2649 est:
255 2620 397 2649 Senatus
414 2619 569 2649 consulta
579 2618 662 2649 falsa
677 2617 890 2648 referuntur:

159 2663 220 2693 int.
237 2662 279 2693 ad
302 2663 467 2693 aerarium.
491 2662 536 2692 ibi
558 2663 650 2691 enim
674 2661 763 2692 SCta
783 2670 893 2691 serva-

157 2706 293 2737 bantur.
325 2708 345 2727 *
363 2706 463 2736 Dom.
494 2709 524 2737 5.
563 2705 695 2737 malum
732 2705 891 2743 delatum,

157 2750 339 2790 opponitur
353 2749 478 2779 nativo.

197 2792 397 2832 Defervesco.
423 2791 503 2822 Coel.
522 2795 572 2823 18.
589 2802 666 2823 cum
682 2791 889 2831 cupiditates

150 2836 367 2876 deservissent.
390 2835 431 2865 acl
455 2836 531 2866 Div.
555 2836 600 2867 ix.
620 2838 652 2868 2.
675 2836 757 2866 dum
783 2835 890 2876 defer-

144 2882 242 2912 vescit
281 2880 354 2910 haee
383 2879 583 2923 graduatio.
649 2879 668 2898 'i
695 2880 790 2911 Orat.
834 2882 887 2910 30.

686 92 830 119 INDEX
855 91 986 119 LJi'rfN
997 90 1150 120 [TATIS.

942 180 1078 220 quantis
1111 179 1170 210 illa
1202 177 1402 209 clamoribus
1442 177 1588 210 diximus
1628 172 1672 212 du

941 223 1104 265 supplicio
1128 222 1397 263 parricidarum?
1433 231 1506 261 quae
1544 232 1670 263 nequa·

942 277 1044 306 quam
1071 267 1152 298 satis
1174 265 1367 306 deferbuisse
1390 271 1466 305 post
1496 265 1670 306 aliquanto

940 311 1065 340 sentire
1089 311 1260 350 coepinmS.
1284 310 1316 340 h.
1336 320 1365 339 e.
1392 309 1428 339 in
1452 319 1490 340 eo
1513 309 1585 340 loco
1607 319 1670 342 nos

942 354 1043 384 nimis
1067 353 1243 384 indulsisse
1267 354 1403 392 ingenio
1427 357 1463 383 et
1484 353 1595 383 studio
1611 353 1670 392 ju-

940 397 1038 427 venili
1074 397 1273 436 eloquentiae
1310 396 1501 436 ingeniique
1531 396 1671 427 demon-

939 440 1079 477 strandi,
1103 441 1251 480 adeoque
1272 440 1531 471 redundantiam
1561 440 1592 470 ei
1621 438 1671 470 lo-

941 493 979 514 co
997 484 1102 513 inesse
1111 484 1296 524 juvenilem
1309 489 1343 514 et
1358 484 1540 514 lasciviam.

985 526 1119 566 Deficio.
1144 527 1185 557 ad
1199 527 1322 567 Quirit.
1337 538 1371 568 p.
1398 527 1439 558 R.
1467 530 1496 559 1.
1521 530 1561 557 ut
1582 524 1674 567 quod

941 569 1055 600 odium
1071 571 1106 600 in
1118 579 1233 600 omnes
1249 571 1351 601 bonos
1368 574 1568 611 conceptum
1580 571 1670 610 jam-

942 613 998 643 diu
1022 613 1252 652 continebant,
1274 615 1308 644 id
1323 615 1358 644 in
1382 625 1436 644 me
1459 624 1527 645 uno
1543 614 1669 656 potius,

941 666 1041 695 quam
1058 657 1093 686 in
1113 658 1266 687 universa
1280 658 1413 688 civitate
1428 658 1590 698 deficeret,
1605 657 1627 688 i.
1639 667 1671 689 e.

943 700 1122 737 desineret,
1140 701 1174 730 in
1194 710 1247 730 me
1263 701 1312 730 ita
1326 711 1360 731 se
1375 706 1554 739 exsereret,
1571 705 1610 732 ut
1625 702 1671 732 si·

941 743 1013 774 mul
1029 747 1292 774 consumeretur.
1317 743 1398 774 Har.
1418 745 1518 785 Resp.
1547 748 1596 780 19.
1625 754 1670 777 ne

940 792 1051 827 patres
1080 788 1313 828 principesque
1349 787 1472 818 auxilio
1509 787 1672 824 diminuti

940 832 1147 870 deficiantur.
1191 831 1299 871 Dqfica'
1322 836 1357 861 et
1372 831 1588 872 participium
1614 832 1670 863 de-

928 873 1056 915 scend,
1082 876 1129 905 sic
1152 875 1350 915 simpliciter
1376 875 1453 912 dici,
1480 875 1671 906 docuerunt

939 919 1094 948 Davisius
1111 919 1152 948 ad
1176 919 1296 949 Caesar.
1314 918 1353 948 B.
1371 918 1407 948 C.
1423 919 1469 948 iii.
1485 921 1517 949 4.
1542 923 1578 948 et
1599 919 1671 949 Ou-

920 968 928 977 ¹
940 961 1141 1002 dendorpius
1156 962 1279 992 ibidem
1296 966 1331 991 et
1346 962 1386 992 ad
1395 962 1524 993 Lucan.
1542 962 1575 993 ii.
1593 963 1669 994 560.

939 1014 970 1035 v.
998 1008 1072 1036 335.
1101 1007 1160 1036 &c.
1182 1006 1201 1023 *²
1221 1005 1382 1035 deserere.
1416 1005 1509 1036 Verr.
1540 1005 1588 1036 iii.
1614 1007 1670 1037 46.

941 1048 1108 1079 Leontina
1123 1049 1238 1079 civitas
1250 1059 1304 1079 me
1319 1047 1444 1089 defecit.
1461 1049 1555 1080 Verr.
1567 1049 1602 1081 ii.
1614 1052 1669 1081 31.

941 1092 1047 1122 latera
1063 1097 1098 1122 et
1111 1102 1173 1122 vox
1190 1102 1243 1122 me
1258 1087 1423 1132 deficiunt.

983 1136 1142 1176 Deficcus.
1166 1135 1228 1166 hoe
1251 1136 1352 1166 estin
1377 1136 1451 1167 edd.
1468 1136 1668 1176 quibusdam

940 1179 981 1209 ad
1001 1180 1072 1210 Att.
1088 1180 1156 1210 xiii.
1172 1181 1226 1211 23.
1250 1179 1326 1209 libri
1343 1179 1385 1209 ad
1397 1179 1582 1210 Varronem
1598 1190 1668 1212 non

938 1224 1170 1253 morabuntur.
1208 1222 1295 1253 Sunt
1310 1223 1400 1253 enim
1422 1224 1540 1264 defleti,
1560 1230 1602 1254 ut
1621 1224 1671 1255 vi·

940 1266 1037 1297 disti:
1063 1271 1200 1297 tantuin
1227 1266 1438 1298 librariorum
1465 1267 1587 1298 menda
1600 1267 1668 1298 tol-

939 1309 1067 1341 luntur.
1091 1310 1156 1340 Sed
1167 1321 1197 1340 v.
1213 1315 1328 1340 notam
1344 1315 1493 1341 nostram
1510 1310 1552 1341 ad
1565 1311 1598 1341 h.
1614 1311 1638 1343 l.

983 1353 1113 1394 Defigo.
1131 1355 1212 1394 Leg.
1238 1354 1272 1383 ii.
1290 1356 1320 1385 8.
1345 1358 1429 1384 extr.
1453 1364 1592 1394 quaeque
1609 1364 1669 1386 au-

938 1407 1001 1436 gur
1017 1398 1153 1438 injusta,
1176 1397 1319 1436 nefasta,
1334 1398 1466 1435 vitiosa,
1492 1397 1564 1429 dira
1590 1397 1670 1438 defi-

936 1443 1035 1479 avril,
1053 1442 1148 1471 irrita
1177 1441 1367 1480 infectaque
1397 1445 1508 1476 sunto.
1553 1441 1670 1482 Defigi

939 1485 1224 1515 incantationibus
1247 1489 1281 1514 et
1307 1485 1477 1516 veneficiis
1507 1484 1669 1517 dicuntur

938 1527 1104 1565 homines,
1129 1539 1205 1558 cum
1226 1528 1265 1558 iis
1290 1529 1336 1558 vis
1352 1529 1494 1558 coeundi
1518 1539 1597 1559 cum
1619 1528 1671 1560 fe-

940 1573 1030 1601 mina
1054 1571 1217 1609 aufertur,
1234 1576 1273 1601 ut
1289 1571 1416 1602 dudum
1433 1572 1576 1602 docuere
1604 1573 1667 1604 viri

939 1615 1040 1645 docti.
1058 1616 1122 1645 vid.
1140 1615 1246 1645 Graev.
1264 1615 1306 1645 ad
1322 1616 1359 1646 C.
1376 1615 1486 1646 Rabir.
1502 1619 1552 1646 10.
1576 1616 1668 1647 Hinc

939 1668 1080 1698 augures
1097 1669 1227 1698 quoque
1241 1659 1400 1689 dicuntur
1411 1658 1536 1698 aliquid
1547 1659 1668 1700 defige-

937 1712 986 1739 re,
1016 1703 1094 1740 quia
1122 1703 1289 1742 defigendo
1317 1707 1521 1742 potestatem
1548 1703 1670 1742 agendi

939 1746 1109 1776 auferunt.
1155 1746 1304 1775 Pertinet
1335 1746 1400 1776 huc
1434 1746 1526 1776 locus
1550 1747 1668 1777 Senec.

938 1789 1055 1819 Benef.
1072 1790 1114 1819 xi.
1133 1792 1186 1821 35.
1211 1793 1312 1829 caput
1338 1789 1410 1819 dira
1425 1790 1667 1830 imprecatione

939 1832 1067 1872 defigis.
1112 1832 1263 1863 Malebat
1292 1837 1409 1863 tamen
1439 1833 1572 1873 Lipsius
1604 1834 1669 1875 Ep.

938 1877 1003 1916 Qu.
1030 1878 1075 1906 iv.
1104 1879 1152 1907 ll.
1169 1877 1301 1913 dixerit,
1317 1877 1486 1915 Davisius,
1499 1877 1641 1908 edixerit
1657 1889 1669 1917 ;

939 1928 1062 1960 praeter
1085 1929 1170 1957 rem,
1196 1924 1236 1950 ut
1258 1920 1339 1950 mihi
1368 1920 1502 1959 quidem
1525 1921 1670 1952 videtur.

938 1964 1087 2004 defixerit
1101 1963 1252 1993 defendit
1262 1963 1400 1994 Salmas.
1416 1963 1458 1994 ad
1473 1963 1575 1996 Solin.
1591 1975 1668 2005 pag.

939 2009 1014 2041 766.
1024 2007 1079 2037 ubi
1096 2007 1192 2047 plura
1206 2006 1245 2037 de
1261 2007 1325 2037 hoc
1335 2007 1443 2038 verbo.
1461 2007 1536 2038 add.
1549 2008 1668 2040 Heins.

940 2050 982 2080 ad
998 2050 1094 2081 Ovid.
1110 2050 1247 2081 Heroid.
1263 2051 1295 2088 6,
1307 2054 1360 2085 91.
1384 2050 1497 2082 Amor.
1507 2051 1554 2082 iii.
1569 2054 1668 2090 7,·29.

940 2094 958 2112 ²¹⁵
975 2105 1034 2134 pro
1051 2095 1189 2133 refigere
1206 2094 1248 2124 ad
1263 2095 1338 2125 Div.
1354 2094 1408 2124 vii.
1431 2096 1484 2129 29.
1508 2105 1573 2134 quo
1587 2095 1670 2126 faci-

940 2137 1084 2168 lius—te
1102 2138 1143 2167 ad
1159 2146 1217 2168 ver
1232 2137 1356 2176 videre,
1372 2140 1408 2167 et
1422 2142 1536 2168 nostra
1549 2139 1669 2180 ἀρήξε-

937 2192 974 2211 re
1005 2182 1245 2222 deportareque
1273 2185 1351 2211 tuto
1376 2182 1551 2221 possimus.
1603 2183 1669 2214 Sed

940 2225 1075 2264 quidam
1098 2225 1170 2255 Viri
1197 2225 1286 2254 docti
1307 2224 1369 2254 hoc
1392 2225 1501 2265 ipsum
1528 2226 1669 2266 refigere

939 2279 999 2309 pro
1022 2268 1163 2308 (Icfigere
1189 2268 1305 2308 reponi
1329 2267 1459 2300 volunt.
1481 2269 1620 2301 *Flam
1638 2273 1667 2301 1.

939 2323 1033 2352 spi-m
1057 2313 1261 2351 reliquorum
1277 2312 1312 2341 in
1328 2316 1440 2342 vestra
1455 2316 1668 2353 potestate—-

936 2356 1079 2396 defleam
1094 2355 1231 2396 putetis.
1266 2355 1367 2386 Dom.
1384 2359 1437 2390 39.
1462 2355 1584 2386 doloris
1600 2357 1667 2388 mei

937 2400 1082 2440 defixum
1096 2399 1257 2430 indicium
1272 2398 1315 2429 ad
1329 2400 1536 2430 memoriam.

980 2444 1145 2483 Desinit-e,
1184 2442 1292 2472 finire.
1330 2443 1388 2473 Or.
1426 2445 1475 2477 19.
1513 2443 1670 2475 similiter

936 2489 1088 2517 extrema
1100 2486 1271 2525 dfiniunt.
1287 2485 1328 2515 cf.
1344 2485 1438 2516 Verr.
1454 2486 1497 2516 iv.
1513 2489 1564 2519 52.
1579 2487 1599 2506 ²*
1611 2487 1669 2517 de-

936 2530 1038 2568 ligere
1060 2535 1095 2560 et
1121 2530 1299 2560 destinare.
1323 2529 1409 2559 Phil.
1430 2529 1498 2560 viii.
1522 2533 1553 2561 3.
1577 2531 1666 2562 aedes

934 2575 996 2604 sibi
1011 2575 1167 2614 optimas,
1183 2571 1521 2611 hortos,Tusculana‚
1537 2573 1668 2605 Albana

934 2618 1104 2657 deliniant.
1125 2617 1144 2635 ³*
1159 2615 1453 2656 comprehendere,
1476 2617 1668 2657 complecti.

935 2662 1001 2691 Off.
1014 2662 1059 2691 iii.
1074 2663 1126 2695 ⁶29.
1142 2669 1221 2690 nam
1237 2660 1346 2699 pirata
1360 2669 1428 2689 non
1445 2664 1495 2690 est
1512 2660 1668 2700 perduel-

934 2704 1016 2734 lium
1040 2713 1181 2734 numero
1203 2703 1366 2744 definitus,
1393 2703 1452 2733 sed
1475 2705 1672 2738 communis,

933 2748 1038 2777 hostis
1068 2748 1232 2778 omnium.
1286 2746 1410 2777 *Verr.
1437 2746 1485 2777 iii.
1510 2750 1563 2782 91.
1605 2757 1668 2779 cur

931 2791 1011 2821 huic
1024 2791 1192 2831 praecipua
1207 2789 1261 2820 lex
1285 2790 1419 2828 injuriae
1442 2790 1618 2831 affinitur.-
1643 2791 1667 2822 i.

932 2845 961 2865 e.
985 2834 1214 2864 constituitur.
1237 2836 1258 2855 ²*
1274 2834 1331 2865 Or.
1355 2833 1404 2864 iii.
1421 2836 1452 2864 3.
1481 2834 1589 2865 oratio
1616 2835 1666 2865 eis

929 2878 1103 2919 definietur
1119 2877 1213 2909 viris:
1238 2877 1273 2910 h.
1294 2887 1325 2908 e.
1351 2877 1375 2909 ii
1395 2880 1539 2911 tantum
1562 2877 1664 2913 indu:-
