1790 3219
130 69 215 118 470

138 173 212 202 erat
226 169 308 208 lata,
321 173 445 200 vastato
459 171 494 199 et
508 167 626 199 relicto
638 168 727 199 foro:
752 167 882 209 expulsi

142 217 240 244 erant
268 214 359 245 enim
386 213 416 242 vi
440 222 617 252 operarum
645 211 882 243 Clodianarum

144 257 277 289 honesti
287 257 387 293 cives,
398 266 438 286 ne
449 255 557 296 legem
567 256 780 296 impedirent.
789 255 808 274 ²*
817 255 884 286 Va-

144 303 230 332 scari
249 301 350 330 etiam
368 300 540 337 dicuntur,
557 309 631 339 quae
645 299 780 330 horrida
795 299 884 328 fiunt

147 344 291 376 incultu.
322 344 402 374 Nat.
423 343 467 374 D.
484 343 517 373 ii.
535 346 587 377 39.
617 352 685 373 non
708 343 885 382 patiuntur

145 392 271 420 terram
287 387 441 428 stirpium
457 387 635 427 asperitate
650 387 794 417 vastari.-
813 395 884 415 ver-

148 431 298 462 wildern.
321 431 451 462 Nonius
467 431 501 461 in
518 430 581 461 hoe
598 430 669 460 loco
687 429 767 468 legit
782 433 884 459 vaste-

146 485 243 507 scere.
268 474 356 515 quod
372 475 489 514 probat
503 474 687 508 Lambinus
703 477 841 502 temere.

193 518 298 550 Vaste.
330 519 423 548 Orat.
450 518 497 548 iii.
516 519 564 548 12.
594 526 634 546 ex
650 525 716 555 quo
731 514 777 544 sic
793 514 884 544 locu-

148 566 224 594 tum
242 571 312 594 esse
329 562 400 601 ejus
417 566 544 601 patrem
556 560 685 598 judico,
702 567 769 588 non
784 562 883 594 vaste,

148 606 251 642 -‚-sed
273 615 395 646 presse.
425 604 522 634 Vaste
547 609 597 632 est
623 602 723 632 nimis
747 600 884 631 diducto

148 660 218 686 ore,
236 650 360 680 rustico
377 658 481 684 more,
498 656 623 686 aspere.
640 646 681 676 ef.
698 654 819 686 presse.

194 693 348 724 Vastitas.
379 692 443 721 Pis.
459 693 512 722 33.
539 690 669 720 efficere
684 690 882 725 vastitatem,

145 737 270 768 dicitur
292 735 439 771 morbus,
459 744 500 764 ex
523 743 589 773 quo
612 733 711 764 multi
736 732 884 763 moriun-

146 784 213 811 tur.

192 824 322 854 Vastus.
346 831 454 861 asper,
470 821 584 851 durus.
610 820 705 851 Orat.
721 821 774 850 45.
801 829 881 858 quo-

147 867 245 899 modo
267 867 356 896 enim
381 870 491 895 vester
513 863 613 894 axilla
628 863 680 892 ala
694 862 803 893 factus
817 867 880 900 est,

145 912 209 942 nisi
233 910 313 950 fuga
327 909 431 939 literae
449 909 596 938 vastioris
610 907 626 936 ?
651 906 694 936 ib.
711 906 732 936 i.
754 909 806 938 25.
834 906 882 935 ita

144 953 239 984 vultu
250 956 411 992 motuque
423 952 569 991 corporis
580 951 663 980 vasti
675 952 774 989 atque
787 959 881 989 agre-

142 1000 220 1028 stes.
234 996 298 1027 vid.
312 996 385 1026 Alb.
397 995 570 1026 Rubenius
586 993 628 1024 ad
643 993 715 1024 Liv.
727 993 812 1023 xxiv.
826 995 879 1024 48.

188 1041 383 1076 Vaticinari‚
400 1038 553 1076 delirare,
570 1037 726 1070 insanire.
746 1036 787 1067 ad
803 1037 879 1067 Div.
898 1066 902 1071 ,

141 1085 175 1116 ii.
198 1086 246 1115 16.
270 1083 328 1114 sed
342 1093 405 1123 ego
419 1081 559 1112 fortasse
574 1081 745 1118 vaticinor,
762 1085 795 1110 et
807 1080 879 1110 haec

140 1129 255 1159 onmia
277 1127 430 1158 meliores
453 1125 625 1161 habebunt
640 1124 759 1154 exitus.
788 1124 879 1154 Sext.

143 1175 193 1203 10.
224 1172 281 1211 qui
303 1171 376 1201 haec
398 1170 560 1207 dicerent,
579 1168 755 1203 vaticinati
778 1172 879 1207 atque

142 1216 288 1247 insanire
305 1214 472 1249 dicebant.

189 1259 264 1296 Ubi,
280 1268 340 1299 pro
366 1268 385 1288 a
401 1267 478 1297 quo.
508 1255 616 1290 Flacc.
640 1257 692 1286 20.
716 1255 771 1285 ubi
794 1253 880 1285 nihil

139 1305 276 1343 possent
303 1302 440 1332 discere.
470 1300 527 1331 Or.
559 1299 593 1329 ii.
622 1301 672 1329 14.
702 1299 756 1328 ubi
784 1304 878 1335 sunt,

137 1347 196 1386 qui
218 1345 404 1376 Antonium
421 1344 533 1374 Graece
554 1346 681 1382 negant
697 1342 794 1381 scire,
811 1342 833 1372 i.
848 1351 877 1372 e.

137 1392 265 1427 errant,
281 1389 338 1428 qui
355 1392 499 1427 negant:
520 1386 704 1426 eleganter.

181 1433 344 1471 Vectigal,
377 1431 507 1471 proprie
537 1435 590 1460 est
620 1428 776 1469 pecunia,
802 1438 876 1468 quae

137 1487 196 1518 pro
211 1479 349 1506 vectura
363 1474 522 1505 solvenda
538 1478 609 1504 est:
633 1472 692 1503 sed
707 1472 825 1503 deinde
841 1473 875 1502 in

137 1529 260 1560 genere
284 1519 412 1550 dictum
435 1522 488 1548 est
508 1526 568 1557 pro
583 1517 676 1547 omni
691 1515 800 1546 reditu
816 1526 877 1556 pu-

133 1563 223 1594 blico
246 1573 264 1593 e
281 1562 445 1599 decumis,
461 1561 640 1600 scriptura,
659 1566 693 1590 et
708 1561 874 1599 portori03

136 1607 178 1637 de
195 1607 314 1647 quibus
330 1607 397 1637 suis
411 1605 492 1636 locis
515 1605 643 1634 dictum
661 1608 722 1634 est.
754 1603 806 1633 De
822 1613 876 1632 ve-

136 1650 314 1691 ctigalibus
332 1649 445 1690 populi
461 1648 558 1679 Rom.
574 1651 666 1677 extat
682 1646 801 1691 doctus
813 1646 875 1676 cel.

135 1694 173 1725 P.
196 1694 383 1725 Burmanni
406 1693 501 1730 liber,
526 1691 565 1722 de
589 1690 652 1721 hoc
675 1694 876 1730 argumento

139 1737 374 1768 consulendus
397 1736 498 1767 Attic.
514 1745 545 1764 v.
561 1736 614 1766 21.
638 1735 779 1773 vectigal
794 1743 876 1774 prae-

135 1782 275 1821 torium,
303 1783 354 1811 est
379 1780 536 1821 pecunia,
561 1788 662 1817 quam
691 1778 876 1817 provincia-

137 1835 213 1856 rum
237 1825 388 1855 civitates
412 1823 490 1853 dare
514 1822 647 1863 praetori
667 1821 790 1858 solent,
806 1826 841 1852 et
857 1830 877 1850 a

136 1869 347 1910 praetoribus‚
357 1866 447 1898 salva
461 1866 534 1906 lege
550 1866 589 1896 de
606 1865 812 1905 repetundis,
823 1875 876 1894 ae-

136 1913 203 1953 cipi
219 1915 340 1953 potest.
363 1911 440 1951 Quo
455 1909 590 1940 nomine
609 1913 722 1939 autem
740 1918 876 1949 accepe-

136 1957 206 1988 rint
231 1955 390 1991 Praetores
406 1964 480 1985 eam
504 1953 694 1993 pecuniam,
710 1952 750 1982 de
773 1962 812 1982 eo
829 1952 876 1982 sic

138 2003 296 2031 statuunt
309 1999 367 2029 viri
381 1998 484 2034 docti,
497 2000 537 2026 ut
552 1996 679 2033 dicant,
692 1996 877 2036 provincia-

138 2043 185 2073 les
195 2043 281 2073 hanc
290 2042 466 2083 pecuniam
477 2039 803 2080 praetoridedisse,ne
814 2039 876 2069 mi-

137 2086 213 2118 lites
237 2087 272 2116 in
295 2085 434 2116 hiberna
448 2084 594 2124 recipere
618 2086 828 2122 cogerentur.
845 2093 875 2112 v.

140 2130 224 2160 Intt.
237 2129 319 2160 adh.
333 2128 355 2160 l.
368 2133 403 2158 et
416 2129 532 2162 Burm.
549 2127 570 2157 l.
587 2137 615 2156 c.
632 2136 661 2157 c.
681 2129 729 2157 12.
752 2137 784 2166 p.
801 2128 876 2157 21⁶2.

140 2173 197 2213 qui
220 2173 283 2203 hoc
305 2182 389 2202 onus
404 2175 520 2212 postea
543 2170 809 2211 Epidemeticum
828 2170 876 2201 di-

139 2221 245 2254 ctum,
259 2226 277 2246 e
296 2216 415 2250 Codice
430 2214 609 2245 Justiniani
628 2213 734 2244 docet.
754 2213 876 2251 Locus,

140 2260 181 2291 ad
196 2270 296 2301 quem
320 2259 467 2300 respicit,
482 2262 533 2288 est
554 2257 577 2288 l.
594 2257 650 2287 xii.
665 2257 720 2288 tit.
737 2260 790 2288 40.
819 2258 876 2288 ubi

140 2303 300 2334 videndus
321 2307 374 2336 est
396 2302 565 2341 Cujacius,
581 2301 637 2341 qui
661 2301 732 2331 haec
755 2299 877 2341 Epide-

141 2348 265 2382 metica
286 2347 370 2378 Nov.
394 2348 465 2381 129.
492 2348 563 2376 134.
587 2351 622 2375 et
638 2344 760 2374 ultima
774 2345 829 2375 tit.
845 2355 874 2376 c.

141 2390 214 2431 lege
237 2391 394 2430 abrogata
416 2389 524 2419 docet.
564 2388 635 2428 Ego
658 2393 772 2418 autem
796 2388 875 2419 locis

140 2439 290 2464 veterum
321 2437 496 2465 auctorum
532 2431 688 2462 inductus
720 2432 875 2470 arbitror,

141 2487 208 2508 non
231 2477 338 2507 solum
362 2477 513 2514 hiberna,
529 2475 587 2507 sed
608 2476 711 2506 etiam
728 2475 809 2506 alias
823 2485 875 2506 res

138 2521 282 2561 pecunia
303 2520 466 2551 redemtas
490 2529 574 2557 esse,
590 2523 625 2549 et
640 2519 755 2559 gratiae
776 2529 876 2550 causa

137 2563 212 2604 plus
236 2563 351 2594 datum
375 2563 539 2604 pecuniae,
557 2572 657 2602 quam
675 2572 808 2593 necesse
824 2573 875 2593 es-

137 2611 201 2638 set.
246 2606 375 2647 Nempe
397 2606 628 2647 provinciales,
648 2606 800 2646 inprimis
822 2616 874 2641 re-

138 2650 310 2687 motiores,
322 2655 361 2680 ut
372 2655 516 2681 vecturae
529 2649 681 2680 molestia
694 2650 873 2681 liberaren-

135 2700 207 2731 tur,
223 2694 431 2724 redimebant
454 2693 662 2724 frumentum
686 2694 721 2723 in
739 2693 871 2732 cellam,

136 2737 226 2776 quod
238 2737 314 2767 inde
326 2737 531 2767 aestimatum
542 2737 724 2768 dicebatur.
737 2747 766 2766 v.
779 2737 872 2768 Verr.

133 2782 180 2811 iii.
198 2783 250 2812 81.
280 2790 328 2819 sq.
352 2779 439 2810 conf.
463 2781 499 2810 in
522 2781 630 2811 Pison.
647 2783 699 2811 35.
733 2780 774 2811 In
791 2781 872 2812 Cod.

131 2824 258 2855 Theod.
281 2825 406 2854 aerariae
430 2833 590 2853 annonae:
619 2834 647 2854 v.
672 2823 779 2854 Gloss.
803 2824 873 2856 No-

130 2869 208 2899 mic.
233 2867 384 2906 Gothofr.
409 2867 541 2899 Deinde
570 2868 805 2908 provinciales,
832 2874 873 2900 ut

647 76 728 109 mn
735 77 793 107 Ex
823 77 1121 107 LATINlTATlS.

925 170 1043 199 auctor
1064 170 1118 198 est
1140 167 1256 198 Cicero
1279 166 1321 199 ad
1341 165 1412 198 Att.
1434 175 1465 196 v.
1483 167 1532 198 16.
1562 165 1664 197 debe-

924 211 1008 242 bant
1032 211 1109 242 dare
1135 211 1277 248 soenum,
1299 211 1392 250 ligna
1416 214 1451 240 et
1473 209 1596 241 similia
1617 208 1660 240 ad

924 256 1170 286 necessitatem.
1202 255 1266 285 Pro
1292 255 1356 292 his,
1380 252 1491 291 cred0,
1514 254 1616 284 etiam
1639 263 1662 283 a

925 298 1110 336 nonnullis,
1128 298 1361 329 remotioribus
1383 297 1418 326 in
1441 297 1557 337 primis
1580 296 1661 338 civi-

924 341 1065 378 tatibus,
1082 342 1224 382 pecunia
1239 342 1389 372 dabatur.
1414 339 1562 371 Fuerunt
1576 339 1661 370 forte

925 385 1027 414 etiam
1042 389 1118 415 tum
1134 385 1200 416 alia
1215 386 1285 425 ejus
1302 383 1450 425 generis:
1476 393 1555 414 nam
1568 387 1663 423 post-

926 437 967 457 ea
988 427 1089 458 fuisse
1112 439 1130 458 e
1155 428 1267 459 Codic.
1288 426 1453 460 Theodos.
1476 426 1497 456 l.
1513 427 1568 456 vii.
1590 434 1662 456 non

925 480 994 500 uno
1008 470 1108 501 titulo
1124 476 1159 501 et
1176 471 1256 503 Cod.
1280 472 1406 503 Justin.
1430 470 1452 500 l.
1469 470 1525 500 xii.
1537 470 1591 500 tit.
1606 472 1660 504 37.

926 523 996 552 sqq.
1011 514 1224 554 intelligitur.
1240 516 1416 556 Optimum
1432 514 1546 552 fuerit,
1562 512 1663 543 intel-

926 556 1028 596 ligere
1052 562 1198 595 sumtus,
1220 569 1301 597 quos
1325 559 1360 589 in
1384 558 1514 588 cultum
1539 561 1659 598 praeto-

926 610 1002 630 rum
1017 600 1121 630 factos
1138 601 1186 632 ait
1200 601 1271 632 Liv.
1287 603 1452 636 xxxii.27.
1475 600 1515 631 de
1532 600 1579 631 M.
1596 600 1662 630 Ca-

923 648 1019 681 1ῒοῐιθ,
1042 644 1201 674 Sardiniae
1226 646 1388 675 Praetore:
1412 650 1558 681 sumtuS,
1577 652 1660 683 quos

926 687 961 717 in
985 688 1115 718 cultum
1139 694 1321 728 praetorum
1344 688 1452 718 facere
1474 688 1555 718 socii
1571 686 1662 718 soliti

925 736 1034 768 erant,
1051 732 1236 762 circumcisi
1249 739 1309 762 aut
1323 731 1458 761 sublati.
1474 731 1591 761 *Huic
1607 739 1663 760 ve-

926 775 1040 814 ctigali
1063 775 1171 806 simile
1194 776 1261 806 fuit
1282 776 1423 814 vectigal
1440 773 1658 804 aedificiorum

925 817 967 848 ad
987 819 1028 858 Ω.
1046 819 1097 849 Fr.
1116 820 1136 849 i.
1156 823 1183 849 l.
1200 829 1229 850 e.
1253 823 1284 853 9.
1314 818 1403 857 quod
1419 819 1493 856 jam
1518 817 1662 847 breviter

924 861 1101 892 definitum
1115 868 1165 892 est
1177 873 1277 903 supra
1288 863 1323 892 in
1334 861 1507 893 aedilicius.
1530 860 1596 891 Sed
1610 860 1663 890 usi
1689 867 1692 870 ⁴

923 914 1039 936 sumus
1070 906 1230 937 vocabulo
1261 906 1430 946 pecuniae:
1470 903 1664 935 auctoribus

923 949 1000 979 viris
1025 949 1236 987 doctissimis,
1253 950 1408 981 Manutio
1432 948 1473 978 ad
1497 948 1519 979 l.
1542 958 1570 978 c.
1592 947 1662 977 Bu-

923 991 1070 1031 lengero,
1082 993 1252 1031 Turnebo,
1265 993 1338 1023 aliis
1351 1006 1357 1023 :
1375 992 1463 1032 quod
1476 994 1578 1031 negat
1589 989 1660 1023 Cel.

921 1035 1137 1066 Burmannus
1154 1036 1176 1066 l.
1188 1047 1216 1066 c.
1232 1041 1362 1066 rectum
1379 1046 1463 1073 esse,
1477 1044 1584 1074 neque
1601 1034 1662 1064 hos

922 1083 1011 1109 recte
1035 1085 1186 1110 veterum
1210 1080 1358 1110 aedilium
1382 1089 1490 1109 mores
1510 1077 1660 1109 conside-

921 1133 1023 1160 rasse,
1042 1124 1097 1163 qui
1120 1125 1228 1164 primo
1256 1124 1362 1163 (Verr.
1385 1123 1428 1153 iv.
1445 1120 1492 1162 3.)
1513 1131 1662 1152 commo-

922 1165 1000 1201 dato
1024 1168 1214 1206 acceperint
1240 1171 1441 1198 ornamenta
1462 1165 1617 1196 ludorum
1640 1174 1662 1196 a

922 1210 1192 1250 provincialibus,
1205 1211 1325 1241 deinde
1338 1210 1461 1240 donare
1476 1219 1541 1247 res,
1553 1214 1588 1238 et
1602 1209 1661 1239 be-

920 1254 999 1286 stias
1013 1255 1125 1284 venari
1137 1254 1179 1284 ad
1187 1253 1380 1294 spectacula
1388 1254 1567 1293 coegerint.
1577 1252 1659 1283 Loci

922 1297 1090 1328 Ciceronis
1113 1297 1154 1328 ad
1177 1298 1254 1328 Div.
1273 1298 1307 1328 ii.
1330 1300 1378 1328 ll.
1402 1298 1469 1328 viii.
1485 1301 1517 1331 9⁶.
1541 1296 1610 1326 Att.
1628 1305 1660 1327 v.

918 1340 982 1371 ult.
1006 1341 1047 1371 vi.
1068 1344 1095 1372 l.
1118 1351 1199 1381 quos
1222 1342 1320 1372 affert
1334 1341 1369 1372 in
1384 1341 1472 1376 hanc
1487 1350 1572 1378 rem,
1587 1349 1660 1375 om·

920 1394 977 1415 nes
1001 1388 1082 1415 sunt
1105 1384 1145 1415 de
1168 1385 1296 1423 bestiis,
1313 1385 1507 1425 pantheris;
1530 1384 1588 1417 sed
1603 1393 1660 1414 eas

920 1437 986 1458 non
996 1428 1182 1468 imperabat
1191 1429 1368 1469 provinciae
1381 1428 1572 1458 civitatibus
1585 1427 1660 1458 Coe-

919 1471 983 1502 lius
1007 1472 1125 1510 aedilis,
1147 1473 1204 1503 sed
1228 1473 1425 1503 Ciceronem
1449 1472 1599 1511 rogabat,
1619 1475 1661 1502 ut

918 1515 980 1546 sibi
996 1516 1160 1553 mitteret,
1176 1516 1262 1555 quod
1286 1516 1428 1555 putabat
1442 1516 1594 1546 civitates
1610 1515 1660 1546 fa-

919 1558 980 1589 cile
1004 1563 1193 1596 venaturas,
1209 1561 1236 1590 si
1260 1559 1504 1591 intellexissent
1528 1559 1660 1590 Cicero-

919 1603 953 1632 ni
977 1606 1111 1642 gratum
1135 1613 1170 1633 se
1196 1603 1353 1634 facturas.
1398 1603 1516 1642 Neque
1539 1607 1658 1633 tamen

918 1645 981 1676 hoc
1004 1646 1132 1677 factum
1156 1654 1271 1686 postea
1287 1657 1428 1686 negem3
1453 1656 1659 1685 quamquam

918 1699 1019 1730 saepe,
1037 1691 1071 1720 in
1094 1691 1209 1730 primis
1231 1691 1266 1720 in
1283 1690 1474 1730 Symmachi
1496 1690 1659 1730 epistolis,

917 1732 1070 1772 legerim,
1086 1734 1209 1764 bestias
1234 1734 1497 1773 magistratibus,
1513 1732 1661 1764 homini-

918 1778 978 1807 bus
994 1778 1143 1817 privatis,
1156 1787 1175 1807 a
1190 1778 1393 1816 civitatibus,
1406 1787 1476 1808 esse
1489 1783 1547 1807 aut
1559 1786 1660 1817 spon-

917 1824 964 1858 te,
983 1821 1105 1851 amoris
1128 1826 1163 1851 et
1186 1822 1302 1861 gratiae
1325 1831 1437 1859 causa,
1455 1825 1514 1851 aut
1536 1825 1657 1860 rogatu

918 1864 1026 1901 datas,
1048 1864 1131 1895 nihil
1154 1865 1194 1895 de
1217 1865 1401 1905 imperatis,
1445 1864 1556 1904 Quare
1580 1873 1658 1895 vero

918 1908 958 1938 de
982 1910 1124 1947 pecunia
1140 1909 1314 1939 dubitetur
1329 1919 1348 1939 a
1364 1909 1572 1946 Burmanno,
1588 1917 1658 1944 nou

918 1951 1023 1981 video.
1073 1951 1256 1983 Audiamus
1291 1953 1401 1993 ipsum
1436 1952 1632 1988 Ciceronem
1647 1963 1655 1982 =

918 2005 969 2025 res
998 1995 1063 2026 erit
1091 1996 1255 2027 confecta.
1301 1997 1475 2037 Quantum
1500 2005 1578 2029 vero
1606 1998 1660 2032 est

918 2038 1003 2068 illud
1025 2040 1225 2076 beneficium
1250 2045 1362 2078 tuum,
1380 2040 1469 2079 quod
1490 2039 1606 2078 iniquo
1621 2043 1659 2069 et

919 2083 1010 2122 gravi
1033 2085 1184 2123 vectigali
1203 2083 1436 2122 aediliciorum,
1452 2083 1582 2122 magnis
1597 2091 1658 2117 no-

918 2126 994 2156 stris
1036 2127 1278 2165 simultatibus,
1318 2127 1433 2158 Asiam
1477 2126 1654 2161 liberasti?

918 2170 1101 2209 enimvem,
1113 2171 1140 2201 si
1158 2180 1244 2202 unus
1261 2171 1361 2201 homo
1374 2170 1492 2208 nobilis
1504 2170 1657 2209 queritur

918 2213 1043 2254 palam,
1065 2218 1114 2252 te,
1138 2214 1226 2254 qnod
1251 2215 1404 2252 edixeris,
1429 2224 1471 2246 ne
1494 2213 1536 2244 ad
1559 2213 1654 2244 ludos

919 2258 1071 2297 pecuniae
1081 2257 1341 2288 decernerentur
1354 2257 1476 2299 (intell.
1485 2267 1505 2292 a
1513 2257 1657 2288 civitati-

918 2300 993 2340 bus)
1021 2309 1073 2333 Hs.
1097 2311 1140 2332 cc
1164 2302 1226 2332 sibi
1249 2302 1422 2343 eripuisse,
1439 2304 1565 2341 quanta
1579 2306 1657 2333 tan-.

919 2344 994 2374 dem
1005 2346 1150 2385 pecunia
1162 2345 1374 2386 penderetur,
1387 2345 1413 2376 si
1424 2345 1578 2381 omnium
1595 2353 1656 2375 no-

918 2388 1022 2425 mine,
1034 2390 1237 2429 quicumque
1254 2389 1368 2429 Romae
1379 2388 1474 2419 ludos
1489 2388 1654 2426 facerent,

918 2432 1006 2470 quod
1022 2437 1094 2465 erat
1110 2433 1184 2472 jam
1207 2433 1418 2471 institutum,
1434 2432 1653 2472 erogaretur?

918 2475 1155 2515 perantiquam
1174 2482 1288 2507 autem
1305 2476 1584 2507 consuetudinem
1601 2475 1656 2506 fu-

917 2518 994 2556 isse,
1013 2525 1053 2550 ut
1070 2520 1162 2550 Proc.
1179 2525 1215 2551 et
1237 2520 1459 2561 Propraetores
1482 2529 1503 2550 a
1523 2518 1657 2560 provin-

917 2563 1056 2600 cialibus
1083 2565 1257 2604 exigerent
1279 2565 1456 2604 pecuniam
1480 2562 1523 2593 ad
1545 2561 1655 2601 ludos,

915 2606 1105 2647 frustraque
1128 2617 1215 2648 saepe
1238 2608 1334 2645 SCtis
1353 2607 1546 2645 coercitam,
1561 2610 1657 2646 patet

916 2660 934 2680 e
948 2650 1042 2690 Livio
1055 2651 1099 2688 xl.
1114 2654 1168 2682 44.
1192 2650 1211 2670 ²*
1221 2650 1309 2682 Hinc
1326 2652 1427 2681 etiam
1439 2650 1480 2681 de
1492 2649 1656 2680 reditibus

916 2694 1122 2733 privatorum
1137 2694 1313 2733 hominum
1329 2695 1467 2732 dicitur,
1478 2698 1518 2724 ut
1529 2694 1565 2724 in
1575 2692 1652 2724 illo:

916 2737 1033 2776 Parad.
1050 2739 1093 2769 vi.
1104 2741 1135 2769 3.
1159 2748 1320 2778 magnum
1336 2739 1479 2777 vectigal
1493 2737 1656 2778 parsimoe

916 2782 982 2812 nia.
1008 2781 1087 2812 ibid.
1111 2792 1151 2815 ex
1168 2791 1241 2816 meo
1257 2783 1353 2813 tenui
1371 2783 1536 2822 vectigali.
1552 2780 1595 2811 cf.
1610 2779 1654 2817 ad

914 2824 985 2856 Att.
1002 2826 1059 2856 xii.
1080 2828 1130 2863 19,
1147 2826 1208 2856 διο.

957 2868 1142 2909 Vectigalis,
1152 2879 1169 2900 e
1179 2867 1396 2909 vectigalibus
1407 2867 1552 2902 redacta.
1558 2867 1654 2905 Ver-r.
