1800 3131
160 73 217 112 96

209 171 260 203 M.
277 171 422 211 Drusus,
443 173 491 205 M.
509 173 556 205 fil.
571 175 671 206 Dom.
688 177 741 207 46.
757 176 836 207 trib.
852 176 897 217 pl.

167 219 204 246 et
220 216 386 256 Pontifex,
398 219 438 258 Q.
452 219 616 259 Caepionis
629 220 796 250 inimicus.
813 221 900 251 undc

167 260 344 292 inimicicia·
371 267 460 301 ortoe,
479 262 565 294 docet
594 262 686 294 Pan.
717 273 834 295 xxxin.
868 268 894 295 1.

168 303 242 335 Mil.
258 309 290 339 7.
307 306 355 336 M.
367 306 503 337 Catonis
518 306 684 338 Uticensis
700 308 897 339 avunculus.

167 347 224 379 ΒΓ.
240 352 294 383 49.
311 351 364 381 62.
393 352 515 381 Orator
537 352 645 389 gravis
668 361 744 381 cum
769 352 809 381 de
828 362 896 392 rep.

168 391 305 424 diceret.
337 394 431 424 Offic.
464 394 485 424 i.
511 397 564 425 30.
601 396 759 425 severitas
791 395 824 425 in
856 406 895 425 eo

167 436 378 467 adolescente
391 439 467 468 fuit.
485 448 512 468 υ.
528 440 563 468 ‘In
579 438 628 469 M.
644 438 789 477 Drusus,
808 439 844 469 C.
862 439 895 468 F.

168 479 303 511 Cluent.
330 482 382 513 56.
414 481 562 511 Postum.
594 486 625 516 7.
656 493 724 520 eos,
757 482 813 521 qui
845 492 896 512 res

160 523 374 563 judicarunt,
391 527 518 565 equites,
537 527 683 556 tentavit
704 526 897 564 quaestioni-

168 567 229 598 bus
245 569 439 599 constitutis
456 570 489 598 iu
499 570 667 608 judicium
683 579 812 599 vocare.
838 569 894 599 Eae

166 612 377 652 rejiciuntur.
394 613 467 643 Mil.
483 616 515 646 7.
546 613 688 642 Senatus
705 622 895 653 propugna-

165 659 221 686 tor
237 665 276 688 ac
290 666 385 697 paene
402 662 573 697 patronus.
598 656 656 687 Or.
674 657 721 686 iii.
743 660 768 686 1.
792 657 897 687 refert

165 699 209 729 ad
232 700 392 730 Senatum
423 700 462 730 de
494 700 650 730 conviciis
681 700 720 730 L.
752 700 895 740 Philippi

166 743 326 781 consulis,
358 744 477 783 quibus
516 744 550 773 in
582 745 743 774 concione
775 745 810 774 in
840 744 897 774 Se-

166 791 286 818 natum
318 797 396 817 usus
419 791 503 817 erat.
529 788 588 818 διο.
625 787 725 818 Doni.
756 789 806 819 16.
846 791 895 823 19.

166 830 208 860 de
238 831 388 871 pluribus
420 831 516 861 rebus
549 831 650 861 simul
679 832 764 862 ferre
797 842 896 862 ausus

165 878 218 904 est
241 880 359 905 contra
380 874 489 914 legem
506 875 675 905 Caeciliam
696 880 732 905 et
747 876 896 906 Didiam.

165 917 309 948 Senatus
326 919 490 956 decernit,
509 928 550 948 ne
567 928 614 949 eae
638 918 726 958 leges
750 919 896 950 valeant.

164 970 196 991 v,
222 962 326 1001 Leges
347 961 459 993 Lim'oe.
490 962 602 993 Rabir.
626 962 721 993 Perd.
747 967 778 997 7.
809 963 897 993 Con-

164 1005 291 1036 sulibus
316 1006 409 1036 adest
433 1010 551 1036 contra
573 1006 804 1036 Saturninum.
822 1006 896 1037 Mil.

163 1052 197 1083 7.
228 1049 317 1080 domi
341 1060 410 1080 suae
434 1051 636 1080 interficitur
660 1050 694 1080 in
709 1051 897 1081 tribunatu.

164 1091 246 1124 Nat.
261 1094 305 1124 D.
322 1094 368 1124 iii.
393 1096 446 1125 33.
477 1094 548 1133 ejus
571 1103 746 1134 percussor
766 1094 832 1124 fuit
854 1094 895 1134 Ω.

165 1135 297 1168 Varius.
312 1138 351 1168 de
365 1148 408 1168 eo.
424 1148 455 1168 v.
471 1139 557 1178 z'npr.
576 1137 685 1168 Vellei.
702 1139 735 1168 ii.
756 1141 806 1169 13.
835 1148 881 1178 sq.

208 1179 355 1219 Drusus,
373 1181 414 1211 ad
438 1182 514 1212 Div.
529 1181 598 1212 viii.
624 1185 674 1212 14.
704 1181 805 1212 homo
823 1186 895 1212 tur-

162 1224 262 1265 pibus
278 1225 471 1256 libidinibus
487 1225 634 1264 deditus,
652 1226 758 1265 judex
778 1231 829 1256 est
845 1226 896 1256 in-

163 1274 217 1299 ter
240 1279 312 1300 reos
335 1269 375 1299 de
392 1269 464 1309 lege
481 1270 641 1300 Scatinia.
671 1270 727 1300 Ad
748 1279 821 1300 eum
844 1280 895 1300 re-

147 1311 445 1353 ‚t'ercndasmasse
457 1318 534 1344 sunt
549 1315 647 1344 etiam
663 1315 730 1344 hooc
741 1326 750 1343 .-
774 1313 846 1343 Att.
862 1315 896 1344 ii.

162 1360 194 1391 7.
207 1358 260 1388 ubi
273 1358 478 1388 pisaurensis
486 1362 629 1388 vocatur.
644 1357 686 1387 ad
697 1358 773 1388 Div.
785 1358 829 1387 xi.
845 1361 895 1392 19.

161 1400 235 1432 Att.
255 1402 297 1431 iv.
320 1404 368 1432 15.
390 1402 440 1432 16.
474 1411 493 1431 a
511 1401 673 1431 Cicerone
689 1401 893 1440 defenditur,

161 1450 338 1476 accusatus
355 1455 375 1475 a
389 1444 559 1475 Lucretio.

211 1489 292 1520 Coeso
313 1499 339 1519 s.
363 1488 410 1519 K.
435 1488 597 1526 Duillius,
614 1488 658 1519 ad
678 1489 756 1520 Div.
775 1489 819 1520 ix.
841 1492 894 1521 21.

162 1532 288 1564 Consul
304 1543 336 1563 a.
359 1532 399 1564 U.
416 1541 591 1563 ccccxvu.

210 1577 242 1608 C.
258 1576 419 1615 Duillius,
438 1577 486 1607 M.
503 1577 536 1607 F.
554 1577 613 1607 Or.
633 1578 688 1607 45.
719 1575 845 1606 dicitur
859 1581 894 1607 et

161 1620 317 1652 Duellius
347 1625 382 1651 et
412 1620 550 1651 Bellius.
582 1619 671 1649 Item
701 1619 832 1651 Billius.
863 1631 894 1651 v.

164 1664 368 1696 Ciacconiam
383 1665 429 1694 ad
448 1664 638 1695 Columnam
654 1663 844 1694 Rostratam
865 1669 895 1695 et

159 1707 377 1748 Pighiumad
387 1718 419 1739 a.
437 1708 477 1739 U.
491 1716 680 1738 ccccxclu.
693 1708 827 1738 Senect.
844 1711 896 1739 13.

159 1753 277 1784 Poenos
287 1753 415 1793 primus
427 1752 530 1782 classe
542 1753 634 1782 vicit.
656 1753 691 1782 in
703 1750 893 1783 Planciana

157 1807 186 1827 c.
203 1799 256 1829 25.
280 1801 324 1827 est
341 1797 376 1827 P.
392 1796 558 1827 Duellius.
593 1795 660 1826 Sed
673 1796 752 1835 quia
766 1806 807 1826 ex
821 1807 892 1826 con-

158 1845 244 1873 texto
259 1842 466 1880 intelligitur,
479 1841 518 1870 de
534 1841 590 1869 hoc
603 1839 740 1870 Duellio
752 1850 816 1870 esse
825 1851 892 1871 ser·

158 1894 297 1922 monem,
309 1886 363 1925 qui
379 1886 455 1914 bello
472 1884 599 1914 Punico
614 1884 645 1914 Ι.
658 1884 789 1923 primus
804 1886 890 1915 mari

163 1929 443 1968 Carthaginienses
453 1929 541 1965 vicit,
553 1931 638 1958 reete
649 1928 712 1958 viri
723 1928 805 1958 docti
819 1938 892 1958 cen-

157 1978 306 2010 suerunt,
332 1972 505 2012 legendum
527 1981 591 2002 esse
615 1971 652 2002 C.
675 1971 845 2010 Duellius,
865 1983 891 2003 s.

151 2019 260 2058 potius
275 2016 435 2047 Duillius.

201 2060 309 2092 Duris
331 2061 476 2097 SamiuS,
499 2058 571 2090 Att.
594 2058 639 2090 vi.
665 2061 693 2090 1.
731 2058 832 2090 homo
856 2060 892 2090 in

155 2102 299 2135 historia
321 2104 474 2143 diligens.
499 2102 589 2134 Woea
610 2101 779 2134 Ptolemoez·
794 2102 892 2134 Phil-

155 2149 284 2189 adelphi
304 2148 504 2188 temporibus.
520 2146 576 2178 De
590 2145 660 2188 ejus
679 2148 804 2187 scriptis
819 2157 892 2178 con-

154 2194 224 2224 sule
240 2191 325 2223 Voss.
340 2192 380 2223 de
396 2191 485 2223 Hist.
507 2191 568 2222 Gr.
584 2191 607 2221 i.
626 2193 676 2222 15.
698 2201 792 2232 quem
808 2201 891 2222 com-

149 2237 270 2277 pilavit
296 2235 496 2267 Harduinus
517 2237 552 2265 z'n
575 2235 682 2266 Indic.
697 2236 794 2266 Auct.
818 2235 892 2267 Pli-

155 2282 247 2311 nian.
264 2280 340 2310 add.
357 2279 491 2311 Diodor.
509 2279 545 2309 S.
561 2289 661 2320 xv.p.
679 2281 753 2314 373.
770 2282 845 2314 374.

205 2324 238 2355 C.
254 2323 437 2361 Duronius,
453 2323 526 2353 Att.
542 2333 572 2353 v.
589 2326 620 2354 8.

199 2367 250 2399 M
273 2366 456 2406 Duronius,
479 2368 537 2398 Or.
563 2368 598 2397 ii.
625 2367 678 2398 68.
717 2372 893 2397 accusator

156 2411 312 2443 Censoris
335 2412 384 2442 M.
407 2411 547 2442 Antonii
565 2410 662 2441 Orat.
685 2409 726 2440 de
747 2411 891 2442 ambitu.

152 2454 225 2488 Hic
239 2455 410 2489 Duronius
418 2460 490 2496 post
505 2466 527 2485 a
549 2455 679 2486 Censore
689 2454 738 2485 M.
754 2455 892 2486 Antonio

152 2504 185 2530 et
200 2500 323 2539 collega
338 2498 381 2530 L.
393 2500 507 2531 Flacco
522 2499 561 2529 de
576 2498 703 2529 Senatu
714 2503 818 2529 motus
833 2504 890 2537 est,

153 2544 238 2590 quod
261 2545 297 2574 in
325 2545 495 2574 tribunatu
519 2545 629 2582 legum
655 2543 695 2573 de
716 2543 892 2574 coercendis

152 2589 367 2618 conviviorum
379 2588 535 2618 sumtibus
546 2588 651 2618 latam
665 2587 892 2626 abrogaverat.

152 2641 184 2662 v.
201 2629 312 2662 Vater.
329 2630 379 2662 M.
396 2632 430 2661 ii.
445 2635 477 2666 9.
496 2634 527 2661 5.

197 2674 468 2714 Dyrrhachium,
483 2673 578 2705 Verr.
595 2674 642 2706 iii.
659 2674 712 2706 56.
733 2675 889 2716 princeps

154 2716 469 2760 Centuripinorum.

500 2786 540 2817 E.

197 2844 407 2885 Echecrates,
425 2846 496 2878 Fin.
512 2856 542 2878 v.
561 2849 615 2883 29.
646 2846 890 2888 Pythagoreus,

149 2885 340 2930 Locrensis,
348 2890 495 2924 Platonis
512 2891 660 2933 aequalis.
677 2891 774 2926 Eum
788 2894 889 2926 etiam

686 84 836 114 INDEX
865 85 1147 115 flls'romctJS.

941 176 1159 215 Jamblichus,
1174 177 1312 217 aliosque
1326 176 1403 208 duos
1418 175 1559 218 ejusdem
1573 171 1676 210 nomi*-

943 222 1004 258 nis,
1030 226 1256 252 commemorat
1286 224 1373 252 inter
1399 220 1622 262 Pythagoreos
1646 233 1676 255 c.

940 267 1000 295 ule.
1020 264 1089 294 Vtt.
1108 265 1210 304 Pyth.
1228 269 1257 295 ee
1274 265 1388 297 Laert.
1406 265 1473 295 viii.
1489 268 1543 297 48.

985 307 1125 345 Echion,
1158 309 1276 349 pictor.
1306 309 1422 339 Parad.
1452 318 1483 339 v.
1514 312 1545 340 2.
1585 308 1676 352 Ejus

941 353 1058 382 mentio
1077 357 1123 383 esc
1143 353 1242 382 etiam
1256 354 1290 382 in
1306 352 1424 383 Bruto.
1439 354 1473 382 in
1489 352 1677 385 Parada-is

939 396 1013 425 olim
1060 397 1226 434 legebatur
1270 396 1419 426 Actaeon.
1474 396 1676 428 Emendavi&

942 438 1122 470 Lambinus
1138 453 1147 468 .·
1185 441 1269 479 quod
1305 442 1427 470 mirum
1464 445 1509 470 est
1545 442 1676 473 nescisse

941 480 1157 513 Harduz'num
1173 484 1218 513 ad
1232 483 1326 514 Plin.
1342 495 1438 514 xxxv.
1454 488 1485 518 7.

985 526 1126 565 Eget-w,
1141 526 1223 566 Leg.
1240 527 1261 556 i.
1283 530 1309 557 l.
1340 527 1511 569 Nympha,
1529 534 1676 568 quacum

941 568 1056 599 Numa
1071 569 1255 600 collocutus
1271 575 1333 601 est.

984 613 1161 652 Egesz'nuS,
1179 614 1281 644 Acad.
1298 615 1340 644 iv.
1356 615 1388 645 6.
1418 615 1563 646 Evandri
1581 615 1676 646 audi-

939 660 1006 694 tor,
1029 657 1260 687 Academicus.
1292 657 1533 698 Pergamenus,
1555 661 1589 690 in
1615 669 1676 700 quo

942 701 1048 731 media
1064 701 1242 732 Academia
1257 701 1358 732 desiit.
1390 702 1504 734 Laerc.
1523 704 1564 734 iv.
1581 704 1634 734 60.

984 745 1134 784 Egilz‘as,
1152 745 1191 775 de
1208 745 1267 775 Or.
1283 744 1317 774 ii.
1334 746 1386 776 68.
1409 746 1548 776 festivus
1563 747 1675 777 homo.

940 787 1045 819 Hunc
1061 790 1166 819 locum
1182 789 1299 819 laudat
1315 789 1443 820 AVom'us
1459 791 1492 820 in
1506 800 1538 820 v.
1562 790 1676 822 Colus.

941 831 1009 862 Sed
1029 833 1072 862 iln‘
1087 832 1158 863 edd.
1174 837 1250 863 vett.
1266 842 1374 863 omnes
1395 834 1512 863 habent
1531 833 1675 864 Decilla.

940 876 1003 915 Ap.
1022 876 1155 906 Livium
1173 876 1229 906 xli.
1249 880 1298 907 13.
1330 881 1376 907 est
1391 875 1430 907 L.
1446 877 1575 916 Egilius
1590 889 1596 907 ε
1621 878 1678 908 sed

941 919 1184 951 Drakenborch.
1195 925 1295 961 putat
1307 921 1478 960 legendum
1489 919 1656 954 AEmilius
1664 933 1675 951 .-

940 973 1035 1003 quem
1050 965 1114 994 vid.

990 1006 1046 1037 Cn.
1069 1007 1251 1046 Egnatius,
1276 1007 1412 1037 Cluent.
1435 1010 1489 1039 43.
1521 1008 1676 1039 Senator.

941 1050 1064 1081 Filium
1081 1051 1142 1081 Cn.
1166 1051 1350 1089 Egnatium
1375 1051 1568 1089 exheredat,
1587 1053 1676 1092 quod

942 1094 976 1124 in
989 1094 1119 1134 judicio
1134 1094 1283 1124 Juniano
1299 1095 1458 1134 pecunias
1475 1096 1630 1135 cepisset.

984 1139 1156 1177 Egnatius
1172 1138 1355 1176 Mammas,
1371 1138 1413 1168 ad
1428 1139 1500 1169 Att.
1515 1140 1586 1170 xiii.
1603 1143 1658 1171 34.

984 1183 1165 1222 Egnatius,
1189 1182 1368 1212 Sidicinus.
1395 1182 1438 1212 ad
1467 1183 1539 1214 Att.
1568 1184 1613 1215 vi.
1648 1187 1675 1216 l.

941 1225 1074 1259 debitor
1090 1226 1272 1256 Ciceronis.

985 1271 1027 1301 L.
1054 1270 1236 1309 Egnatius,
1253 1270 1325 1300 Att.
1348 1280 1379 1299 x.
1407 1273 1456 1301 15.
1481 1269 1674 1303 foenerator.

938 1314 993 1344 vii.
1013 1317 1063 1345 18.
1095 1315 1137 1345 iv.
1157 1316 1206 1345 12.
1237 1313 1385 1353 hicjbrce
1400 1314 1482 1344 idem
1499 1324 1574 1344 cum
1589 1326 1652 1356 seq.

984 1357 1026 1390 L.
1043 1357 1212 1397 Egnatius
1228 1357 1351 1397 Rufus,
1369 1358 1411 1387 ad
1432 1358 1509 1388 Div.
1530 1358 1600 1389 xiii.
1620 1362 1675 1390 43.

941 1403 1001 1432 διο.
1025 1411 1125 1440 eques
1152 1401 1337 1438 Romanus,
1363 1402 1565 1441 negotiator.
1598 1402 1686 1434 Vin'

938 1447 1032 1483 docti,
1048 1450 1208 1486 quantum
1231 1456 1271 1475 ex
1292 1446 1556 1477 observationibus
1576 1446 1622 1477 ad
1641 1448 1675 1478 Ιι.

940 1492 962 1520 l.
978 1494 1009 1520 et
1024 1491 1100 1520 alibi
1119 1490 1275 1528 intelligo,
1292 1490 1345 1519 hos
1365 1499 1471 1519 omnes
1484 1500 1546 1530 pro
1567 1490 1674 1521 eodem

939 1535 1067 1564 habent.
1096 1533 1172 1572 Ego
1186 1533 1232 1563 ad
1246 1533 1421 1563 minimum
1436 1537 1500 1564 tres
1515 1534 1676 1566 dsstinctoe

939 1579 1080 1608 homines
1089 1581 1169 1617 puto
1179 1590 1190 1610 ;
1208 1586 1314 1607 unum
1331 1577 1534 1615 Sidicinum,
1550 1579 1604 1618 qui
1620 1578 1674 1609 de-

939 1623 1029 1652 bebat
1043 1621 1195 1658 Ciceroni,
1205 1630 1330 1658 nomen,
1341 1631 1441 1660 neque
1451 1622 1607 1661 optimum
1618 1631 1675 1653 ne·

937 1676 998 1706 que
1007 1667 1196 1706 pessimum,
1209 1665 1292 1704 quod
1305 1665 1339 1695 in
1355 1665 1451 1695 illum
1468 1665 1594 1695 Rufum
1610 1676 1674 1697 non

938 1711 1095 1747 convenit,
1107 1710 1265 1739 hominem
1277 1709 1407 1738 divitem
1419 1713 1450 1739 et
1461 1709 1497 1739 in
1503 1710 1675 1749 provinciis

937 1755 1066 1793 negotia
1083 1762 1209 1791 magna
1232 1753 1402 1783 habentem
1413 1764 1423 1782 .-
1445 1754 1602 1791 alterum,
1618 1755 1675 1794 qui

938 1797 1030 1836 Rufi,
1042 1798 1188 1834 tertium,
1202 1798 1256 1837 qui
1272 1796 1414 1826 Maximi
1429 1806 1600 1835 cognomen
1613 1799 1672 1828 ha·

937 1842 1019 1872 beat.
1043 1841 1139 1873 Nam
1154 1845 1329 1881 utrumque
1343 1850 1515 1880 cognomen
1531 1839 1674 1883 ejusdem

936 1896 999 1916 esse
1015 1896 1076 1916 non
1086 1888 1212 1925 putem.

981 1930 1023 1960 L.
1042 1929 1276 1968 Egnatuteius‚
1293 1927 1380 1959 Phil.
1395 1927 1442 1958 iii.
1459 1931 1490 1959 3.
1516 1928 1674 1969 Quaestor

936 1972 1105 2013 legionem
1126 1972 1288 2002 Martiam
1311 1972 1352 2002 ab
1376 1971 1526 2002 Antonio
1550 1972 1673 2004 avertit

936 2017 978 2047 ad
994 2017 1174 2047 Octavium
1191 2016 1369 2046 Caesarem.

979 2060 1228 2100 Egritomarus,
1255 2060 1289 2090 in
1315 2058 1429 2090 Caecil.
1457 2061 1512 2091 20.
1542 2059 1673 2099 Gallus,

939 2104 1001 2134 Cn.
1017 2104 1162 2135 Domitii
1178 2104 1298 2144 hospes
1315 2104 1376 2134 &c.

980 2148 1118 2185 Elisz‘us,
1133 2148 1320 2185 Terinaeus,
1331 2147 1432 2177 Tuse.
1450 2147 1472 2177 i.
1483 2149 1537 2178 48.
1561 2147 1673 2190 filium

936 2192 1037 2222 nimis
1054 2192 1185 2232 lugens,
1197 2192 1233 2221 in
1249 2190 1505 2232 psychomantio
1521 2191 1602 2230 quid
1622 2201 1674 2222 re-

935 2236 1049 2276 sponsi
1073 2237 1255 2276 acceperit‚
1278 2246 1297 2265 e
1321 2234 1495 2265 Crantoris
1519 2235 1672 2265 consola-

936 2280 1042 2310 tione.

979 2324 1016 2354 E
1018 2324 1191 2361 lesiodolus,
1201 2322 1298 2353 Font.
1312 2325 1342 2353 5.
1357 2322 1486 2352 videtur
1500 2322 1540 2353 de
1549 2323 1673 2354 cohorte

935 2366 986 2399 M.
1019 2368 1141 2399 Fonteii
1157 2365 1275 2408 sui-sse.
1322 2366 1453 2397 Nomen
1483 2366 1673 2398 Romanum

935 2421 999 2441 non
1013 2412 1153 2441 videtur.

980 2455 1200 2495 Empedocles,
1216 2453 1274 2484 Or.
1291 2453 1312 2483 i.
1331 2456 1383 2484 50.
1413 2454 1671 2493 Agrigentinus,

935 2498 1092 2539 physicus
1109 2499 1231 2529 dietus.
1247 2498 1422 2537 egregium
1443 2501 1564 2538 poema
1578 2497 1671 2528 fecit.

936 2542 1017 2573 Nat.
1049 2543 1094 2574 D.
1123 2542 1146 2572 i.
1180 2543 1230 2572 12.
1260 2540 1431 2571 elementa
1460 2541 1550 2572 Deos
1577 2541 1671 2572 facit.

935 2586 1038 2617 Acad.
1051 2587 1086 2617 ii.
1104 2589 1154 2617 13.
1178 2585 1620 2624 Confitetur-ignorantiam,
1631 2589 1673 2616 u't

935 2630 1100 2660 Socrates.
1117 2628 1318 2669 Pythagorae
1329 2629 1516 2669 discipulus,
1525 2629 1565 2659 de
1578 2627 1673 2671 cujus

933 2675 1059 2714 scriptis
1079 2674 1143 2704 vid.
1160 2677 1283 2715 proeter
1304 2673 1382 2703 alios
1404 2672 1532 2704 Fam-ic.
1554 2671 1601 2704 B.
1630 2673 1673 2704 G.

934 2718 969 2749 ii.
991 2719 1040 2750 19.

985 2761 1157 2802 Empirici,
1172 2759 1276 2790 Acad.
1293 2759 1327 2790 ii.
1344 2762 1398 2794 39.
1435 2759 1545 2791 Genus
1563 2758 1673 2790 Medi-

933 2816 1058 2843 corum,
1088 2805 1172 2846 quod
1199 2805 1367 2844 opponitur
1399 2803 1530 2843 λογικοῖς
1561 2802 1672 2845 ἰατροῖς

933 2860 988 2891 ap.
1015 2849 1156 2881 Sextum
1177 2847 1280 2888 Emp.
1304 2847 1379 2878 adv.
1402 2847 1514 2887 Logic.
1539 2848 1571 2884 ξ.
1598 2847 1672 2878 156.

937 2896 1012 2930 191.
1055 2893 1158 2927 Nihil
1181 2892 1367 2932 anatomiae,
1394 2892 1480 2924 nihil
1503 2891 1673 2927 semiotica
