<?xml version="1.0" encoding="UTF-8"?>
<!DOCTYPE html PUBLIC "-//W3C//DTD XHTML 1.0 Transitional//EN"
    "http://www.w3.org/TR/xhtml1/DTD/xhtml1-transitional.dtd">
<html xmlns="http://www.w3.org/1999/xhtml" xml:lang="en" lang="en">
 <head>
  <title>
</title>
<meta http-equiv="Content-Type" content="text/html;charset=utf-8" />
  <meta name='ocr-system' content='tesseract 3.04.00' />
  <meta name='ocr-capabilities' content='ocr_page ocr_carea ocr_par ocr_line ocrx_word'/>
</head>
<body>
  <div class='ocr_page' id='page_1' title='image "./operaomnia05ciceuoft/operaomnia05ciceuoft_0347.png"; bbox 0 0 1804 3178; ppageno 0'>
   <div class='ocr_carea' id='block_1_1' title="bbox 602 105 1070 138">
    <p class='ocr_par' dir='ltr' id='par_1_1' title="bbox 602 105 1070 138">
     <span class='ocr_line' id='line_1_1' title="bbox 602 105 1070 138; baseline 0.006 -3"><span class='ocrx_word' id='word_1_1' title='bbox 602 105 747 135; x_wconf 72' lang='lat' dir='ltr'>mnnx</span> <span class='ocrx_word' id='word_1_2' title='bbox 780 106 879 135; x_wconf 75' lang='lat' dir='ltr'>LA&#39;rl</span> <span class='ocrx_word' id='word_1_3' title='bbox 886 108 911 135; x_wconf 70' lang='lat' dir='ltr'>N</span> <span class='ocrx_word' id='word_1_4' title='bbox 918 109 1070 138; x_wconf 69' lang='lat' dir='ltr'>nwrrs.</span> 
     </span>
    </p>
   </div>
   <div class='ocr_carea' id='block_1_2' title="bbox 58 193 809 2930">
    <p class='ocr_par' dir='ltr' id='par_1_2' title="bbox 77 193 809 625">
     <span class='ocr_line' id='line_1_2' title="bbox 82 193 806 235; baseline -0.003 -10"><span class='ocrx_word' id='word_1_5' title='bbox 82 193 248 235; x_wconf 72' lang='lat' dir='ltr'>injur-atus</span> <span class='ocrx_word' id='word_1_6' title='bbox 265 194 299 226; x_wconf 89' lang='lat' dir='ltr'>in</span> <span class='ocrx_word' id='word_1_7' title='bbox 315 195 461 227; x_wconf 81' lang='lat' dir='ltr'>codicem</span> <span class='ocrx_word' id='word_1_8' title='bbox 479 194 599 226; x_wconf 82' lang='lat' dir='ltr'>referre</span> <span class='ocrx_word' id='word_1_9' title='bbox 611 194 732 229; x_wconf 83' lang='lat' dir='ltr'>noluit,</span> <span class='ocrx_word' id='word_1_10' title='bbox 747 196 806 234; x_wconf 85' lang='lat' dir='ltr'>(sc.</span> 
     </span>
     <span class='ocr_line' id='line_1_3' title="bbox 81 235 807 278; baseline -0.003 -10"><span class='ocrx_word' id='word_1_11' title='bbox 81 239 163 277; x_wconf 85' lang='lat' dir='ltr'>quia</span> <span class='ocrx_word' id='word_1_12' title='bbox 192 238 312 270; x_wconf 78' lang='lat' dir='ltr'>salsum</span> <span class='ocrx_word' id='word_1_13' title='bbox 342 238 428 276; x_wconf 82' lang='lat' dir='ltr'>erat)</span> <span class='ocrx_word' id='word_1_14' title='bbox 455 238 488 269; x_wconf 90' lang='lat' dir='ltr'>id</span> <span class='ocrx_word' id='word_1_15' title='bbox 508 235 634 278; x_wconf 76' lang='lat' dir='ltr'>jurare</span> <span class='ocrx_word' id='word_1_16' title='bbox 657 238 690 268; x_wconf 87' lang='lat' dir='ltr'>in</span> <span class='ocrx_word' id='word_1_17' title='bbox 714 237 807 267; x_wconf 73' lang='lat' dir='ltr'>litem</span> 
     </span>
     <span class='ocr_line' id='line_1_4' title="bbox 84 281 809 319; baseline -0.001 -8"><span class='ocrx_word' id='word_1_18' title='bbox 84 289 151 312; x_wconf 81' lang='lat' dir='ltr'>non</span> <span class='ocrx_word' id='word_1_19' title='bbox 167 282 318 313; x_wconf 77' lang='lat' dir='ltr'>dubitet:</span> <span class='ocrx_word' id='word_1_20' title='bbox 343 282 376 313; x_wconf 86' lang='lat' dir='ltr'>h.</span> <span class='ocrx_word' id='word_1_21' title='bbox 391 292 421 312; x_wconf 85' lang='lat' dir='ltr'>e.</span> <span class='ocrx_word' id='word_1_22' title='bbox 438 282 470 312; x_wconf 87' lang='lat' dir='ltr'>id</span> <span class='ocrx_word' id='word_1_23' title='bbox 494 282 556 312; x_wconf 83' lang='lat' dir='ltr'>sibi</span> <span class='ocrx_word' id='word_1_24' title='bbox 581 281 809 319; x_wconf 74' lang='lat' dir='ltr'>‹leberi.jure-</span> 
     </span>
     <span class='ocr_line' id='line_1_5' title="bbox 77 323 809 364; baseline -0.001 -9"><span class='ocrx_word' id='word_1_25' title='bbox 77 323 224 364; x_wconf 85' lang='lat' dir='ltr'>jurando</span> <span class='ocrx_word' id='word_1_26' title='bbox 239 326 428 362; x_wconf 81' lang='lat' dir='ltr'>confirmet,</span> <span class='ocrx_word' id='word_1_27' title='bbox 443 324 510 355; x_wconf 87' lang='lat' dir='ltr'>litis</span> <span class='ocrx_word' id='word_1_28' title='bbox 525 324 714 354; x_wconf 71' lang='lat' dir='ltr'>obtinendae</span> <span class='ocrx_word' id='word_1_29' title='bbox 731 334 809 354; x_wconf 73' lang='lat' dir='ltr'>cau-</span> 
     </span>
     <span class='ocr_line' id='line_1_6' title="bbox 82 367 808 410; baseline -0.003 -11"><span class='ocrx_word' id='word_1_30' title='bbox 82 377 129 399; x_wconf 70' lang='lat' dir='ltr'>sa.</span> <span class='ocrx_word' id='word_1_31' title='bbox 154 367 299 410; x_wconf 74' lang='lat' dir='ltr'>‘jurare</span> <span class='ocrx_word' id='word_1_32' title='bbox 312 369 428 399; x_wconf 74' lang='lat' dir='ltr'>Jovem</span> <span class='ocrx_word' id='word_1_33' title='bbox 447 368 589 408; x_wconf 75' lang='lat' dir='ltr'>lapidem</span> <span class='ocrx_word' id='word_1_34' title='bbox 607 368 647 398; x_wconf 89' lang='lat' dir='ltr'>ad</span> <span class='ocrx_word' id='word_1_35' title='bbox 661 368 736 398; x_wconf 80' lang='lat' dir='ltr'>Div.</span> <span class='ocrx_word' id='word_1_36' title='bbox 753 368 808 397; x_wconf 78' lang='lat' dir='ltr'>vii.</span> 
     </span>
     <span class='ocr_line' id='line_1_7' title="bbox 87 411 806 453; baseline -0.001 -11"><span class='ocrx_word' id='word_1_37' title='bbox 87 413 137 442; x_wconf 72' lang='lat'>19.</span> <span class='ocrx_word' id='word_1_38' title='bbox 159 418 209 442; x_wconf 87' lang='lat' dir='ltr'>est</span> <span class='ocrx_word' id='word_1_39' title='bbox 234 423 292 453; x_wconf 88' lang='lat' dir='ltr'>per</span> <span class='ocrx_word' id='word_1_40' title='bbox 314 412 415 442; x_wconf 75' lang='lat' dir='ltr'>fictile</span> <span class='ocrx_word' id='word_1_41' title='bbox 432 411 647 441; x_wconf 86' lang='lat' dir='ltr'>simulacrum</span> <span class='ocrx_word' id='word_1_42' title='bbox 665 411 756 441; x_wconf 69' lang='lat' dir='ltr'>Jovis</span> <span class='ocrx_word' id='word_1_43' title='bbox 775 413 806 441; x_wconf 89' lang='lat' dir='ltr'>in</span> 
     </span>
     <span class='ocr_line' id='line_1_8' title="bbox 84 455 808 495; baseline -0.003 -9"><span class='ocrx_word' id='word_1_44' title='bbox 84 455 261 495; x_wconf 84' lang='lat' dir='ltr'>Capitolio,</span> <span class='ocrx_word' id='word_1_45' title='bbox 277 463 315 486; x_wconf 90' lang='lat' dir='ltr'>ut</span> <span class='ocrx_word' id='word_1_46' title='bbox 337 455 483 486; x_wconf 81' lang='lat' dir='ltr'>ostendit</span> <span class='ocrx_word' id='word_1_47' title='bbox 505 455 672 495; x_wconf 76' lang='lat' dir='ltr'>Rycquius</span> <span class='ocrx_word' id='word_1_48' title='bbox 689 455 729 485; x_wconf 83' lang='lat' dir='ltr'>dc</span> <span class='ocrx_word' id='word_1_49' title='bbox 747 456 808 484; x_wconf 81' lang='lat' dir='ltr'>Ca-</span> 
     </span>
     <span class='ocr_line' id='line_1_9' title="bbox 81 496 807 539; baseline 0 -11"><span class='ocrx_word' id='word_1_50' title='bbox 81 499 199 538; x_wconf 86' lang='lat' dir='ltr'>pitolio</span> <span class='ocrx_word' id='word_1_51' title='bbox 214 509 243 529; x_wconf 89' lang='lat' dir='ltr'>c.</span> <span class='ocrx_word' id='word_1_52' title='bbox 266 501 314 530; x_wconf 80' lang='lat'>18.</span> <span class='ocrx_word' id='word_1_53' title='bbox 331 509 362 539; x_wconf 89' lang='lat' dir='ltr'>p.</span> <span class='ocrx_word' id='word_1_54' title='bbox 380 500 455 533; x_wconf 64' lang='lat'>⁶229.</span> <span class='ocrx_word' id='word_1_55' title='bbox 479 498 518 528; x_wconf 74' lang='lat' dir='ltr'>tle</span> <span class='ocrx_word' id='word_1_56' title='bbox 532 500 601 538; x_wconf 85' lang='lat' dir='ltr'>ipso</span> <span class='ocrx_word' id='word_1_57' title='bbox 613 500 679 529; x_wconf 82' lang='lat' dir='ltr'>ritu</span> <span class='ocrx_word' id='word_1_58' title='bbox 694 496 807 538; x_wconf 74' lang='lat' dir='ltr'>sicju-</span> 
     </span>
     <span class='ocr_line' id='line_1_10' title="bbox 80 541 808 582; baseline 0.001 -11"><span class='ocrx_word' id='word_1_59' title='bbox 80 543 182 573; x_wconf 70' lang='lat' dir='ltr'>randi</span> <span class='ocrx_word' id='word_1_60' title='bbox 194 552 225 572; x_wconf 92' lang='lat' dir='ltr'>v.</span> <span class='ocrx_word' id='word_1_61' title='bbox 241 541 325 572; x_wconf 90' lang='lat' dir='ltr'>Gell.</span> <span class='ocrx_word' id='word_1_62' title='bbox 342 543 363 572; x_wconf 90' lang='lat' dir='ltr'>i.</span> <span class='ocrx_word' id='word_1_63' title='bbox 379 544 431 573; x_wconf 70' lang='lat'>21.</span> <span class='ocrx_word' id='word_1_64' title='bbox 462 547 497 572; x_wconf 86' lang='lat' dir='ltr'>et</span> <span class='ocrx_word' id='word_1_65' title='bbox 518 543 611 580; x_wconf 83' lang='lat' dir='ltr'>alios,</span> <span class='ocrx_word' id='word_1_66' title='bbox 628 552 708 581; x_wconf 89' lang='lat' dir='ltr'>quos</span> <span class='ocrx_word' id='word_1_67' title='bbox 725 542 808 582; x_wconf 78' lang='lat' dir='ltr'>Ryc-</span> 
     </span>
     <span class='ocr_line' id='line_1_11' title="bbox 82 585 392 625; baseline 0 -10"><span class='ocrx_word' id='word_1_68' title='bbox 82 586 179 625; x_wconf 86' lang='lat' dir='ltr'>quius</span> <span class='ocrx_word' id='word_1_69' title='bbox 195 585 309 615; x_wconf 78' lang='lat' dir='ltr'>laudat</span> <span class='ocrx_word' id='word_1_70' title='bbox 323 585 345 615; x_wconf 95' lang='grc'>1.</span> <span class='ocrx_word' id='word_1_71' title='bbox 363 596 392 615; x_wconf 86' lang='lat' dir='ltr'>c.</span> 
     </span>
    </p>

    <p class='ocr_par' dir='ltr' id='par_1_3' title="bbox 81 628 807 713">
     <span class='ocr_line' id='line_1_12' title="bbox 123 628 807 661; baseline -0.003 -1"><span class='ocrx_word' id='word_1_72' title='bbox 123 628 342 661; x_wconf 59' lang='lat' dir='ltr'>aufidia-iaus.</span> <span class='ocrx_word' id='word_1_73' title='bbox 367 628 437 659; x_wconf 83' lang='lat' dir='ltr'>lnv.</span> <span class='ocrx_word' id='word_1_74' title='bbox 462 629 484 660; x_wconf 88' lang='lat' dir='ltr'>i.</span> <span class='ocrx_word' id='word_1_75' title='bbox 513 632 562 660; x_wconf 88' lang='grc'>11.</span> <span class='ocrx_word' id='word_1_76' title='bbox 586 630 722 660; x_wconf 86' lang='lat' dir='ltr'>verbum</span> <span class='ocrx_word' id='word_1_77' title='bbox 745 628 807 659; x_wconf 92' lang='lat' dir='ltr'>hoc</span> 
     </span>
     <span class='ocr_line' id='line_1_13' title="bbox 81 670 614 713; baseline 0.004 -12"><span class='ocrx_word' id='word_1_78' title='bbox 81 670 261 703; x_wconf 81' lang='lat' dir='ltr'>molestum</span> <span class='ocrx_word' id='word_1_79' title='bbox 276 683 347 703; x_wconf 80' lang='lat' dir='ltr'>esse</span> <span class='ocrx_word' id='word_1_80' title='bbox 364 673 444 703; x_wconf 74' lang='lat' dir='ltr'>dicit</span> <span class='ocrx_word' id='word_1_81' title='bbox 459 672 544 713; x_wconf 85' lang='lat' dir='ltr'>Top.</span> <span class='ocrx_word' id='word_1_82' title='bbox 562 675 614 703; x_wconf 68' lang='lat'>²24.</span> 
     </span>
    </p>

    <p class='ocr_par' dir='ltr' id='par_1_4' title="bbox 75 715 805 789">
     <span class='ocr_line' id='line_1_14' title="bbox 122 715 805 754; baseline -0.001 -8"><span class='ocrx_word' id='word_1_83' title='bbox 122 715 393 747; x_wconf 60' lang='lat' dir='ltr'>-lurisconsultua</span> <span class='ocrx_word' id='word_1_84' title='bbox 415 716 508 746; x_wconf 84' lang='lat' dir='ltr'>Orat.</span> <span class='ocrx_word' id='word_1_85' title='bbox 526 717 547 746; x_wconf 95' lang='lat' dir='ltr'>i.</span> <span class='ocrx_word' id='word_1_86' title='bbox 563 719 618 747; x_wconf 82' lang='lat'>48.</span> <span class='ocrx_word' id='word_1_87' title='bbox 643 722 727 746; x_wconf 84' lang='lat' dir='ltr'>extr.</span> <span class='ocrx_word' id='word_1_88' title='bbox 750 715 805 754; x_wconf 82' lang='lat' dir='ltr'>qui</span> 
     </span>
     <span class='ocr_line' id='line_1_15' title="bbox 75 758 144 789; baseline 0.014 -1"><span class='ocrx_word' id='word_1_89' title='bbox 75 758 144 789; x_wconf 74' lang='lat' dir='ltr'>sit?</span> 
     </span>
    </p>

    <p class='ocr_par' dir='ltr' id='par_1_5' title="bbox 58 802 807 2930">
     <span class='ocr_line' id='line_1_16' title="bbox 121 802 807 842; baseline -0.004 -8"><span class='ocrx_word' id='word_1_90' title='bbox 121 802 326 838; x_wconf 52' lang='lat' dir='ltr'>‹luris-dicein,</span> <span class='ocrx_word' id='word_1_91' title='bbox 343 802 423 842; x_wconf 91' lang='lat' dir='ltr'>quid</span> <span class='ocrx_word' id='word_1_92' title='bbox 438 802 552 839; x_wconf 84' lang='lat' dir='ltr'>fuerit,</span> <span class='ocrx_word' id='word_1_93' title='bbox 569 812 636 833; x_wconf 86' lang='lat' dir='ltr'>non</span> <span class='ocrx_word' id='word_1_94' title='bbox 652 803 807 832; x_wconf 85' lang='lat' dir='ltr'>convenit</span> 
     </span>
     <span class='ocr_line' id='line_1_17' title="bbox 77 846 805 885; baseline -0.001 -9"><span class='ocrx_word' id='word_1_95' title='bbox 77 846 158 876; x_wconf 79' lang='lat' dir='ltr'>satis</span> <span class='ocrx_word' id='word_1_96' title='bbox 176 846 262 876; x_wconf 84' lang='lat' dir='ltr'>inter</span> <span class='ocrx_word' id='word_1_97' title='bbox 269 846 434 883; x_wconf 69' lang='lat' dir='ltr'>dctus,‹le</span> <span class='ocrx_word' id='word_1_98' title='bbox 449 857 552 885; x_wconf 80' lang='lat' dir='ltr'>eaque</span> <span class='ocrx_word' id='word_1_99' title='bbox 565 846 674 876; x_wconf 84' lang='lat' dir='ltr'>multa</span> <span class='ocrx_word' id='word_1_100' title='bbox 689 856 805 885; x_wconf 81' lang='lat' dir='ltr'>parum</span> 
     </span>
     <span class='ocr_line' id='line_1_18' title="bbox 78 889 806 920; baseline 0 -1"><span class='ocrx_word' id='word_1_101' title='bbox 78 894 234 920; x_wconf 88' lang='lat' dir='ltr'>accurate</span> <span class='ocrx_word' id='word_1_102' title='bbox 260 889 428 920; x_wconf 84' lang='lat' dir='ltr'>dicuntur.</span> <span class='ocrx_word' id='word_1_103' title='bbox 474 890 534 920; x_wconf 88' lang='lat' dir='ltr'>Est</span> <span class='ocrx_word' id='word_1_104' title='bbox 565 890 641 920; x_wconf 88' lang='lat' dir='ltr'>Ger.</span> <span class='ocrx_word' id='word_1_105' title='bbox 671 889 806 920; x_wconf 81' lang='lat' dir='ltr'>Noodtii</span> 
     </span>
     <span class='ocr_line' id='line_1_19' title="bbox 79 932 806 973; baseline -0.001 -10"><span class='ocrx_word' id='word_1_106' title='bbox 79 932 211 964; x_wconf 84' lang='lat' dir='ltr'>libellus</span> <span class='ocrx_word' id='word_1_107' title='bbox 233 933 273 964; x_wconf 88' lang='lat' dir='ltr'>de</span> <span class='ocrx_word' id='word_1_108' title='bbox 293 933 527 964; x_wconf 70' lang='lat' dir='ltr'>dur-isdictimae</span> <span class='ocrx_word' id='word_1_109' title='bbox 548 938 583 963; x_wconf 87' lang='lat' dir='ltr'>et</span> <span class='ocrx_word' id='word_1_110' title='bbox 602 934 754 973; x_wconf 83' lang='lat' dir='ltr'>imperio,</span> <span class='ocrx_word' id='word_1_111' title='bbox 771 934 806 962; x_wconf 92' lang='lat' dir='ltr'>in</span> 
     </span>
     <span class='ocr_line' id='line_1_20' title="bbox 80 976 805 1016; baseline 0 -10"><span class='ocrx_word' id='word_1_112' title='bbox 80 986 147 1015; x_wconf 89' lang='lat' dir='ltr'>quo</span> <span class='ocrx_word' id='word_1_113' title='bbox 168 976 278 1006; x_wconf 86' lang='lat' dir='ltr'>multa</span> <span class='ocrx_word' id='word_1_114' title='bbox 298 983 417 1016; x_wconf 82' lang='lat' dir='ltr'>parum</span> <span class='ocrx_word' id='word_1_115' title='bbox 439 986 516 1006; x_wconf 76' lang='lat' dir='ltr'>vere</span> <span class='ocrx_word' id='word_1_116' title='bbox 535 982 569 1006; x_wconf 89' lang='lat' dir='ltr'>et</span> <span class='ocrx_word' id='word_1_117' title='bbox 586 982 741 1006; x_wconf 83' lang='lat' dir='ltr'>accurate</span> <span class='ocrx_word' id='word_1_118' title='bbox 758 976 805 1006; x_wconf 90' lang='lat' dir='ltr'>di-</span> 
     </span>
     <span class='ocr_line' id='line_1_21' title="bbox 79 1019 804 1059; baseline 0 -9"><span class='ocrx_word' id='word_1_119' title='bbox 79 1025 136 1050; x_wconf 85' lang='lat' dir='ltr'>cta</span> <span class='ocrx_word' id='word_1_120' title='bbox 156 1024 249 1058; x_wconf 82' lang='lat' dir='ltr'>sunt,</span> <span class='ocrx_word' id='word_1_121' title='bbox 262 1019 305 1049; x_wconf 81' lang='lat' dir='ltr'>tle</span> <span class='ocrx_word' id='word_1_122' title='bbox 328 1020 447 1059; x_wconf 87' lang='lat' dir='ltr'>quibus</span> <span class='ocrx_word' id='word_1_123' title='bbox 473 1020 526 1050; x_wconf 88' lang='lat' dir='ltr'>hic</span> <span class='ocrx_word' id='word_1_124' title='bbox 545 1020 653 1050; x_wconf 72' lang='lat' dir='ltr'>dicere</span> <span class='ocrx_word' id='word_1_125' title='bbox 673 1029 739 1050; x_wconf 88' lang='lat' dir='ltr'>non</span> <span class='ocrx_word' id='word_1_126' title='bbox 755 1026 804 1050; x_wconf 81' lang='lat' dir='ltr'>est</span> 
     </span>
     <span class='ocr_line' id='line_1_22' title="bbox 79 1063 803 1094; baseline 0.001 -2"><span class='ocrx_word' id='word_1_127' title='bbox 79 1071 226 1094; x_wconf 86' lang='lat' dir='ltr'>necesse.</span> <span class='ocrx_word' id='word_1_128' title='bbox 271 1063 335 1093; x_wconf 86' lang='lat' dir='ltr'>Hic</span> <span class='ocrx_word' id='word_1_129' title='bbox 359 1064 452 1093; x_wconf 87' lang='lat' dir='ltr'>nobis</span> <span class='ocrx_word' id='word_1_130' title='bbox 475 1073 646 1093; x_wconf 77' lang='lat' dir='ltr'>sumemus</span> <span class='ocrx_word' id='word_1_131' title='bbox 671 1067 803 1093; x_wconf 88' lang='lat' dir='ltr'>tantum</span> 
     </span>
     <span class='ocr_line' id='line_1_23' title="bbox 79 1106 805 1144; baseline 0.001 -8"><span class='ocrx_word' id='word_1_132' title='bbox 79 1106 222 1136; x_wconf 85' lang='lat' dir='ltr'>breviter</span> <span class='ocrx_word' id='word_1_133' title='bbox 258 1106 570 1144; x_wconf 81' lang='lat' dir='ltr'>demonstrandum,</span> <span class='ocrx_word' id='word_1_134' title='bbox 598 1107 805 1138; x_wconf 61' lang='lat' dir='ltr'>durisdmio-</span> 
     </span>
     <span class='ocr_line' id='line_1_24' title="bbox 77 1150 802 1190; baseline 0 -10"><span class='ocrx_word' id='word_1_135' title='bbox 77 1158 154 1180; x_wconf 82' lang='lat' dir='ltr'>nem</span> <span class='ocrx_word' id='word_1_136' title='bbox 192 1150 360 1180; x_wconf 74' lang='lat' dir='ltr'>Ciceronis</span> <span class='ocrx_word' id='word_1_137' title='bbox 397 1151 602 1190; x_wconf 83' lang='lat' dir='ltr'>temporibus</span> <span class='ocrx_word' id='word_1_138' title='bbox 639 1156 802 1180; x_wconf 72' lang='lat' dir='ltr'>versatam</span> 
     </span>
     <span class='ocr_line' id='line_1_25' title="bbox 77 1191 806 1234; baseline 0.001 -11"><span class='ocrx_word' id='word_1_139' title='bbox 77 1202 149 1223; x_wconf 86' lang='lat' dir='ltr'>esse</span> <span class='ocrx_word' id='word_1_140' title='bbox 173 1193 206 1224; x_wconf 90' lang='lat' dir='ltr'>in</span> <span class='ocrx_word' id='word_1_141' title='bbox 229 1193 307 1224; x_wconf 86' lang='lat' dir='ltr'>solis</span> <span class='ocrx_word' id='word_1_142' title='bbox 331 1195 438 1224; x_wconf 80' lang='lat' dir='ltr'>causis</span> <span class='ocrx_word' id='word_1_143' title='bbox 460 1194 611 1234; x_wconf 77' lang='lat' dir='ltr'>privatis,</span> <span class='ocrx_word' id='word_1_144' title='bbox 629 1191 734 1233; x_wconf 82' lang='lat' dir='ltr'>iisque</span> <span class='ocrx_word' id='word_1_145' title='bbox 758 1194 806 1224; x_wconf 86' lang='lat' dir='ltr'>ita</span> 
     </span>
     <span class='ocr_line' id='line_1_26' title="bbox 77 1237 804 1278; baseline 0.001 -11"><span class='ocrx_word' id='word_1_146' title='bbox 77 1237 245 1278; x_wconf 79' lang='lat' dir='ltr'>propriam</span> <span class='ocrx_word' id='word_1_147' title='bbox 274 1237 390 1274; x_wconf 82' lang='lat' dir='ltr'>fuisse,</span> <span class='ocrx_word' id='word_1_148' title='bbox 415 1243 453 1267; x_wconf 89' lang='lat' dir='ltr'>ut</span> <span class='ocrx_word' id='word_1_149' title='bbox 481 1237 620 1277; x_wconf 81' lang='lat' dir='ltr'>publicis</span> <span class='ocrx_word' id='word_1_150' title='bbox 651 1238 804 1276; x_wconf 64' lang='lat' dir='ltr'>quaestio-</span> 
     </span>
     <span class='ocr_line' id='line_1_27' title="bbox 79 1279 805 1321; baseline 0 -11"><span class='ocrx_word' id='word_1_151' title='bbox 79 1289 170 1310; x_wconf 91' lang='lat' dir='ltr'>nem.</span> <span class='ocrx_word' id='word_1_152' title='bbox 193 1280 281 1311; x_wconf 89' lang='lat' dir='ltr'>Nam</span> <span class='ocrx_word' id='word_1_153' title='bbox 310 1280 338 1319; x_wconf 83' lang='lat'>1)</span> <span class='ocrx_word' id='word_1_154' title='bbox 355 1279 543 1321; x_wconf 78' lang='lat' dir='ltr'>jurisdictio</span> <span class='ocrx_word' id='word_1_155' title='bbox 565 1281 674 1311; x_wconf 89' lang='lat' dir='ltr'>omnis</span> <span class='ocrx_word' id='word_1_156' title='bbox 698 1281 805 1320; x_wconf 86' lang='lat' dir='ltr'>posita</span> 
     </span>
     <span class='ocr_line' id='line_1_28' title="bbox 78 1324 804 1355; baseline 0.001 -1"><span class='ocrx_word' id='word_1_157' title='bbox 78 1327 129 1354; x_wconf 84' lang='lat' dir='ltr'>est</span> <span class='ocrx_word' id='word_1_158' title='bbox 140 1325 174 1354; x_wconf 91' lang='lat' dir='ltr'>in</span> <span class='ocrx_word' id='word_1_159' title='bbox 187 1324 296 1354; x_wconf 78' lang='lat' dir='ltr'>edicto</span> <span class='ocrx_word' id='word_1_160' title='bbox 310 1330 344 1354; x_wconf 89' lang='lat' dir='ltr'>ct</span> <span class='ocrx_word' id='word_1_161' title='bbox 360 1335 400 1354; x_wconf 83' lang='lat' dir='ltr'>ex</span> <span class='ocrx_word' id='word_1_162' title='bbox 415 1324 524 1354; x_wconf 87' lang='lat' dir='ltr'>edicto</span> <span class='ocrx_word' id='word_1_163' title='bbox 539 1324 692 1354; x_wconf 79' lang='lat' dir='ltr'>decretis.</span> <span class='ocrx_word' id='word_1_164' title='bbox 718 1324 804 1355; x_wconf 86' lang='lat' dir='ltr'>Usus</span> 
     </span>
     <span class='ocr_line' id='line_1_29' title="bbox 78 1366 804 1406; baseline 0.001 -9"><span class='ocrx_word' id='word_1_165' title='bbox 78 1366 211 1398; x_wconf 89' lang='lat' dir='ltr'>illorum</span> <span class='ocrx_word' id='word_1_166' title='bbox 226 1369 329 1398; x_wconf 89' lang='lat' dir='ltr'>trium</span> <span class='ocrx_word' id='word_1_167' title='bbox 345 1367 533 1406; x_wconf 88' lang='lat' dir='ltr'>verborum,</span> <span class='ocrx_word' id='word_1_168' title='bbox 547 1368 602 1405; x_wconf 89' lang='lat' dir='ltr'>d0‚</span> <span class='ocrx_word' id='word_1_169' title='bbox 615 1368 701 1405; x_wconf 83' lang='lat' dir='ltr'>dico,</span> <span class='ocrx_word' id='word_1_170' title='bbox 713 1368 804 1398; x_wconf 87' lang='lat' dir='ltr'>addi-</span> 
     </span>
     <span class='ocr_line' id='line_1_30' title="bbox 79 1411 803 1450; baseline 0.001 -9"><span class='ocrx_word' id='word_1_171' title='bbox 79 1420 129 1447; x_wconf 86' lang='lat' dir='ltr'>co,</span> <span class='ocrx_word' id='word_1_172' title='bbox 154 1412 262 1442; x_wconf 89' lang='lat' dir='ltr'>omnis</span> <span class='ocrx_word' id='word_1_173' title='bbox 284 1412 318 1441; x_wconf 89' lang='lat' dir='ltr'>in</span> <span class='ocrx_word' id='word_1_174' title='bbox 346 1411 486 1441; x_wconf 83' lang='lat' dir='ltr'>decretis</span> <span class='ocrx_word' id='word_1_175' title='bbox 512 1415 706 1442; x_wconf 82' lang='lat' dir='ltr'>consumtus</span> <span class='ocrx_word' id='word_1_176' title='bbox 733 1415 803 1450; x_wconf 83' lang='lat' dir='ltr'>est;</span> 
     </span>
     <span class='ocr_line' id='line_1_31' title="bbox 77 1454 804 1495; baseline 0 -10"><span class='ocrx_word' id='word_1_177' title='bbox 77 1454 166 1494; x_wconf 84' lang='lat' dir='ltr'>quod</span> <span class='ocrx_word' id='word_1_178' title='bbox 179 1465 219 1485; x_wconf 84' lang='lat' dir='ltr'>ex</span> <span class='ocrx_word' id='word_1_179' title='bbox 234 1455 342 1495; x_wconf 86' lang='lat' dir='ltr'>prima</span> <span class='ocrx_word' id='word_1_180' title='bbox 354 1458 389 1485; x_wconf 90' lang='lat' dir='ltr'>et</span> <span class='ocrx_word' id='word_1_181' title='bbox 402 1454 550 1485; x_wconf 83' lang='lat' dir='ltr'>secunda</span> <span class='ocrx_word' id='word_1_182' title='bbox 562 1454 716 1493; x_wconf 88' lang='lat' dir='ltr'>Verrina,</span> <span class='ocrx_word' id='word_1_183' title='bbox 731 1465 804 1495; x_wconf 85' lang='lat' dir='ltr'>quae</span> 
     </span>
     <span class='ocr_line' id='line_1_32' title="bbox 76 1498 804 1539; baseline 0.001 -11"><span class='ocrx_word' id='word_1_184' title='bbox 76 1503 158 1528; x_wconf 83' lang='lat' dir='ltr'>sunt</span> <span class='ocrx_word' id='word_1_185' title='bbox 184 1498 278 1529; x_wconf 87' lang='lat' dir='ltr'>sedes</span> <span class='ocrx_word' id='word_1_186' title='bbox 307 1499 448 1539; x_wconf 86' lang='lat' dir='ltr'>propriae</span> <span class='ocrx_word' id='word_1_187' title='bbox 478 1498 575 1536; x_wconf 78' lang='lat' dir='ltr'>liujus</span> <span class='ocrx_word' id='word_1_188' title='bbox 599 1499 804 1537; x_wconf 85' lang='lat' dir='ltr'>argumenti,</span> 
     </span>
     <span class='ocr_line' id='line_1_33' title="bbox 76 1540 805 1572; baseline 0.001 -1"><span class='ocrx_word' id='word_1_189' title='bbox 76 1540 146 1572; x_wconf 76' lang='lat' dir='ltr'>sole</span> <span class='ocrx_word' id='word_1_190' title='bbox 163 1541 283 1572; x_wconf 88' lang='lat' dir='ltr'>clarius</span> <span class='ocrx_word' id='word_1_191' title='bbox 298 1549 361 1572; x_wconf 86' lang='lat' dir='ltr'>est.</span> <span class='ocrx_word' id='word_1_192' title='bbox 382 1541 477 1572; x_wconf 73' lang='lat' dir='ltr'>verr.</span> <span class='ocrx_word' id='word_1_193' title='bbox 492 1542 526 1572; x_wconf 89' lang='lat' dir='ltr'>ii.</span> <span class='ocrx_word' id='word_1_194' title='bbox 541 1544 595 1572; x_wconf 80' lang='lat'>48.</span> <span class='ocrx_word' id='word_1_195' title='bbox 619 1551 662 1572; x_wconf 84' lang='lat' dir='ltr'>an</span> <span class='ocrx_word' id='word_1_196' title='bbox 674 1542 805 1572; x_wconf 88' lang='lat' dir='ltr'>dubita-</span> 
     </span>
     <span class='ocr_line' id='line_1_34' title="bbox 77 1584 806 1624; baseline 0.001 -9"><span class='ocrx_word' id='word_1_197' title='bbox 77 1584 128 1615; x_wconf 87' lang='lat' dir='ltr'>bit</span> <span class='ocrx_word' id='word_1_198' title='bbox 141 1585 330 1624; x_wconf 84' lang='lat' dir='ltr'>quisquam,</span> <span class='ocrx_word' id='word_1_199' title='bbox 342 1585 423 1624; x_wconf 87' lang='lat' dir='ltr'>quin</span> <span class='ocrx_word' id='word_1_200' title='bbox 439 1585 465 1615; x_wconf 90' lang='lat' dir='ltr'>is</span> <span class='ocrx_word' id='word_1_201' title='bbox 480 1584 630 1615; x_wconf 87' lang='lat' dir='ltr'>venalem</span> <span class='ocrx_word' id='word_1_202' title='bbox 648 1585 681 1615; x_wconf 89' lang='lat' dir='ltr'>in</span> <span class='ocrx_word' id='word_1_203' title='bbox 694 1585 806 1616; x_wconf 82' lang='lat' dir='ltr'>Sicilia</span> 
     </span>
     <span class='ocr_line' id='line_1_35' title="bbox 68 1625 805 1670; baseline 0.003 -12"><span class='ocrx_word' id='word_1_204' title='bbox 68 1625 331 1670; x_wconf 74' lang='lat' dir='ltr'>jurisdictionem</span> <span class='ocrx_word' id='word_1_205' title='bbox 356 1629 523 1666; x_wconf 86' lang='lat' dir='ltr'>babuerit,</span> <span class='ocrx_word' id='word_1_206' title='bbox 538 1629 594 1668; x_wconf 87' lang='lat' dir='ltr'>qui</span> <span class='ocrx_word' id='word_1_207' title='bbox 617 1629 732 1660; x_wconf 86' lang='lat' dir='ltr'>Romae</span> <span class='ocrx_word' id='word_1_208' title='bbox 754 1634 805 1660; x_wconf 87' lang='lat' dir='ltr'>to·</span> 
     </span>
     <span class='ocr_line' id='line_1_36' title="bbox 77 1671 804 1711; baseline 0.001 -9"><span class='ocrx_word' id='word_1_209' title='bbox 77 1675 152 1702; x_wconf 88' lang='lat' dir='ltr'>tum</span> <span class='ocrx_word' id='word_1_210' title='bbox 167 1671 317 1703; x_wconf 88' lang='lat' dir='ltr'>edictum</span> <span class='ocrx_word' id='word_1_211' title='bbox 333 1677 434 1711; x_wconf 87' lang='lat' dir='ltr'>atque</span> <span class='ocrx_word' id='word_1_212' title='bbox 449 1673 561 1702; x_wconf 86' lang='lat' dir='ltr'>omnia</span> <span class='ocrx_word' id='word_1_213' title='bbox 577 1672 712 1702; x_wconf 88' lang='lat' dir='ltr'>decreta</span> <span class='ocrx_word' id='word_1_214' title='bbox 726 1682 804 1703; x_wconf 91' lang='lat' dir='ltr'>ven-</span> 
     </span>
     <span class='ocr_line' id='line_1_37' title="bbox 77 1715 805 1755; baseline 0.001 -10"><span class='ocrx_word' id='word_1_215' title='bbox 77 1715 224 1747; x_wconf 83' lang='lat' dir='ltr'>diderit?</span> <span class='ocrx_word' id='word_1_216' title='bbox 250 1716 332 1755; x_wconf 89' lang='lat' dir='ltr'>quin</span> <span class='ocrx_word' id='word_1_217' title='bbox 356 1716 382 1745; x_wconf 90' lang='lat' dir='ltr'>is</span> <span class='ocrx_word' id='word_1_218' title='bbox 406 1716 447 1745; x_wconf 88' lang='lat' dir='ltr'>ab</span> <span class='ocrx_word' id='word_1_219' title='bbox 470 1715 589 1746; x_wconf 85' lang='lat' dir='ltr'>Siculis</span> <span class='ocrx_word' id='word_1_220' title='bbox 613 1716 654 1746; x_wconf 86' lang='lat' dir='ltr'>ob</span> <span class='ocrx_word' id='word_1_221' title='bbox 670 1715 805 1746; x_wconf 89' lang='lat' dir='ltr'>decreta</span> 
     </span>
     <span class='ocr_line' id='line_1_38' title="bbox 77 1758 803 1799; baseline 0.001 -10"><span class='ocrx_word' id='word_1_222' title='bbox 77 1758 322 1799; x_wconf 89' lang='lat' dir='ltr'>interponenda</span> <span class='ocrx_word' id='word_1_223' title='bbox 344 1759 522 1799; x_wconf 85' lang='lat' dir='ltr'>pecuniam</span> <span class='ocrx_word' id='word_1_224' title='bbox 545 1759 724 1799; x_wconf 81' lang='lat' dir='ltr'>acceperit,</span> <span class='ocrx_word' id='word_1_225' title='bbox 747 1761 803 1799; x_wconf 92' lang='lat' dir='ltr'>qui</span> 
     </span>
     <span class='ocr_line' id='line_1_39' title="bbox 77 1801 803 1842; baseline 0 -9"><span class='ocrx_word' id='word_1_226' title='bbox 77 1801 126 1833; x_wconf 85' lang='lat' dir='ltr'>M.</span> <span class='ocrx_word' id='word_1_227' title='bbox 136 1803 313 1834; x_wconf 76' lang='lat' dir='ltr'>Octavium</span> <span class='ocrx_word' id='word_1_228' title='bbox 327 1802 485 1842; x_wconf 81' lang='lat' dir='ltr'>Ligurem</span> <span class='ocrx_word' id='word_1_229' title='bbox 501 1802 543 1832; x_wconf 91' lang='lat' dir='ltr'>ob</span> <span class='ocrx_word' id='word_1_230' title='bbox 551 1802 609 1840; x_wconf 87' lang='lat' dir='ltr'>jus</span> <span class='ocrx_word' id='word_1_231' title='bbox 620 1802 803 1833; x_wconf 90' lang='lat' dir='ltr'>dicundum</span> 
     </span>
     <span class='ocr_line' id='line_1_40' title="bbox 75 1846 804 1887; baseline 0 -11"><span class='ocrx_word' id='word_1_232' title='bbox 75 1847 274 1887; x_wconf 82' lang='lat' dir='ltr'>poposcerit.</span> <span class='ocrx_word' id='word_1_233' title='bbox 318 1846 418 1876; x_wconf 88' lang='lat' dir='ltr'>Vides</span> <span class='ocrx_word' id='word_1_234' title='bbox 448 1850 621 1885; x_wconf 85' lang='lat' dir='ltr'>tamquam</span> <span class='ocrx_word' id='word_1_235' title='bbox 653 1856 707 1876; x_wconf 82' lang='lat' dir='ltr'>res</span> <span class='ocrx_word' id='word_1_236' title='bbox 733 1856 804 1877; x_wconf 88' lang='lat' dir='ltr'>eas-</span> 
     </span>
     <span class='ocr_line' id='line_1_41' title="bbox 75 1887 804 1930; baseline 0.001 -11"><span class='ocrx_word' id='word_1_237' title='bbox 75 1888 151 1919; x_wconf 91' lang='lat' dir='ltr'>dem</span> <span class='ocrx_word' id='word_1_238' title='bbox 169 1890 352 1929; x_wconf 88' lang='lat' dir='ltr'>permutari</span> <span class='ocrx_word' id='word_1_239' title='bbox 365 1887 624 1930; x_wconf 77' lang='lat' dir='ltr'>jurisdictionem</span> <span class='ocrx_word' id='word_1_240' title='bbox 641 1896 675 1920; x_wconf 90' lang='lat' dir='ltr'>et</span> <span class='ocrx_word' id='word_1_241' title='bbox 691 1889 804 1921; x_wconf 86' lang='lat' dir='ltr'>decre-</span> 
     </span>
     <span class='ocr_line' id='line_1_42' title="bbox 74 1933 802 1964; baseline 0.003 -2"><span class='ocrx_word' id='word_1_242' title='bbox 74 1939 112 1962; x_wconf 88' lang='lat' dir='ltr'>ta</span> <span class='ocrx_word' id='word_1_243' title='bbox 127 1941 203 1963; x_wconf 89' lang='lat' dir='ltr'>cum</span> <span class='ocrx_word' id='word_1_244' title='bbox 220 1933 342 1963; x_wconf 84' lang='lat' dir='ltr'>edicto.</span> <span class='ocrx_word' id='word_1_245' title='bbox 365 1933 457 1963; x_wconf 76' lang='lat' dir='ltr'>verr.</span> <span class='ocrx_word' id='word_1_246' title='bbox 474 1933 495 1962; x_wconf 90' lang='lat' dir='ltr'>i.</span> <span class='ocrx_word' id='word_1_247' title='bbox 510 1935 562 1963; x_wconf 85' lang='lat'>40.</span> <span class='ocrx_word' id='word_1_248' title='bbox 579 1938 663 1964; x_wconf 84' lang='lat' dir='ltr'>extr.</span> <span class='ocrx_word' id='word_1_249' title='bbox 687 1933 735 1963; x_wconf 88' lang='lat' dir='ltr'>ita</span> <span class='ocrx_word' id='word_1_250' title='bbox 750 1943 802 1964; x_wconf 87' lang='lat' dir='ltr'>me</span> 
     </span>
     <span class='ocr_line' id='line_1_43' title="bbox 75 1976 802 2016; baseline 0.001 -10"><span class='ocrx_word' id='word_1_251' title='bbox 75 1976 116 2006; x_wconf 90' lang='lat' dir='ltr'>de</span> <span class='ocrx_word' id='word_1_252' title='bbox 132 1982 287 2016; x_wconf 77' lang='lat' dir='ltr'>praeturae</span> <span class='ocrx_word' id='word_1_253' title='bbox 309 1977 502 2006; x_wconf 84' lang='lat' dir='ltr'>criminibus</span> <span class='ocrx_word' id='word_1_254' title='bbox 526 1976 692 2014; x_wconf 84' lang='lat' dir='ltr'>auditote,</span> <span class='ocrx_word' id='word_1_255' title='bbox 707 1982 746 2007; x_wconf 92' lang='lat' dir='ltr'>ut</span> <span class='ocrx_word' id='word_1_256' title='bbox 762 1987 802 2008; x_wconf 88' lang='lat' dir='ltr'>ex</span> 
     </span>
     <span class='ocr_line' id='line_1_44' title="bbox 77 2017 804 2060; baseline 0.001 -11"><span class='ocrx_word' id='word_1_257' title='bbox 77 2022 218 2059; x_wconf 84' lang='lat' dir='ltr'>utroque</span> <span class='ocrx_word' id='word_1_258' title='bbox 234 2029 355 2059; x_wconf 88' lang='lat' dir='ltr'>genere</span> <span class='ocrx_word' id='word_1_259' title='bbox 372 2023 407 2050; x_wconf 86' lang='lat' dir='ltr'>et.</span> <span class='ocrx_word' id='word_1_260' title='bbox 419 2017 513 2060; x_wconf 84' lang='lat' dir='ltr'>juris</span> <span class='ocrx_word' id='word_1_261' title='bbox 533 2020 666 2050; x_wconf 70' lang='lat' dir='ltr'>dicundi</span> <span class='ocrx_word' id='word_1_262' title='bbox 687 2023 723 2051; x_wconf 85' lang='lat' dir='ltr'>et</span> <span class='ocrx_word' id='word_1_263' title='bbox 735 2030 804 2050; x_wconf 88' lang='lat' dir='ltr'>sar-</span> 
     </span>
     <span class='ocr_line' id='line_1_45' title="bbox 73 2061 803 2104; baseline 0.003 -12"><span class='ocrx_word' id='word_1_264' title='bbox 73 2066 187 2093; x_wconf 84' lang='lat' dir='ltr'>torum</span> <span class='ocrx_word' id='word_1_265' title='bbox 210 2063 270 2093; x_wconf 70' lang='lat' dir='ltr'>dcc.</span> <span class='ocrx_word' id='word_1_266' title='bbox 298 2063 404 2100; x_wconf 84' lang='lat' dir='ltr'>Locus</span> <span class='ocrx_word' id='word_1_267' title='bbox 422 2063 460 2093; x_wconf 81' lang='lat' dir='ltr'>de</span> <span class='ocrx_word' id='word_1_268' title='bbox 474 2061 702 2104; x_wconf 72' lang='lat' dir='ltr'>jurisdictione</span> <span class='ocrx_word' id='word_1_269' title='bbox 722 2063 803 2094; x_wconf 90' lang='lat' dir='ltr'>Ver-</span> 
     </span>
     <span class='ocr_line' id='line_1_46' title="bbox 74 2106 802 2138; baseline 0.001 -1"><span class='ocrx_word' id='word_1_270' title='bbox 74 2106 119 2137; x_wconf 86' lang='lat' dir='ltr'>ris</span> <span class='ocrx_word' id='word_1_271' title='bbox 144 2109 196 2137; x_wconf 85' lang='lat' dir='ltr'>est</span> <span class='ocrx_word' id='word_1_272' title='bbox 220 2116 249 2137; x_wconf 92' lang='lat' dir='ltr'>c.</span> <span class='ocrx_word' id='word_1_273' title='bbox 272 2109 412 2137; x_wconf 85' lang='grc'><strong>41-48.</strong></span> <span class='ocrx_word' id='word_1_274' title='bbox 439 2111 533 2137; x_wconf 87' lang='lat' dir='ltr'>totus</span> <span class='ocrx_word' id='word_1_275' title='bbox 556 2112 669 2137; x_wconf 86' lang='lat' dir='ltr'>autem</span> <span class='ocrx_word' id='word_1_276' title='bbox 693 2111 744 2138; x_wconf 85' lang='lat' dir='ltr'>est</span> <span class='ocrx_word' id='word_1_277' title='bbox 767 2108 802 2138; x_wconf 89' lang='lat' dir='ltr'>in</span> 
     </span>
     <span class='ocr_line' id='line_1_47' title="bbox 58 2150 802 2190; baseline 0.001 -10"><span class='ocrx_word' id='word_1_278' title='bbox 58 2150 304 2190; x_wconf 81' lang='lat' dir='ltr'>‘exprobrando</span> <span class='ocrx_word' id='word_1_279' title='bbox 325 2150 436 2180; x_wconf 89' lang='lat' dir='ltr'>edicto</span> <span class='ocrx_word' id='word_1_280' title='bbox 462 2150 589 2188; x_wconf 86' lang='lat' dir='ltr'>iniquo,</span> <span class='ocrx_word' id='word_1_281' title='bbox 605 2155 640 2180; x_wconf 89' lang='lat' dir='ltr'>et</span> <span class='ocrx_word' id='word_1_282' title='bbox 662 2150 802 2181; x_wconf 82' lang='lat' dir='ltr'>decretis</span> 
     </span>
     <span class='ocr_line' id='line_1_48' title="bbox 74 2192 800 2233; baseline 0.001 -10"><span class='ocrx_word' id='word_1_283' title='bbox 74 2192 220 2233; x_wconf 85' lang='lat' dir='ltr'>injustis.</span> <span class='ocrx_word' id='word_1_284' title='bbox 243 2193 322 2224; x_wconf 85' lang='lat' dir='ltr'>ibid.</span> <span class='ocrx_word' id='word_1_285' title='bbox 346 2194 400 2224; x_wconf 81' lang='lat'>46.</span> <span class='ocrx_word' id='word_1_286' title='bbox 426 2202 499 2232; x_wconf 81' lang='lat' dir='ltr'>quae</span> <span class='ocrx_word' id='word_1_287' title='bbox 526 2193 626 2224; x_wconf 87' lang='lat' dir='ltr'>libido</span> <span class='ocrx_word' id='word_1_288' title='bbox 648 2194 743 2225; x_wconf 89' lang='lat' dir='ltr'>istius</span> <span class='ocrx_word' id='word_1_289' title='bbox 767 2195 800 2224; x_wconf 90' lang='lat' dir='ltr'>in</span> 
     </span>
     <span class='ocr_line' id='line_1_49' title="bbox 63 2233 799 2278; baseline 0.001 -11"><span class='ocrx_word' id='word_1_290' title='bbox 63 2233 148 2278; x_wconf 80' lang='lat' dir='ltr'>jure</span> <span class='ocrx_word' id='word_1_291' title='bbox 169 2237 317 2275; x_wconf 75' lang='lat' dir='ltr'>dicundo,</span> <span class='ocrx_word' id='word_1_292' title='bbox 333 2246 406 2276; x_wconf 87' lang='lat' dir='ltr'>quae</span> <span class='ocrx_word' id='word_1_293' title='bbox 430 2238 570 2267; x_wconf 81' lang='lat' dir='ltr'>varietas</span> <span class='ocrx_word' id='word_1_294' title='bbox 592 2237 799 2268; x_wconf 86' lang='lat' dir='ltr'>decretorum</span> 
     </span>
     <span class='ocr_line' id='line_1_50' title="bbox 73 2279 801 2320; baseline 0.001 -10"><span class='ocrx_word' id='word_1_295' title='bbox 73 2279 187 2311; x_wconf 76' lang='lat' dir='ltr'>fuerit.</span> <span class='ocrx_word' id='word_1_296' title='bbox 205 2280 248 2311; x_wconf 80' lang='lat' dir='ltr'>cf.</span> <span class='ocrx_word' id='word_1_297' title='bbox 264 2281 306 2311; x_wconf 87' lang='lat' dir='ltr'>ad</span> <span class='ocrx_word' id='word_1_298' title='bbox 321 2280 363 2320; x_wconf 74' lang='grc' dir='ltr'>Ω.</span> <span class='ocrx_word' id='word_1_299' title='bbox 379 2280 430 2310; x_wconf 84' lang='lat' dir='ltr'>Fr.</span> <span class='ocrx_word' id='word_1_300' title='bbox 445 2281 466 2310; x_wconf 85' lang='lat' dir='ltr'>i.</span> <span class='ocrx_word' id='word_1_301' title='bbox 488 2283 513 2311; x_wconf 88' lang='lat' dir='ltr'>l.</span> <span class='ocrx_word' id='word_1_302' title='bbox 531 2291 559 2310; x_wconf 91' lang='lat' dir='ltr'>c.</span> <span class='ocrx_word' id='word_1_303' title='bbox 575 2283 606 2314; x_wconf 83' lang='lat'>7.</span> <span class='ocrx_word' id='word_1_304' title='bbox 630 2281 664 2319; x_wconf 74' lang='lat'>2)</span> <span class='ocrx_word' id='word_1_305' title='bbox 684 2280 801 2312; x_wconf 85' lang='lat' dir='ltr'>Romae</span> 
     </span>
     <span class='ocr_line' id='line_1_51' title="bbox 74 2324 802 2364; baseline 0.001 -10"><span class='ocrx_word' id='word_1_306' title='bbox 74 2324 133 2354; x_wconf 92' lang='lat' dir='ltr'>uni</span> <span class='ocrx_word' id='word_1_307' title='bbox 157 2325 291 2364; x_wconf 87' lang='lat' dir='ltr'>praetori</span> <span class='ocrx_word' id='word_1_308' title='bbox 314 2324 440 2354; x_wconf 87' lang='lat' dir='ltr'>urbano</span> <span class='ocrx_word' id='word_1_309' title='bbox 462 2324 636 2361; x_wconf 85' lang='lat' dir='ltr'>tribuitur,</span> <span class='ocrx_word' id='word_1_310' title='bbox 651 2330 686 2354; x_wconf 89' lang='lat' dir='ltr'>et</span> <span class='ocrx_word' id='word_1_311' title='bbox 709 2334 802 2364; x_wconf 88' lang='lat' dir='ltr'>perc-</span> 
     </span>
     <span class='ocr_line' id='line_1_52' title="bbox 75 2367 802 2407; baseline 0 -10"><span class='ocrx_word' id='word_1_312' title='bbox 75 2367 185 2406; x_wconf 81' lang='lat' dir='ltr'>grino,</span> <span class='ocrx_word' id='word_1_313' title='bbox 197 2377 338 2407; x_wconf 84' lang='lat' dir='ltr'>quorum</span> <span class='ocrx_word' id='word_1_314' title='bbox 356 2368 570 2407; x_wconf 75' lang='lat' dir='ltr'>magistratus</span> <span class='ocrx_word' id='word_1_315' title='bbox 587 2367 621 2397; x_wconf 92' lang='lat' dir='ltr'>in</span> <span class='ocrx_word' id='word_1_316' title='bbox 637 2367 711 2398; x_wconf 91' lang='lat' dir='ltr'>solis</span> <span class='ocrx_word' id='word_1_317' title='bbox 724 2378 802 2398; x_wconf 91' lang='lat' dir='ltr'>cau-</span> 
     </span>
     <span class='ocr_line' id='line_1_53' title="bbox 74 2410 801 2451; baseline 0.003 -11"><span class='ocrx_word' id='word_1_318' title='bbox 74 2411 118 2440; x_wconf 77' lang='lat' dir='ltr'>sis</span> <span class='ocrx_word' id='word_1_319' title='bbox 148 2412 285 2451; x_wconf 86' lang='lat' dir='ltr'>privatis</span> <span class='ocrx_word' id='word_1_320' title='bbox 314 2412 518 2448; x_wconf 79' lang='lat' dir='ltr'>versabatur,</span> <span class='ocrx_word' id='word_1_321' title='bbox 553 2411 628 2451; x_wconf 87' lang='lat' dir='ltr'>(nisi</span> <span class='ocrx_word' id='word_1_322' title='bbox 658 2412 685 2441; x_wconf 89' lang='lat' dir='ltr'>si</span> <span class='ocrx_word' id='word_1_323' title='bbox 715 2410 801 2442; x_wconf 83' lang='lat' dir='ltr'>forte</span> 
     </span>
     <span class='ocr_line' id='line_1_54' title="bbox 74 2452 801 2493; baseline 0.001 -9"><span class='ocrx_word' id='word_1_324' title='bbox 74 2452 176 2491; x_wconf 89' lang='lat' dir='ltr'>SCto,</span> <span class='ocrx_word' id='word_1_325' title='bbox 192 2459 252 2484; x_wconf 87' lang='lat' dir='ltr'>aut</span> <span class='ocrx_word' id='word_1_326' title='bbox 273 2454 339 2484; x_wconf 92' lang='lat' dir='ltr'>alia</span> <span class='ocrx_word' id='word_1_327' title='bbox 361 2464 461 2485; x_wconf 83' lang='lat' dir='ltr'>causa</span> <span class='ocrx_word' id='word_1_328' title='bbox 481 2455 527 2484; x_wconf 90' lang='lat' dir='ltr'>eis</span> <span class='ocrx_word' id='word_1_329' title='bbox 543 2455 646 2485; x_wconf 89' lang='lat' dir='ltr'>etiam</span> <span class='ocrx_word' id='word_1_330' title='bbox 662 2455 801 2493; x_wconf 83' lang='lat' dir='ltr'>quaestio</span> 
     </span>
     <span class='ocr_line' id='line_1_55' title="bbox 75 2497 801 2536; baseline 0.001 -9"><span class='ocrx_word' id='word_1_331' title='bbox 75 2497 227 2536; x_wconf 84' lang='lat' dir='ltr'>quaedam</span> <span class='ocrx_word' id='word_1_332' title='bbox 242 2499 370 2529; x_wconf 88' lang='lat' dir='ltr'>tributa</span> <span class='ocrx_word' id='word_1_333' title='bbox 393 2497 471 2535; x_wconf 82' lang='lat' dir='ltr'>suit,</span> <span class='ocrx_word' id='word_1_334' title='bbox 486 2503 525 2528; x_wconf 89' lang='lat' dir='ltr'>ut</span> <span class='ocrx_word' id='word_1_335' title='bbox 540 2497 646 2528; x_wconf 84' lang='lat' dir='ltr'>Verri.</span> <span class='ocrx_word' id='word_1_336' title='bbox 662 2508 691 2528; x_wconf 93' lang='lat' dir='ltr'>v.</span> <span class='ocrx_word' id='word_1_337' title='bbox 708 2497 801 2528; x_wconf 89' lang='lat' dir='ltr'>Verr.</span> 
     </span>
     <span class='ocr_line' id='line_1_56' title="bbox 74 2540 802 2581; baseline 0 -10"><span class='ocrx_word' id='word_1_338' title='bbox 74 2540 97 2570; x_wconf 84' lang='lat' dir='ltr'>i.</span> <span class='ocrx_word' id='word_1_339' title='bbox 120 2540 188 2579; x_wconf 84' lang='lat'>60.)</span> <span class='ocrx_word' id='word_1_340' title='bbox 214 2548 248 2571; x_wconf 90' lang='lat' dir='ltr'>et</span> <span class='ocrx_word' id='word_1_341' title='bbox 271 2542 510 2581; x_wconf 71' lang='lat' dir='ltr'>quaestionibus</span> <span class='ocrx_word' id='word_1_342' title='bbox 526 2541 648 2571; x_wconf 78' lang='lat' dir='ltr'>diserte</span> <span class='ocrx_word' id='word_1_343' title='bbox 663 2542 802 2581; x_wconf 89' lang='lat' dir='ltr'>opponi-</span> 
     </span>
     <span class='ocr_line' id='line_1_57' title="bbox 72 2584 802 2623; baseline 0.001 -9"><span class='ocrx_word' id='word_1_344' title='bbox 72 2587 141 2614; x_wconf 80' lang='lat' dir='ltr'>tur.</span> <span class='ocrx_word' id='word_1_345' title='bbox 163 2584 258 2615; x_wconf 79' lang='lat' dir='ltr'>Vei-r.</span> <span class='ocrx_word' id='word_1_346' title='bbox 274 2585 296 2616; x_wconf 92' lang='lat' dir='ltr'>i.</span> <span class='ocrx_word' id='word_1_347' title='bbox 309 2587 364 2619; x_wconf 87' lang='lat'>47.</span> <span class='ocrx_word' id='word_1_348' title='bbox 386 2585 503 2616; x_wconf 81' lang='lat' dir='ltr'>Verres</span> <span class='ocrx_word' id='word_1_349' title='bbox 519 2585 634 2623; x_wconf 84' lang='lat' dir='ltr'>objicit</span> <span class='ocrx_word' id='word_1_350' title='bbox 647 2584 687 2614; x_wconf 89' lang='lat' dir='ltr'>de</span> <span class='ocrx_word' id='word_1_351' title='bbox 704 2585 802 2615; x_wconf 85' lang='lat' dir='ltr'>liber-</span> 
     </span>
     <span class='ocr_line' id='line_1_58' title="bbox 71 2627 803 2668; baseline 0.003 -12"><span class='ocrx_word' id='word_1_352' title='bbox 71 2628 120 2666; x_wconf 81' lang='lat' dir='ltr'>to,</span> <span class='ocrx_word' id='word_1_353' title='bbox 135 2628 190 2657; x_wconf 89' lang='lat' dir='ltr'>cui</span> <span class='ocrx_word' id='word_1_354' title='bbox 207 2627 429 2658; x_wconf 80' lang='lat' dir='ltr'>hereditatem</span> <span class='ocrx_word' id='word_1_355' title='bbox 446 2628 615 2658; x_wconf 84' lang='lat' dir='ltr'>ademerat</span> <span class='ocrx_word' id='word_1_356' title='bbox 630 2629 664 2658; x_wconf 90' lang='lat' dir='ltr'>in</span> <span class='ocrx_word' id='word_1_357' title='bbox 681 2632 803 2668; x_wconf 82' lang='lat' dir='ltr'>praetu-</span> 
     </span>
     <span class='ocr_line' id='line_1_59' title="bbox 71 2670 801 2711; baseline 0.004 -12"><span class='ocrx_word' id='word_1_358' title='bbox 71 2678 110 2699; x_wconf 89' lang='lat' dir='ltr'>ra</span> <span class='ocrx_word' id='word_1_359' title='bbox 131 2671 278 2702; x_wconf 87' lang='lat' dir='ltr'>urbana:</span> <span class='ocrx_word' id='word_1_360' title='bbox 304 2671 529 2711; x_wconf 75' lang='lat' dir='ltr'>Proscriptum</span> <span class='ocrx_word' id='word_1_361' title='bbox 545 2672 648 2709; x_wconf 88' lang='lat' dir='ltr'>juvit,</span> <span class='ocrx_word' id='word_1_362' title='bbox 663 2670 714 2701; x_wconf 88' lang='lat' dir='ltr'>lex</span> <span class='ocrx_word' id='word_1_363' title='bbox 737 2678 801 2708; x_wconf 90' lang='lat' dir='ltr'>est,</span> 
     </span>
     <span class='ocr_line' id='line_1_60' title="bbox 74 2714 802 2755; baseline 0.003 -13"><span class='ocrx_word' id='word_1_364' title='bbox 74 2720 173 2752; x_wconf 85' lang='lat' dir='ltr'>poena</span> <span class='ocrx_word' id='word_1_365' title='bbox 194 2718 256 2744; x_wconf 82' lang='lat' dir='ltr'>est.</span> <span class='ocrx_word' id='word_1_366' title='bbox 301 2715 418 2745; x_wconf 88' lang='lat' dir='ltr'>Cicero</span> <span class='ocrx_word' id='word_1_367' title='bbox 442 2715 617 2755; x_wconf 72' lang='lat' dir='ltr'>respondet</span> <span class='ocrx_word' id='word_1_368' title='bbox 635 2726 640 2744; x_wconf 82' lang='lat' dir='ltr'>z</span> <span class='ocrx_word' id='word_1_369' title='bbox 664 2714 753 2753; x_wconf 73' lang='lat' dir='ltr'>Quid</span> <span class='ocrx_word' id='word_1_370' title='bbox 769 2715 802 2745; x_wconf 89' lang='lat' dir='ltr'>id</span> 
     </span>
     <span class='ocr_line' id='line_1_61' title="bbox 73 2755 802 2798; baseline 0.003 -13"><span class='ocrx_word' id='word_1_371' title='bbox 73 2755 115 2785; x_wconf 85' lang='lat' dir='ltr'>ad</span> <span class='ocrx_word' id='word_1_372' title='bbox 130 2766 222 2794; x_wconf 86' lang='lat' dir='ltr'>eum,</span> <span class='ocrx_word' id='word_1_373' title='bbox 238 2757 294 2797; x_wconf 90' lang='lat' dir='ltr'>qui</span> <span class='ocrx_word' id='word_1_374' title='bbox 304 2759 362 2797; x_wconf 87' lang='lat' dir='ltr'>jus</span> <span class='ocrx_word' id='word_1_375' title='bbox 377 2759 459 2789; x_wconf 89' lang='lat' dir='ltr'>dicit</span> <span class='ocrx_word' id='word_1_376' title='bbox 473 2760 484 2789; x_wconf 92' lang='lat'>?</span> <span class='ocrx_word' id='word_1_377' title='bbox 511 2759 640 2798; x_wconf 84' lang='lat' dir='ltr'>Nempe</span> <span class='ocrx_word' id='word_1_378' title='bbox 665 2760 728 2788; x_wconf 82' lang='lat' dir='ltr'>ista</span> <span class='ocrx_word' id='word_1_379' title='bbox 752 2768 802 2788; x_wconf 88' lang='lat' dir='ltr'>res</span> 
     </span>
     <span class='ocr_line' id='line_1_62' title="bbox 74 2801 802 2842; baseline 0.004 -14"><span class='ocrx_word' id='word_1_380' title='bbox 74 2802 127 2828; x_wconf 83' lang='lat' dir='ltr'>est</span> <span class='ocrx_word' id='word_1_381' title='bbox 149 2801 353 2839; x_wconf 71' lang='lat' dir='ltr'>quaestionis,</span> <span class='ocrx_word' id='word_1_382' title='bbox 370 2807 421 2833; x_wconf 85' lang='lat' dir='ltr'>est</span> <span class='ocrx_word' id='word_1_383' title='bbox 444 2812 544 2833; x_wconf 87' lang='lat' dir='ltr'>causa</span> <span class='ocrx_word' id='word_1_384' title='bbox 566 2801 712 2842; x_wconf 84' lang='lat' dir='ltr'>publica,</span> <span class='ocrx_word' id='word_1_385' title='bbox 728 2811 802 2840; x_wconf 79' lang='lat' dir='ltr'>quae</span> 
     </span>
     <span class='ocr_line' id='line_1_63' title="bbox 63 2839 803 2884; baseline 0.001 -10"><span class='ocrx_word' id='word_1_386' title='bbox 63 2839 290 2884; x_wconf 66' lang='lat' dir='ltr'>jurisdictioni</span> <span class='ocrx_word' id='word_1_387' title='bbox 323 2854 390 2876; x_wconf 89' lang='lat' dir='ltr'>non</span> <span class='ocrx_word' id='word_1_388' title='bbox 421 2846 546 2877; x_wconf 85' lang='lat' dir='ltr'>subest.</span> <span class='ocrx_word' id='word_1_389' title='bbox 599 2845 715 2884; x_wconf 87' lang='lat' dir='ltr'>ltaque</span> <span class='ocrx_word' id='word_1_390' title='bbox 741 2842 803 2884; x_wconf 75' lang='lat' dir='ltr'>jus</span> 
     </span>
     <span class='ocr_line' id='line_1_64' title="bbox 71 2884 803 2930; baseline 0.004 -14"><span class='ocrx_word' id='word_1_391' title='bbox 71 2884 190 2923; x_wconf 66' lang='lat' dir='ltr'>dien-e,</span> <span class='ocrx_word' id='word_1_392' title='bbox 205 2889 239 2918; x_wconf 87' lang='lat' dir='ltr'>et</span> <span class='ocrx_word' id='word_1_393' title='bbox 250 2885 439 2929; x_wconf 72' lang='lat' dir='ltr'>jurisdictio</span> <span class='ocrx_word' id='word_1_394' title='bbox 461 2899 528 2922; x_wconf 84' lang='lat' dir='ltr'>nou</span> <span class='ocrx_word' id='word_1_395' title='bbox 547 2889 651 2920; x_wconf 73' lang='lat' dir='ltr'>semel</span> <span class='ocrx_word' id='word_1_396' title='bbox 668 2889 803 2930; x_wconf 85' lang='lat' dir='ltr'>ponitur</span> 
     </span>
    </p>
   </div>
   <div class='ocr_carea' id='block_1_3' title="bbox 1501 103 1584 151">
    <p class='ocr_par' dir='ltr' id='par_1_6' title="bbox 1501 103 1584 151">
     <span class='ocr_line' id='line_1_65' title="bbox 1501 103 1584 151; baseline 0.012 -8"><span class='ocrx_word' id='word_1_397' title='bbox 1501 103 1584 151; x_wconf 79' lang='lat'>337</span> 
     </span>
    </p>
   </div>
   <div class='ocr_carea' id='block_1_4' title="bbox 838 196 1579 1883">
    <p class='ocr_par' dir='ltr' id='par_1_7' title="bbox 838 196 1579 1883">
     <span class='ocr_line' id='line_1_66' title="bbox 852 196 1579 235; baseline 0.015 -12"><span class='ocrx_word' id='word_1_398' title='bbox 852 205 911 234; x_wconf 81' lang='lat' dir='ltr'>pro</span> <span class='ocrx_word' id='word_1_399' title='bbox 936 196 1007 235; x_wconf 81' lang='lat' dir='ltr'>ipsa</span> <span class='ocrx_word' id='word_1_400' title='bbox 1029 201 1174 235; x_wconf 71' lang='lat' dir='ltr'>praetura</span> <span class='ocrx_word' id='word_1_401' title='bbox 1195 198 1331 230; x_wconf 75' lang='lat' dir='ltr'>urbana.</span> <span class='ocrx_word' id='word_1_402' title='bbox 1355 198 1446 231; x_wconf 85' lang='lat' dir='ltr'>Vcrr.</span> <span class='ocrx_word' id='word_1_403' title='bbox 1469 210 1499 232; x_wconf 84' lang='lat' dir='ltr'>v.</span> <span class='ocrx_word' id='word_1_404' title='bbox 1527 205 1579 235; x_wconf 83' lang='lat'>15.</span> 
     </span>
     <span class='ocr_line' id='line_1_67' title="bbox 852 238 1576 282; baseline 0.012 -15"><span class='ocrx_word' id='word_1_405' title='bbox 852 247 928 268; x_wconf 84' lang='lat' dir='ltr'>cum</span> <span class='ocrx_word' id='word_1_406' title='bbox 945 238 1004 268; x_wconf 88' lang='lat' dir='ltr'>tibi</span> <span class='ocrx_word' id='word_1_407' title='bbox 1021 246 1108 268; x_wconf 82' lang='lat' dir='ltr'>sorte</span> <span class='ocrx_word' id='word_1_408' title='bbox 1123 241 1306 279; x_wconf 64' lang='lat' dir='ltr'>obtigisset,</span> <span class='ocrx_word' id='word_1_409' title='bbox 1322 249 1359 272; x_wconf 86' lang='lat' dir='ltr'>ut</span> <span class='ocrx_word' id='word_1_410' title='bbox 1371 241 1433 282; x_wconf 72' lang='lat' dir='ltr'>jue</span> <span class='ocrx_word' id='word_1_411' title='bbox 1446 244 1576 276; x_wconf 67' lang='lat' dir='ltr'>diceres.</span> 
     </span>
     <span class='ocr_line' id='line_1_68' title="bbox 852 281 1578 326; baseline 0.011 -16"><span class='ocrx_word' id='word_1_412' title='bbox 852 281 984 311; x_wconf 75' lang='lat' dir='ltr'>Mur-cn.</span> <span class='ocrx_word' id='word_1_413' title='bbox 1004 284 1053 317; x_wconf 84' lang='lat'>19,</span> <span class='ocrx_word' id='word_1_414' title='bbox 1066 283 1117 312; x_wconf 69' lang='lat'>20.</span> <span class='ocrx_word' id='word_1_415' title='bbox 1143 284 1175 312; x_wconf 93' lang='lat' dir='ltr'>in</span> <span class='ocrx_word' id='word_1_416' title='bbox 1194 285 1261 323; x_wconf 81' lang='lat' dir='ltr'>ipsa</span> <span class='ocrx_word' id='word_1_417' title='bbox 1279 291 1421 326; x_wconf 67' lang='lat' dir='ltr'>praetura</span> <span class='ocrx_word' id='word_1_418' title='bbox 1437 287 1518 317; x_wconf 86' lang='lat' dir='ltr'>nihil</span> <span class='ocrx_word' id='word_1_419' title='bbox 1534 298 1578 319; x_wconf 82' lang='grc' dir='ltr'>ιιο</span> 
     </span>
     <span class='ocr_line' id='line_1_69' title="bbox 851 325 1573 362; baseline 0.011 -9"><span class='ocrx_word' id='word_1_420' title='bbox 851 325 1020 355; x_wconf 76' lang='lat' dir='ltr'>existimas</span> <span class='ocrx_word' id='word_1_421' title='bbox 1043 325 1129 354; x_wconf 85' lang='lat' dir='ltr'>inter</span> <span class='ocrx_word' id='word_1_422' title='bbox 1157 333 1249 357; x_wconf 88' lang='lat' dir='ltr'>tuam</span> <span class='ocrx_word' id='word_1_423' title='bbox 1273 335 1305 358; x_wconf 83' lang='lat' dir='ltr'>et</span> <span class='ocrx_word' id='word_1_424' title='bbox 1333 330 1425 359; x_wconf 71' lang='lat' dir='ltr'>istius</span> <span class='ocrx_word' id='word_1_425' title='bbox 1449 335 1573 362; x_wconf 80' lang='lat' dir='ltr'>sortem</span> 
     </span>
     <span class='ocr_line' id='line_1_70' title="bbox 852 368 1574 412; baseline 0.01 -15"><span class='ocrx_word' id='word_1_426' title='bbox 852 368 1062 398; x_wconf 82' lang='lat' dir='ltr'>interfuisse?</span> <span class='ocrx_word' id='word_1_427' title='bbox 1083 368 1232 400; x_wconf 66' lang='lat' dir='ltr'>Murenae</span> <span class='ocrx_word' id='word_1_428' title='bbox 1247 380 1315 400; x_wconf 77' lang='lat' dir='ltr'>sors</span> <span class='ocrx_word' id='word_1_429' title='bbox 1330 383 1369 402; x_wconf 78' lang='lat' dir='ltr'>ca</span> <span class='ocrx_word' id='word_1_430' title='bbox 1384 373 1460 409; x_wconf 74' lang='lat' dir='ltr'>fnit,</span> <span class='ocrx_word' id='word_1_431' title='bbox 1473 383 1574 412; x_wconf 85' lang='lat' dir='ltr'>quam</span> 
     </span>
     <span class='ocr_line' id='line_1_71' title="bbox 850 412 1574 455; baseline 0.01 -15"><span class='ocrx_word' id='word_1_432' title='bbox 850 421 965 441; x_wconf 85' lang='lat' dir='ltr'>omnes</span> <span class='ocrx_word' id='word_1_433' title='bbox 993 412 1166 441; x_wconf 68' lang='lat' dir='ltr'>necessarii</span> <span class='ocrx_word' id='word_1_434' title='bbox 1196 414 1245 443; x_wconf 81' lang='lat' dir='ltr'>tui</span> <span class='ocrx_word' id='word_1_435' title='bbox 1278 415 1336 443; x_wconf 80' lang='lat' dir='ltr'>tibi</span> <span class='ocrx_word' id='word_1_436' title='bbox 1364 417 1574 455; x_wconf 64' lang='lat' dir='ltr'>optabamus,</span> 
     </span>
     <span class='ocr_line' id='line_1_72' title="bbox 840 453 1576 499; baseline 0.008 -15"><span class='ocrx_word' id='word_1_437' title='bbox 840 453 934 496; x_wconf 75' lang='lat' dir='ltr'>juris</span> <span class='ocrx_word' id='word_1_438' title='bbox 954 456 1096 485; x_wconf 71' lang='lat' dir='ltr'>dicundi.</span> <span class='ocrx_word' id='word_1_439' title='bbox 1114 456 1192 493; x_wconf 79' lang='lat' dir='ltr'>(suit</span> <span class='ocrx_word' id='word_1_440' title='bbox 1207 463 1318 486; x_wconf 80' lang='lat' dir='ltr'>autem</span> <span class='ocrx_word' id='word_1_441' title='bbox 1336 458 1476 489; x_wconf 69' lang='lat' dir='ltr'>Muri-na</span> <span class='ocrx_word' id='word_1_442' title='bbox 1491 469 1576 499; x_wconf 78' lang='lat' dir='ltr'>prae-</span> 
     </span>
     <span class='ocr_line' id='line_1_73' title="bbox 850 499 1574 541; baseline 0.008 -14"><span class='ocrx_word' id='word_1_443' title='bbox 850 504 902 528; x_wconf 84' lang='lat' dir='ltr'>tor</span> <span class='ocrx_word' id='word_1_444' title='bbox 917 499 1075 534; x_wconf 75' lang='lat' dir='ltr'>urbanus)</span> <span class='ocrx_word' id='word_1_445' title='bbox 1096 509 1161 537; x_wconf 82' lang='lat' dir='ltr'>qua</span> <span class='ocrx_word' id='word_1_446' title='bbox 1184 499 1218 528; x_wconf 76' lang='lat' dir='ltr'>izi</span> <span class='ocrx_word' id='word_1_447' title='bbox 1235 506 1322 529; x_wconf 80' lang='lat' dir='ltr'>sorte</span> <span class='ocrx_word' id='word_1_448' title='bbox 1345 502 1473 540; x_wconf 73' lang='lat' dir='ltr'>sapiens</span> <span class='ocrx_word' id='word_1_449' title='bbox 1491 513 1574 541; x_wconf 81' lang='lat' dir='ltr'>prae-</span> 
     </span>
     <span class='ocr_line' id='line_1_74' title="bbox 849 541 1573 584; baseline 0.006 -13"><span class='ocrx_word' id='word_1_450' title='bbox 849 547 914 578; x_wconf 82' lang='lat' dir='ltr'>tor,</span> <span class='ocrx_word' id='word_1_451' title='bbox 937 541 1042 581; x_wconf 64' lang='lat' dir='ltr'>quadis</span> <span class='ocrx_word' id='word_1_452' title='bbox 1066 542 1118 572; x_wconf 85' lang='lat' dir='ltr'>bic</span> <span class='ocrx_word' id='word_1_453' title='bbox 1140 542 1218 578; x_wconf 81' lang='lat' dir='ltr'>fuit,</span> <span class='ocrx_word' id='word_1_454' title='bbox 1237 543 1452 573; x_wconf 74' lang='lat' dir='ltr'>offensionem</span> <span class='ocrx_word' id='word_1_455' title='bbox 1476 546 1573 584; x_wconf 68' lang='lat' dir='ltr'>vitat,</span> 
     </span>
     <span class='ocr_line' id='line_1_75' title="bbox 849 585 1574 624; baseline 0.004 -9"><span class='ocrx_word' id='word_1_456' title='bbox 849 585 1075 624; x_wconf 64' lang='lat' dir='ltr'>aequabilitate</span> <span class='ocrx_word' id='word_1_457' title='bbox 1105 585 1316 622; x_wconf 67' lang='lat' dir='ltr'>decerni-nili,</span> <span class='ocrx_word' id='word_1_458' title='bbox 1349 586 1574 618; x_wconf 74' lang='lat' dir='ltr'>benevolenti-</span> 
     </span>
     <span class='ocr_line' id='line_1_76' title="bbox 849 629 1573 669; baseline 0.006 -11"><span class='ocrx_word' id='word_1_459' title='bbox 849 639 901 658; x_wconf 80' lang='lat' dir='ltr'>ani</span> <span class='ocrx_word' id='word_1_460' title='bbox 933 630 1087 667; x_wconf 74' lang='lat' dir='ltr'>adiungit</span> <span class='ocrx_word' id='word_1_461' title='bbox 1122 629 1259 659; x_wconf 82' lang='lat' dir='ltr'>lenitate</span> <span class='ocrx_word' id='word_1_462' title='bbox 1295 629 1462 661; x_wconf 85' lang='lat' dir='ltr'>audiendi.</span> <span class='ocrx_word' id='word_1_463' title='bbox 1492 631 1573 669; x_wconf 87' lang='lat' dir='ltr'>quid</span> 
     </span>
     <span class='ocr_line' id='line_1_77' title="bbox 849 673 1574 714; baseline 0.003 -12"><span class='ocrx_word' id='word_1_464' title='bbox 849 678 909 702; x_wconf 84' lang='lat' dir='ltr'>tua</span> <span class='ocrx_word' id='word_1_465' title='bbox 923 674 1016 702; x_wconf 79' lang='lat' dir='ltr'>sors?</span> <span class='ocrx_word' id='word_1_466' title='bbox 1043 673 1160 710; x_wconf 80' lang='lat' dir='ltr'>tristis,</span> <span class='ocrx_word' id='word_1_467' title='bbox 1176 678 1270 702; x_wconf 78' lang='lat' dir='ltr'>atrox</span> <span class='ocrx_word' id='word_1_468' title='bbox 1284 685 1290 702; x_wconf 90' lang='lat'>:</span> <span class='ocrx_word' id='word_1_469' title='bbox 1317 674 1456 712; x_wconf 67' lang='lat' dir='ltr'>quaestio</span> <span class='ocrx_word' id='word_1_470' title='bbox 1473 684 1574 714; x_wconf 88' lang='lat' dir='ltr'>pecu-</span> 
     </span>
     <span class='ocr_line' id='line_1_78' title="bbox 847 715 1575 755; baseline 0.004 -10"><span class='ocrx_word' id='word_1_471' title='bbox 847 715 946 746; x_wconf 86' lang='lat' dir='ltr'>latus.</span> <span class='ocrx_word' id='word_1_472' title='bbox 961 717 1002 746; x_wconf 85' lang='lat' dir='ltr'>cf.</span> <span class='ocrx_word' id='word_1_473' title='bbox 1019 716 1124 746; x_wconf 78' lang='lat' dir='ltr'>Flacc.</span> <span class='ocrx_word' id='word_1_474' title='bbox 1141 719 1171 746; x_wconf 80' lang='lat'>3.</span> <span class='ocrx_word' id='word_1_475' title='bbox 1218 716 1265 746; x_wconf 79' lang='lat' dir='ltr'>Ex</span> <span class='ocrx_word' id='word_1_476' title='bbox 1282 726 1348 755; x_wconf 82' lang='lat' dir='ltr'>quo</span> <span class='ocrx_word' id='word_1_477' title='bbox 1362 717 1518 754; x_wconf 81' lang='lat' dir='ltr'>efficitur,</span> <span class='ocrx_word' id='word_1_478' title='bbox 1534 724 1575 749; x_wconf 90' lang='lat' dir='ltr'>ut</span> 
     </span>
     <span class='ocr_line' id='line_1_79' title="bbox 849 758 1573 799; baseline 0.003 -10"><span class='ocrx_word' id='word_1_479' title='bbox 849 759 1021 795; x_wconf 75' lang='lat' dir='ltr'>Praetorcs,</span> <span class='ocrx_word' id='word_1_480' title='bbox 1037 760 1092 798; x_wconf 81' lang='lat' dir='ltr'>qui</span> <span class='ocrx_word' id='word_1_481' title='bbox 1111 758 1242 799; x_wconf 84' lang='lat' dir='ltr'>publica</span> <span class='ocrx_word' id='word_1_482' title='bbox 1259 759 1388 797; x_wconf 86' lang='lat' dir='ltr'>judicia</span> <span class='ocrx_word' id='word_1_483' title='bbox 1401 766 1573 799; x_wconf 82' lang='lat' dir='ltr'>exercent,</span> 
     </span>
     <span class='ocr_line' id='line_1_80' title="bbox 838 801 1576 844; baseline 0.003 -12"><span class='ocrx_word' id='word_1_484' title='bbox 838 801 1098 842; x_wconf 68' lang='lat' dir='ltr'>jurisdictionem</span> <span class='ocrx_word' id='word_1_485' title='bbox 1115 802 1241 832; x_wconf 86' lang='lat' dir='ltr'>nullam</span> <span class='ocrx_word' id='word_1_486' title='bbox 1258 802 1424 842; x_wconf 81' lang='lat' dir='ltr'>habeant3</span> <span class='ocrx_word' id='word_1_487' title='bbox 1442 803 1500 834; x_wconf 87' lang='lat' dir='ltr'>sed</span> <span class='ocrx_word' id='word_1_488' title='bbox 1517 814 1576 844; x_wconf 88' lang='lat' dir='ltr'>po-</span> 
     </span>
     <span class='ocr_line' id='line_1_81' title="bbox 847 846 1572 889; baseline 0.004 -14"><span class='ocrx_word' id='word_1_489' title='bbox 847 846 914 889; x_wconf 63' lang='lat' dir='ltr'>tius</span> <span class='ocrx_word' id='word_1_490' title='bbox 942 847 1131 886; x_wconf 82' lang='lat' dir='ltr'>imperium,</span> <span class='ocrx_word' id='word_1_491' title='bbox 1157 856 1270 876; x_wconf 77' lang='lat' dir='ltr'>verum</span> <span class='ocrx_word' id='word_1_492' title='bbox 1297 846 1391 876; x_wconf 83' lang='lat' dir='ltr'>civile</span> <span class='ocrx_word' id='word_1_493' title='bbox 1417 853 1451 877; x_wconf 90' lang='lat' dir='ltr'>et</span> <span class='ocrx_word' id='word_1_494' title='bbox 1479 848 1572 886; x_wconf 86' lang='lat' dir='ltr'>quasi</span> 
     </span>
     <span class='ocr_line' id='line_1_82' title="bbox 846 890 1571 930; baseline 0.004 -11"><span class='ocrx_word' id='word_1_495' title='bbox 846 893 1012 928; x_wconf 77' lang='lat' dir='ltr'>togatum,</span> <span class='ocrx_word' id='word_1_496' title='bbox 1028 900 1058 919; x_wconf 81' lang='lat' dir='ltr'>v.</span> <span class='ocrx_word' id='word_1_497' title='bbox 1082 890 1270 930; x_wconf 81' lang='lat' dir='ltr'>imperium.</span> <span class='ocrx_word' id='word_1_498' title='bbox 1307 890 1396 920; x_wconf 85' lang='lat' dir='ltr'>Hinc</span> <span class='ocrx_word' id='word_1_499' title='bbox 1420 890 1571 930; x_wconf 81' lang='lat' dir='ltr'>intellige</span> 
     </span>
     <span class='ocr_line' id='line_1_83' title="bbox 845 932 1572 974; baseline 0.004 -12"><span class='ocrx_word' id='word_1_500' title='bbox 845 932 957 963; x_wconf 84' lang='lat' dir='ltr'>locum</span> <span class='ocrx_word' id='word_1_501' title='bbox 981 944 998 962; x_wconf 92' lang='lat' dir='ltr'>e</span> <span class='ocrx_word' id='word_1_502' title='bbox 1013 933 1120 963; x_wconf 81' lang='lat' dir='ltr'>Tacit.</span> <span class='ocrx_word' id='word_1_503' title='bbox 1136 933 1245 972; x_wconf 79' lang='lat' dir='ltr'>Agric.</span> <span class='ocrx_word' id='word_1_504' title='bbox 1260 934 1292 963; x_wconf 82' lang='grc'>6.</span> <span class='ocrx_word' id='word_1_505' title='bbox 1313 933 1401 963; x_wconf 80' lang='lat' dir='ltr'>idem</span> <span class='ocrx_word' id='word_1_506' title='bbox 1419 937 1572 974; x_wconf 70' lang='lat' dir='ltr'>praeturae</span> 
     </span>
     <span class='ocr_line' id='line_1_84' title="bbox 845 975 1572 1018; baseline 0.003 -13"><span class='ocrx_word' id='word_1_507' title='bbox 845 981 944 1006; x_wconf 83' lang='lat' dir='ltr'>tenor</span> <span class='ocrx_word' id='word_1_508' title='bbox 968 981 1002 1007; x_wconf 90' lang='lat' dir='ltr'>et</span> <span class='ocrx_word' id='word_1_509' title='bbox 1024 977 1209 1013; x_wconf 80' lang='lat' dir='ltr'>silentium,</span> <span class='ocrx_word' id='word_1_510' title='bbox 1226 986 1332 1015; x_wconf 88' lang='lat' dir='ltr'>neque</span> <span class='ocrx_word' id='word_1_511' title='bbox 1356 977 1445 1007; x_wconf 82' lang='lat' dir='ltr'>enim</span> <span class='ocrx_word' id='word_1_512' title='bbox 1462 975 1572 1018; x_wconf 67' lang='lat' dir='ltr'>juris-</span> 
     </span>
     <span class='ocr_line' id='line_1_85' title="bbox 845 1019 1570 1060; baseline 0.003 -11"><span class='ocrx_word' id='word_1_513' title='bbox 845 1020 938 1050; x_wconf 74' lang='lat' dir='ltr'>dictio</span> <span class='ocrx_word' id='word_1_514' title='bbox 966 1021 1164 1050; x_wconf 75' lang='lat' dir='ltr'>obvenerat:</span> <span class='ocrx_word' id='word_1_515' title='bbox 1198 1030 1297 1058; x_wconf 87' lang='lat' dir='ltr'>quem</span> <span class='ocrx_word' id='word_1_516' title='bbox 1327 1019 1438 1050; x_wconf 87' lang='lat' dir='ltr'>locum</span> <span class='ocrx_word' id='word_1_517' title='bbox 1468 1021 1570 1060; x_wconf 82' lang='lat' dir='ltr'>male,</span> 
     </span>
     <span class='ocr_line' id='line_1_86' title="bbox 847 1063 1574 1103; baseline 0.004 -11"><span class='ocrx_word' id='word_1_518' title='bbox 847 1063 957 1094; x_wconf 85' lang='lat' dir='ltr'>nescio</span> <span class='ocrx_word' id='word_1_519' title='bbox 980 1064 1066 1103; x_wconf 90' lang='lat' dir='ltr'>quis,</span> <span class='ocrx_word' id='word_1_520' title='bbox 1086 1064 1321 1102; x_wconf 80' lang='lat' dir='ltr'>interpretatus</span> <span class='ocrx_word' id='word_1_521' title='bbox 1344 1069 1395 1093; x_wconf 85' lang='lat' dir='ltr'>est</span> <span class='ocrx_word' id='word_1_522' title='bbox 1417 1064 1450 1094; x_wconf 90' lang='lat' dir='ltr'>in</span> <span class='ocrx_word' id='word_1_523' title='bbox 1475 1064 1574 1095; x_wconf 78' lang='lat' dir='ltr'>Lexi-</span> 
     </span>
     <span class='ocr_line' id='line_1_87' title="bbox 846 1105 1572 1148; baseline 0.001 -11"><span class='ocrx_word' id='word_1_524' title='bbox 846 1116 884 1136; x_wconf 89' lang='lat' dir='ltr'>co</span> <span class='ocrx_word' id='word_1_525' title='bbox 907 1107 1015 1144; x_wconf 83' lang='lat' dir='ltr'>Fabri,</span> <span class='ocrx_word' id='word_1_526' title='bbox 1029 1108 1122 1146; x_wconf 86' lang='lat' dir='ltr'>quasi</span> <span class='ocrx_word' id='word_1_527' title='bbox 1143 1106 1293 1137; x_wconf 87' lang='lat' dir='ltr'>habuerit</span> <span class='ocrx_word' id='word_1_528' title='bbox 1313 1106 1446 1146; x_wconf 85' lang='lat' dir='ltr'>quidem</span> <span class='ocrx_word' id='word_1_529' title='bbox 1461 1105 1572 1148; x_wconf 75' lang='lat' dir='ltr'>juris-</span> 
     </span>
     <span class='ocr_line' id='line_1_88' title="bbox 845 1150 1570 1191; baseline 0.006 -13"><span class='ocrx_word' id='word_1_530' title='bbox 845 1150 1025 1188; x_wconf 73' lang='lat' dir='ltr'>dictionem,</span> <span class='ocrx_word' id='word_1_531' title='bbox 1043 1154 1177 1191; x_wconf 85' lang='lat' dir='ltr'>propter</span> <span class='ocrx_word' id='word_1_532' title='bbox 1198 1157 1390 1190; x_wconf 68' lang='lat' dir='ltr'>praeturam,</span> <span class='ocrx_word' id='word_1_533' title='bbox 1413 1150 1472 1180; x_wconf 88' lang='lat' dir='ltr'>sed</span> <span class='ocrx_word' id='word_1_534' title='bbox 1494 1161 1570 1182; x_wconf 84' lang='lat' dir='ltr'>eam</span> 
     </span>
     <span class='ocr_line' id='line_1_89' title="bbox 846 1193 1573 1234; baseline 0.003 -11"><span class='ocrx_word' id='word_1_535' title='bbox 846 1203 911 1223; x_wconf 89' lang='lat' dir='ltr'>non</span> <span class='ocrx_word' id='word_1_536' title='bbox 928 1195 1123 1224; x_wconf 84' lang='lat' dir='ltr'>exercuerit.</span> <span class='ocrx_word' id='word_1_537' title='bbox 1155 1193 1331 1224; x_wconf 73' lang='lat' dir='ltr'>Silentium</span> <span class='ocrx_word' id='word_1_538' title='bbox 1348 1198 1420 1224; x_wconf 89' lang='lat' dir='ltr'>erat</span> <span class='ocrx_word' id='word_1_539' title='bbox 1435 1194 1469 1224; x_wconf 91' lang='lat' dir='ltr'>in</span> <span class='ocrx_word' id='word_1_540' title='bbox 1485 1204 1573 1234; x_wconf 80' lang='lat' dir='ltr'>prae-</span> 
     </span>
     <span class='ocr_line' id='line_1_90' title="bbox 845 1236 1572 1276; baseline 0.003 -10"><span class='ocrx_word' id='word_1_541' title='bbox 845 1241 935 1274; x_wconf 87' lang='lat' dir='ltr'>tura,</span> <span class='ocrx_word' id='word_1_542' title='bbox 957 1238 1036 1276; x_wconf 84' lang='lat' dir='ltr'>quia</span> <span class='ocrx_word' id='word_1_543' title='bbox 1062 1247 1128 1267; x_wconf 90' lang='lat' dir='ltr'>non</span> <span class='ocrx_word' id='word_1_544' title='bbox 1154 1236 1296 1267; x_wconf 86' lang='lat' dir='ltr'>habebat</span> <span class='ocrx_word' id='word_1_545' title='bbox 1322 1237 1485 1267; x_wconf 79' lang='lat' dir='ltr'>urbanam</span> <span class='ocrx_word' id='word_1_546' title='bbox 1510 1244 1572 1268; x_wconf 84' lang='lat' dir='ltr'>aut</span> 
     </span>
     <span class='ocr_line' id='line_1_91' title="bbox 845 1280 1573 1320; baseline 0 -9"><span class='ocrx_word' id='word_1_547' title='bbox 845 1281 1067 1320; x_wconf 75' lang='lat' dir='ltr'>peregrinam,</span> <span class='ocrx_word' id='word_1_548' title='bbox 1094 1290 1167 1320; x_wconf 84' lang='lat' dir='ltr'>quae</span> <span class='ocrx_word' id='word_1_549' title='bbox 1197 1280 1369 1319; x_wconf 78' lang='lat' dir='ltr'>negotiosa</span> <span class='ocrx_word' id='word_1_550' title='bbox 1399 1285 1483 1318; x_wconf 80' lang='lat' dir='ltr'>erat,</span> <span class='ocrx_word' id='word_1_551' title='bbox 1512 1280 1573 1312; x_wconf 83' lang='lat' dir='ltr'>sed</span> 
     </span>
     <span class='ocr_line' id='line_1_92' title="bbox 845 1323 1574 1362; baseline 0.003 -10"><span class='ocrx_word' id='word_1_552' title='bbox 845 1325 1076 1362; x_wconf 70' lang='lat' dir='ltr'>quaestionem,</span> <span class='ocrx_word' id='word_1_553' title='bbox 1094 1324 1188 1361; x_wconf 85' lang='lat' dir='ltr'>eujus</span> <span class='ocrx_word' id='word_1_554' title='bbox 1210 1323 1403 1354; x_wconf 82' lang='lat' dir='ltr'>exercendae</span> <span class='ocrx_word' id='word_1_555' title='bbox 1419 1333 1501 1354; x_wconf 83' lang='lat' dir='ltr'>rarae</span> <span class='ocrx_word' id='word_1_556' title='bbox 1517 1334 1574 1354; x_wconf 90' lang='lat' dir='ltr'>oc-</span> 
     </span>
     <span class='ocr_line' id='line_1_93' title="bbox 845 1367 1572 1407; baseline 0.003 -10"><span class='ocrx_word' id='word_1_557' title='bbox 845 1368 1004 1398; x_wconf 73' lang='lat' dir='ltr'>casiones.</span> <span class='ocrx_word' id='word_1_558' title='bbox 1050 1368 1092 1397; x_wconf 87' lang='lat' dir='ltr'>Et</span> <span class='ocrx_word' id='word_1_559' title='bbox 1133 1367 1290 1406; x_wconf 89' lang='lat' dir='ltr'>quoniam</span> <span class='ocrx_word' id='word_1_560' title='bbox 1327 1367 1363 1397; x_wconf 89' lang='lat' dir='ltr'>in</span> <span class='ocrx_word' id='word_1_561' title='bbox 1393 1367 1572 1407; x_wconf 81' lang='lat' dir='ltr'>provinciis</span> 
     </span>
     <span class='ocr_line' id='line_1_94' title="bbox 847 1409 1571 1451; baseline 0.004 -11"><span class='ocrx_word' id='word_1_562' title='bbox 847 1411 972 1442; x_wconf 88' lang='lat' dir='ltr'>Praetor</span> <span class='ocrx_word' id='word_1_563' title='bbox 987 1415 1046 1441; x_wconf 85' lang='lat' dir='ltr'>aut</span> <span class='ocrx_word' id='word_1_564' title='bbox 1068 1409 1245 1441; x_wconf 86' lang='lat' dir='ltr'>Proconsul</span> <span class='ocrx_word' id='word_1_565' title='bbox 1260 1416 1294 1440; x_wconf 87' lang='lat' dir='ltr'>et</span> <span class='ocrx_word' id='word_1_566' title='bbox 1310 1411 1416 1441; x_wconf 86' lang='lat' dir='ltr'>causis</span> <span class='ocrx_word' id='word_1_567' title='bbox 1433 1411 1571 1451; x_wconf 85' lang='lat' dir='ltr'>privatis</span> 
     </span>
     <span class='ocr_line' id='line_1_95' title="bbox 846 1451 1575 1495; baseline 0 -11"><span class='ocrx_word' id='word_1_568' title='bbox 846 1459 880 1484; x_wconf 87' lang='lat' dir='ltr'>et</span> <span class='ocrx_word' id='word_1_569' title='bbox 894 1455 1034 1494; x_wconf 89' lang='lat' dir='ltr'>publicis</span> <span class='ocrx_word' id='word_1_570' title='bbox 1051 1458 1203 1494; x_wconf 85' lang='lat' dir='ltr'>praeerat,</span> <span class='ocrx_word' id='word_1_571' title='bbox 1220 1459 1395 1494; x_wconf 87' lang='lat' dir='ltr'>propterea</span> <span class='ocrx_word' id='word_1_572' title='bbox 1415 1454 1441 1484; x_wconf 87' lang='lat' dir='ltr'>is</span> <span class='ocrx_word' id='word_1_573' title='bbox 1465 1457 1500 1484; x_wconf 87' lang='lat' dir='ltr'>et</span> <span class='ocrx_word' id='word_1_574' title='bbox 1512 1451 1575 1495; x_wconf 84' lang='lat' dir='ltr'>ju·</span> 
     </span>
     <span class='ocr_line' id='line_1_96' title="bbox 845 1497 1572 1537; baseline 0.001 -10"><span class='ocrx_word' id='word_1_575' title='bbox 845 1499 1059 1528; x_wconf 61' lang='lat' dir='ltr'>visdictitmem</span> <span class='ocrx_word' id='word_1_576' title='bbox 1075 1497 1231 1532; x_wconf 85' lang='lat' dir='ltr'>habebat,</span> <span class='ocrx_word' id='word_1_577' title='bbox 1247 1507 1312 1536; x_wconf 84' lang='lat' dir='ltr'>qua</span> <span class='ocrx_word' id='word_1_578' title='bbox 1333 1506 1448 1527; x_wconf 85' lang='lat' dir='ltr'>causas</span> <span class='ocrx_word' id='word_1_579' title='bbox 1464 1497 1572 1537; x_wconf 86' lang='lat' dir='ltr'>priva-</span> 
     </span>
     <span class='ocr_line' id='line_1_97' title="bbox 845 1539 1573 1581; baseline 0 -11"><span class='ocrx_word' id='word_1_580' title='bbox 845 1546 910 1579; x_wconf 84' lang='lat' dir='ltr'>tas,</span> <span class='ocrx_word' id='word_1_581' title='bbox 927 1546 962 1572; x_wconf 91' lang='lat' dir='ltr'>et</span> <span class='ocrx_word' id='word_1_582' title='bbox 977 1541 1168 1581; x_wconf 86' lang='lat' dir='ltr'>imperium,</span> <span class='ocrx_word' id='word_1_583' title='bbox 1184 1550 1249 1579; x_wconf 85' lang='lat' dir='ltr'>qua</span> <span class='ocrx_word' id='word_1_584' title='bbox 1271 1540 1429 1579; x_wconf 86' lang='lat' dir='ltr'>publicas.</span> <span class='ocrx_word' id='word_1_585' title='bbox 1472 1539 1573 1580; x_wconf 73' lang='lat' dir='ltr'>Quod</span> 
     </span>
     <span class='ocr_line' id='line_1_98' title="bbox 845 1580 1573 1624; baseline -0.001 -9"><span class='ocrx_word' id='word_1_586' title='bbox 845 1584 985 1615; x_wconf 83' lang='lat' dir='ltr'>Verrina</span> <span class='ocrx_word' id='word_1_587' title='bbox 999 1584 1145 1615; x_wconf 85' lang='lat' dir='ltr'>secunda</span> <span class='ocrx_word' id='word_1_588' title='bbox 1167 1584 1356 1614; x_wconf 82' lang='lat' dir='ltr'>inscribitur</span> <span class='ocrx_word' id='word_1_589' title='bbox 1375 1583 1416 1613; x_wconf 91' lang='lat' dir='ltr'>de</span> <span class='ocrx_word' id='word_1_590' title='bbox 1429 1580 1573 1624; x_wconf 79' lang='lat' dir='ltr'>jurisdi-</span> 
     </span>
     <span class='ocr_line' id='line_1_99' title="bbox 844 1627 1571 1665; baseline 0.001 -7"><span class='ocrx_word' id='word_1_591' title='bbox 844 1630 946 1659; x_wconf 76' lang='lat' dir='ltr'>ctione</span> <span class='ocrx_word' id='word_1_592' title='bbox 975 1627 1151 1664; x_wconf 88' lang='lat' dir='ltr'>Siciliensi,</span> <span class='ocrx_word' id='word_1_593' title='bbox 1173 1627 1208 1657; x_wconf 91' lang='lat' dir='ltr'>in</span> <span class='ocrx_word' id='word_1_594' title='bbox 1235 1637 1301 1665; x_wconf 87' lang='lat' dir='ltr'>qua</span> <span class='ocrx_word' id='word_1_595' title='bbox 1325 1631 1439 1657; x_wconf 83' lang='lat' dir='ltr'>tamen</span> <span class='ocrx_word' id='word_1_596' title='bbox 1466 1627 1571 1659; x_wconf 85' lang='lat' dir='ltr'>etiam</span> 
     </span>
     <span class='ocr_line' id='line_1_100' title="bbox 845 1670 1572 1711; baseline -0.003 -9"><span class='ocrx_word' id='word_1_597' title='bbox 845 1672 958 1710; x_wconf 77' lang='lat' dir='ltr'>agitur</span> <span class='ocrx_word' id='word_1_598' title='bbox 972 1671 1012 1701; x_wconf 88' lang='lat' dir='ltr'>de</span> <span class='ocrx_word' id='word_1_599' title='bbox 1024 1671 1159 1710; x_wconf 81' lang='lat' dir='ltr'>judiciis</span> <span class='ocrx_word' id='word_1_600' title='bbox 1176 1670 1329 1711; x_wconf 86' lang='lat' dir='ltr'>publicis,</span> <span class='ocrx_word' id='word_1_601' title='bbox 1345 1670 1452 1710; x_wconf 88' lang='lat' dir='ltr'>primo</span> <span class='ocrx_word' id='word_1_602' title='bbox 1469 1671 1572 1710; x_wconf 90' lang='lat' dir='ltr'>perti-</span> 
     </span>
     <span class='ocr_line' id='line_1_101' title="bbox 847 1713 1572 1755; baseline -0.004 -9"><span class='ocrx_word' id='word_1_603' title='bbox 847 1724 924 1746; x_wconf 86' lang='lat' dir='ltr'>nere</span> <span class='ocrx_word' id='word_1_604' title='bbox 939 1719 1047 1755; x_wconf 86' lang='lat' dir='ltr'>potest</span> <span class='ocrx_word' id='word_1_605' title='bbox 1062 1719 1197 1744; x_wconf 88' lang='lat' dir='ltr'>tantum</span> <span class='ocrx_word' id='word_1_606' title='bbox 1215 1713 1254 1744; x_wconf 85' lang='lat' dir='ltr'>ad</span> <span class='ocrx_word' id='word_1_607' title='bbox 1270 1718 1400 1753; x_wconf 82' lang='lat' dir='ltr'>partem</span> <span class='ocrx_word' id='word_1_608' title='bbox 1424 1713 1572 1752; x_wconf 87' lang='lat' dir='ltr'>aliquam</span> 
     </span>
     <span class='ocr_line' id='line_1_102' title="bbox 845 1756 1573 1797; baseline -0.004 -8"><span class='ocrx_word' id='word_1_609' title='bbox 845 1759 916 1796; x_wconf 82' lang='lat' dir='ltr'>ejus</span> <span class='ocrx_word' id='word_1_610' title='bbox 939 1758 1026 1796; x_wconf 87' lang='lat' dir='ltr'>libri,</span> <span class='ocrx_word' id='word_1_611' title='bbox 1053 1763 1092 1788; x_wconf 88' lang='lat' dir='ltr'>ut</span> <span class='ocrx_word' id='word_1_612' title='bbox 1113 1757 1282 1797; x_wconf 83' lang='lat' dir='ltr'>inscriptio</span> <span class='ocrx_word' id='word_1_613' title='bbox 1311 1756 1333 1786; x_wconf 94' lang='grc'>1.</span> <span class='ocrx_word' id='word_1_614' title='bbox 1360 1757 1382 1787; x_wconf 83' lang='grc'>1.</span> <span class='ocrx_word' id='word_1_615' title='bbox 1405 1761 1440 1787; x_wconf 87' lang='lat' dir='ltr'>et</span> <span class='ocrx_word' id='word_1_616' title='bbox 1461 1767 1493 1787; x_wconf 92' lang='lat' dir='ltr'>v.</span> <span class='ocrx_word' id='word_1_617' title='bbox 1517 1757 1573 1787; x_wconf 87' lang='lat' dir='ltr'>de·</span> 
     </span>
     <span class='ocr_line' id='line_1_103' title="bbox 845 1800 1573 1841; baseline -0.004 -9"><span class='ocrx_word' id='word_1_618' title='bbox 845 1802 922 1833; x_wconf 90' lang='lat' dir='ltr'>inde</span> <span class='ocrx_word' id='word_1_619' title='bbox 944 1802 995 1832; x_wconf 83' lang='lat' dir='ltr'>hae</span> <span class='ocrx_word' id='word_1_620' title='bbox 1016 1801 1248 1841; x_wconf 81' lang='lat' dir='ltr'>inscriptiones</span> <span class='ocrx_word' id='word_1_621' title='bbox 1264 1809 1329 1829; x_wconf 90' lang='lat' dir='ltr'>non</span> <span class='ocrx_word' id='word_1_622' title='bbox 1345 1804 1426 1830; x_wconf 79' lang='lat' dir='ltr'>sunt</span> <span class='ocrx_word' id='word_1_623' title='bbox 1441 1810 1461 1830; x_wconf 90' lang='lat' dir='ltr'>a</span> <span class='ocrx_word' id='word_1_624' title='bbox 1477 1800 1573 1830; x_wconf 88' lang='lat' dir='ltr'>Cice-</span> 
     </span>
     <span class='ocr_line' id='line_1_104' title="bbox 846 1843 1571 1883; baseline -0.001 -7"><span class='ocrx_word' id='word_1_625' title='bbox 846 1856 938 1883; x_wconf 91' lang='lat' dir='ltr'>rone,</span> <span class='ocrx_word' id='word_1_626' title='bbox 960 1845 1019 1876; x_wconf 83' lang='lat' dir='ltr'>sed</span> <span class='ocrx_word' id='word_1_627' title='bbox 1047 1845 1132 1875; x_wconf 86' lang='lat' dir='ltr'>forte</span> <span class='ocrx_word' id='word_1_628' title='bbox 1162 1843 1318 1880; x_wconf 75' lang='lat' dir='ltr'>Asconio,</span> <span class='ocrx_word' id='word_1_629' title='bbox 1343 1843 1437 1882; x_wconf 85' lang='lat' dir='ltr'>cujus</span> <span class='ocrx_word' id='word_1_630' title='bbox 1468 1848 1571 1875; x_wconf 73' lang='lat' dir='ltr'>aetate</span> 
     </span>
    </p>
   </div>
   <div class='ocr_carea' id='block_1_5' title="bbox 835 1887 1572 1932">
    <p class='ocr_par' dir='ltr' id='par_1_8' title="bbox 835 1887 1572 1932">
     <span class='ocr_line' id='line_1_105' title="bbox 835 1887 1572 1932; baseline -0.003 -12"><span class='ocrx_word' id='word_1_631' title='bbox 835 1887 1072 1932; x_wconf 70' lang='lat' dir='ltr'>jurisdictionis</span> <span class='ocrx_word' id='word_1_632' title='bbox 1095 1888 1188 1918; x_wconf 88' lang='lat' dir='ltr'>notio</span> <span class='ocrx_word' id='word_1_633' title='bbox 1214 1887 1340 1918; x_wconf 87' lang='lat' dir='ltr'>variata</span> <span class='ocrx_word' id='word_1_634' title='bbox 1361 1891 1444 1924; x_wconf 85' lang='lat' dir='ltr'>erat,</span> <span class='ocrx_word' id='word_1_635' title='bbox 1464 1890 1499 1917; x_wconf 88' lang='lat' dir='ltr'>et</span> <span class='ocrx_word' id='word_1_636' title='bbox 1522 1887 1572 1918; x_wconf 85' lang='lat' dir='ltr'>ita</span> 
     </span>
    </p>
   </div>
   <div class='ocr_carea' id='block_1_6' title="bbox 842 1929 1573 2960">
    <p class='ocr_par' dir='ltr' id='par_1_9' title="bbox 842 1929 1573 2614">
     <span class='ocr_line' id='line_1_106' title="bbox 845 1929 1571 1970; baseline -0.006 -6"><span class='ocrx_word' id='word_1_637' title='bbox 845 1933 1028 1970; x_wconf 86' lang='lat' dir='ltr'>dicebatur,</span> <span class='ocrx_word' id='word_1_638' title='bbox 1054 1935 1093 1962; x_wconf 87' lang='lat' dir='ltr'>ut</span> <span class='ocrx_word' id='word_1_639' title='bbox 1122 1931 1226 1961; x_wconf 83' lang='lat' dir='ltr'>etiam</span> <span class='ocrx_word' id='word_1_640' title='bbox 1254 1929 1463 1970; x_wconf 86' lang='lat' dir='ltr'>publicarum</span> <span class='ocrx_word' id='word_1_641' title='bbox 1491 1939 1571 1960; x_wconf 89' lang='lat' dir='ltr'>cau-</span> 
     </span>
     <span class='ocr_line' id='line_1_107' title="bbox 843 1973 1572 2015; baseline -0.004 -8"><span class='ocrx_word' id='word_1_642' title='bbox 843 1986 956 2007; x_wconf 88' lang='lat' dir='ltr'>sarum</span> <span class='ocrx_word' id='word_1_643' title='bbox 972 1975 1196 2015; x_wconf 87' lang='lat' dir='ltr'>cognitionem</span> <span class='ocrx_word' id='word_1_644' title='bbox 1213 1973 1501 2013; x_wconf 84' lang='lat' dir='ltr'>complecteretur.</span> <span class='ocrx_word' id='word_1_645' title='bbox 1517 1973 1572 2004; x_wconf 86' lang='lat' dir='ltr'>Sic</span> 
     </span>
     <span class='ocr_line' id='line_1_108' title="bbox 843 2015 1573 2059; baseline -0.007 -9"><span class='ocrx_word' id='word_1_646' title='bbox 843 2026 895 2050; x_wconf 90' lang='lat' dir='ltr'>est</span> <span class='ocrx_word' id='word_1_647' title='bbox 911 2021 985 2058; x_wconf 88' lang='lat' dir='ltr'>jam</span> <span class='ocrx_word' id='word_1_648' title='bbox 1001 2018 1089 2059; x_wconf 88' lang='lat' dir='ltr'>apud</span> <span class='ocrx_word' id='word_1_649' title='bbox 1103 2018 1228 2048; x_wconf 86' lang='lat' dir='ltr'>Sueton</span> <span class='ocrx_word' id='word_1_650' title='bbox 1256 2016 1325 2046; x_wconf 68' lang='lat' dir='ltr'>«lul.</span> <span class='ocrx_word' id='word_1_651' title='bbox 1342 2019 1394 2047; x_wconf 73' lang='lat'>40.</span> <span class='ocrx_word' id='word_1_652' title='bbox 1417 2021 1450 2046; x_wconf 85' lang='lat' dir='ltr'>et</span> <span class='ocrx_word' id='word_1_653' title='bbox 1468 2015 1573 2056; x_wconf 86' lang='lat' dir='ltr'>pluri·</span> 
     </span>
     <span class='ocr_line' id='line_1_109' title="bbox 843 2056 1571 2099; baseline -0.008 -5"><span class='ocrx_word' id='word_1_654' title='bbox 843 2064 904 2094; x_wconf 92' lang='lat' dir='ltr'>bus</span> <span class='ocrx_word' id='word_1_655' title='bbox 927 2057 999 2094; x_wconf 81' lang='lat' dir='ltr'>aliis</span> <span class='ocrx_word' id='word_1_656' title='bbox 1021 2063 1112 2093; x_wconf 84' lang='lat' dir='ltr'>locis.</span> <span class='ocrx_word' id='word_1_657' title='bbox 1134 2061 1240 2092; x_wconf 88' lang='lat' dir='ltr'>Flacc.</span> <span class='ocrx_word' id='word_1_658' title='bbox 1263 2062 1316 2090; x_wconf 79' lang='lat'>40.</span> <span class='ocrx_word' id='word_1_659' title='bbox 1338 2059 1493 2090; x_wconf 85' lang='lat' dir='ltr'>Asiaticae</span> <span class='ocrx_word' id='word_1_660' title='bbox 1507 2056 1571 2099; x_wconf 81' lang='lat' dir='ltr'>ju-</span> 
     </span>
     <span class='ocr_line' id='line_1_110' title="bbox 843 2101 1570 2147; baseline -0.01 -9"><span class='ocrx_word' id='word_1_661' title='bbox 843 2107 1020 2138; x_wconf 74' lang='lat' dir='ltr'>risdictioni</span> <span class='ocrx_word' id='word_1_662' title='bbox 1035 2107 1148 2147; x_wconf 86' lang='lat' dir='ltr'>(quam</span> <span class='ocrx_word' id='word_1_663' title='bbox 1165 2103 1250 2134; x_wconf 88' lang='lat' dir='ltr'>male</span> <span class='ocrx_word' id='word_1_664' title='bbox 1265 2113 1286 2133; x_wconf 91' lang='lat' dir='ltr'>a</span> <span class='ocrx_word' id='word_1_665' title='bbox 1300 2103 1415 2133; x_wconf 83' lang='lat' dir='ltr'>Flacco</span> <span class='ocrx_word' id='word_1_666' title='bbox 1427 2101 1570 2132; x_wconf 87' lang='lat' dir='ltr'>admini-</span> 
     </span>
     <span class='ocr_line' id='line_1_111' title="bbox 843 2144 1571 2185; baseline -0.008 -4"><span class='ocrx_word' id='word_1_667' title='bbox 843 2155 982 2181; x_wconf 86' lang='lat' dir='ltr'>stratam</span> <span class='ocrx_word' id='word_1_668' title='bbox 1007 2148 1137 2185; x_wconf 76' lang='lat' dir='ltr'>‹licunt)</span> <span class='ocrx_word' id='word_1_669' title='bbox 1170 2147 1297 2177; x_wconf 87' lang='lat' dir='ltr'>urbana</span> <span class='ocrx_word' id='word_1_670' title='bbox 1313 2144 1497 2185; x_wconf 76' lang='lat' dir='ltr'>jurisdictio</span> <span class='ocrx_word' id='word_1_671' title='bbox 1518 2155 1571 2176; x_wconf 89' lang='lat' dir='ltr'>re-</span> 
     </span>
     <span class='ocr_line' id='line_1_112' title="bbox 842 2189 1569 2234; baseline -0.01 -9"><span class='ocrx_word' id='word_1_672' title='bbox 842 2193 1030 2234; x_wconf 85' lang='lat' dir='ltr'>spondebit.</span> <span class='ocrx_word' id='word_1_673' title='bbox 1057 2192 1145 2222; x_wconf 89' lang='lat' dir='ltr'>conf.</span> <span class='ocrx_word' id='word_1_674' title='bbox 1173 2201 1201 2221; x_wconf 93' lang='lat' dir='ltr'>c.</span> <span class='ocrx_word' id='word_1_675' title='bbox 1227 2193 1259 2221; x_wconf 88' lang='grc'>3.</span> <span class='ocrx_word' id='word_1_676' title='bbox 1293 2189 1427 2219; x_wconf 86' lang='lat' dir='ltr'>Flaccus</span> <span class='ocrx_word' id='word_1_677' title='bbox 1452 2193 1569 2226; x_wconf 78' lang='lat' dir='ltr'>autem</span> 
     </span>
     <span class='ocr_line' id='line_1_113' title="bbox 843 2230 1571 2278; baseline -0.008 -10"><span class='ocrx_word' id='word_1_678' title='bbox 843 2243 966 2278; x_wconf 77' lang='lat' dir='ltr'>proetor</span> <span class='ocrx_word' id='word_1_679' title='bbox 981 2236 1126 2266; x_wconf 80' lang='lat' dir='ltr'>urbanus</span> <span class='ocrx_word' id='word_1_680' title='bbox 1141 2234 1260 2264; x_wconf 78' lang='lat' dir='ltr'>fuerat.</span> <span class='ocrx_word' id='word_1_681' title='bbox 1288 2233 1338 2263; x_wconf 90' lang='lat' dir='ltr'>De</span> <span class='ocrx_word' id='word_1_682' title='bbox 1343 2230 1571 2273; x_wconf 59' lang='lat' dir='ltr'>jurisdictione</span> 
     </span>
     <span class='ocr_line' id='line_1_114' title="bbox 844 2274 1569 2321; baseline -0.007 -10"><span class='ocrx_word' id='word_1_683' title='bbox 844 2283 1023 2321; x_wconf 64' lang='lat' dir='ltr'>praetorum</span> <span class='ocrx_word' id='word_1_684' title='bbox 1039 2279 1167 2310; x_wconf 87' lang='lat' dir='ltr'>urbana</span> <span class='ocrx_word' id='word_1_685' title='bbox 1189 2287 1218 2307; x_wconf 89' lang='lat' dir='ltr'>v.</span> <span class='ocrx_word' id='word_1_686' title='bbox 1241 2277 1353 2315; x_wconf 79' lang='lat' dir='ltr'>Sigon.</span> <span class='ocrx_word' id='word_1_687' title='bbox 1367 2275 1399 2306; x_wconf 82' lang='lat' dir='ltr'>J.</span> <span class='ocrx_word' id='word_1_688' title='bbox 1417 2275 1456 2306; x_wconf 83' lang='lat' dir='ltr'>A.</span> <span class='ocrx_word' id='word_1_689' title='bbox 1473 2274 1511 2306; x_wconf 91' lang='lat' dir='ltr'>C.</span> <span class='ocrx_word' id='word_1_690' title='bbox 1526 2275 1569 2306; x_wconf 88' lang='lat' dir='ltr'>R.</span> 
     </span>
     <span class='ocr_line' id='line_1_115' title="bbox 843 2318 1571 2363; baseline -0.011 -8"><span class='ocrx_word' id='word_1_691' title='bbox 843 2325 865 2355; x_wconf 88' lang='lat' dir='ltr'>i.</span> <span class='ocrx_word' id='word_1_692' title='bbox 888 2326 940 2356; x_wconf 68' lang='lat'>520.</span> <span class='ocrx_word' id='word_1_693' title='bbox 964 2323 1004 2353; x_wconf 89' lang='lat' dir='ltr'>de</span> <span class='ocrx_word' id='word_1_694' title='bbox 1018 2320 1248 2363; x_wconf 73' lang='lat' dir='ltr'>jurisdictione</span> <span class='ocrx_word' id='word_1_695' title='bbox 1270 2318 1461 2359; x_wconf 87' lang='lat' dir='ltr'>provinciali</span> <span class='ocrx_word' id='word_1_696' title='bbox 1487 2327 1571 2349; x_wconf 90' lang='lat' dir='ltr'>eun-</span> 
     </span>
     <span class='ocr_line' id='line_1_116' title="bbox 844 2361 1570 2405; baseline -0.01 -7"><span class='ocrx_word' id='word_1_697' title='bbox 844 2368 918 2398; x_wconf 86' lang='lat' dir='ltr'>dem</span> <span class='ocrx_word' id='word_1_698' title='bbox 936 2366 976 2397; x_wconf 89' lang='lat' dir='ltr'>de</span> <span class='ocrx_word' id='word_1_699' title='bbox 991 2366 1029 2396; x_wconf 87' lang='lat' dir='ltr'>A.</span> <span class='ocrx_word' id='word_1_700' title='bbox 1045 2366 1076 2396; x_wconf 73' lang='lat' dir='ltr'>J.</span> <span class='ocrx_word' id='word_1_701' title='bbox 1095 2374 1184 2405; x_wconf 87' lang='lat' dir='ltr'>prov.</span> <span class='ocrx_word' id='word_1_702' title='bbox 1202 2364 1234 2394; x_wconf 87' lang='lat' dir='ltr'>ii.</span> <span class='ocrx_word' id='word_1_703' title='bbox 1253 2366 1283 2394; x_wconf 86' lang='lat'>5.</span> <span class='ocrx_word' id='word_1_704' title='bbox 1323 2363 1405 2393; x_wconf 82' lang='lat' dir='ltr'>Haec</span> <span class='ocrx_word' id='word_1_705' title='bbox 1420 2361 1570 2401; x_wconf 84' lang='lat' dir='ltr'>disputa-</span> 
     </span>
     <span class='ocr_line' id='line_1_117' title="bbox 842 2405 1570 2449; baseline -0.01 -8"><span class='ocrx_word' id='word_1_706' title='bbox 842 2410 997 2441; x_wconf 86' lang='lat' dir='ltr'>tiuncula</span> <span class='ocrx_word' id='word_1_707' title='bbox 1011 2409 1050 2439; x_wconf 88' lang='lat' dir='ltr'>dc</span> <span class='ocrx_word' id='word_1_708' title='bbox 1061 2407 1286 2449; x_wconf 74' lang='lat' dir='ltr'>jurisdictione</span> <span class='ocrx_word' id='word_1_709' title='bbox 1301 2406 1438 2444; x_wconf 87' lang='lat' dir='ltr'>antiqua</span> <span class='ocrx_word' id='word_1_710' title='bbox 1451 2405 1570 2444; x_wconf 85' lang='lat' dir='ltr'>proba-</span> 
     </span>
     <span class='ocr_line' id='line_1_118' title="bbox 842 2447 1570 2487; baseline -0.01 -3"><span class='ocrx_word' id='word_1_711' title='bbox 842 2458 880 2484; x_wconf 91' lang='lat' dir='ltr'>ta</span> <span class='ocrx_word' id='word_1_712' title='bbox 894 2458 946 2484; x_wconf 88' lang='lat' dir='ltr'>est</span> <span class='ocrx_word' id='word_1_713' title='bbox 964 2464 983 2484; x_wconf 87' lang='lat' dir='ltr'>a</span> <span class='ocrx_word' id='word_1_714' title='bbox 1003 2453 1079 2482; x_wconf 86' lang='lat' dir='ltr'>viris</span> <span class='ocrx_word' id='word_1_715' title='bbox 1094 2451 1213 2487; x_wconf 85' lang='lat' dir='ltr'>doctis,</span> <span class='ocrx_word' id='word_1_716' title='bbox 1229 2450 1428 2480; x_wconf 89' lang='lat' dir='ltr'>nominatim</span> <span class='ocrx_word' id='word_1_717' title='bbox 1444 2447 1570 2478; x_wconf 87' lang='lat' dir='ltr'>Gesne-</span> 
     </span>
     <span class='ocr_line' id='line_1_119' title="bbox 844 2490 1572 2534; baseline -0.008 -6"><span class='ocrx_word' id='word_1_718' title='bbox 844 2508 893 2534; x_wconf 86' lang='lat' dir='ltr'>ro,</span> <span class='ocrx_word' id='word_1_719' title='bbox 906 2497 945 2528; x_wconf 89' lang='lat' dir='ltr'>V.</span> <span class='ocrx_word' id='word_1_720' title='bbox 959 2496 1028 2527; x_wconf 84' lang='lat' dir='ltr'>Cel.</span> <span class='ocrx_word' id='word_1_721' title='bbox 1043 2497 1076 2525; x_wconf 92' lang='lat' dir='ltr'>in</span> <span class='ocrx_word' id='word_1_722' title='bbox 1087 2494 1268 2525; x_wconf 84' lang='lat' dir='ltr'>Thesauro.</span> <span class='ocrx_word' id='word_1_723' title='bbox 1286 2492 1336 2523; x_wconf 88' lang='lat' dir='ltr'>De</span> <span class='ocrx_word' id='word_1_724' title='bbox 1343 2490 1572 2533; x_wconf 73' lang='lat' dir='ltr'>jurisdictione</span> 
     </span>
     <span class='ocr_line' id='line_1_120' title="bbox 843 2534 1571 2571; baseline -0.008 0"><span class='ocrx_word' id='word_1_725' title='bbox 843 2541 904 2571; x_wconf 90' lang='lat' dir='ltr'>sub</span> <span class='ocrx_word' id='word_1_726' title='bbox 922 2539 1105 2571; x_wconf 79' lang='lat' dir='ltr'>Caesaribus</span> <span class='ocrx_word' id='word_1_727' title='bbox 1121 2538 1250 2571; x_wconf 59' lang='lat' dir='ltr'>egimus</span> <span class='ocrx_word' id='word_1_728' title='bbox 1267 2536 1307 2566; x_wconf 84' lang='lat' dir='ltr'>ad</span> <span class='ocrx_word' id='word_1_729' title='bbox 1328 2535 1479 2566; x_wconf 87' lang='lat' dir='ltr'>Suetonii</span> <span class='ocrx_word' id='word_1_730' title='bbox 1497 2534 1571 2566; x_wconf 81' lang='lat' dir='ltr'>Cae-</span> 
     </span>
     <span class='ocr_line' id='line_1_121' title="bbox 843 2581 1230 2614; baseline -0.01 0"><span class='ocrx_word' id='word_1_731' title='bbox 843 2594 951 2614; x_wconf 83' lang='lat' dir='ltr'>sarem</span> <span class='ocrx_word' id='word_1_732' title='bbox 969 2584 1002 2613; x_wconf 89' lang='lat' dir='ltr'>in</span> <span class='ocrx_word' id='word_1_733' title='bbox 1020 2581 1230 2612; x_wconf 83' lang='lat' dir='ltr'>Excursibus.</span> 
     </span>
    </p>

    <p class='ocr_par' dir='ltr' id='par_1_10' title="bbox 843 2621 1571 2882">
     <span class='ocr_line' id='line_1_122' title="bbox 886 2621 1569 2664; baseline -0.01 -6"><span class='ocrx_word' id='word_1_734' title='bbox 886 2627 964 2664; x_wconf 79' lang='lat' dir='ltr'>Jus,</span> <span class='ocrx_word' id='word_1_735' title='bbox 980 2625 1153 2664; x_wconf 76' lang='lat' dir='ltr'>Significat</span> <span class='ocrx_word' id='word_1_736' title='bbox 1176 2623 1290 2653; x_wconf 83' lang='lat' dir='ltr'>onmia</span> <span class='ocrx_word' id='word_1_737' title='bbox 1312 2631 1363 2658; x_wconf 84' lang='lat' dir='ltr'>ea,</span> <span class='ocrx_word' id='word_1_738' title='bbox 1379 2631 1419 2652; x_wconf 89' lang='lat' dir='ltr'>ex</span> <span class='ocrx_word' id='word_1_739' title='bbox 1436 2621 1569 2661; x_wconf 76' lang='lat' dir='ltr'>quibus,</span> 
     </span>
     <span class='ocr_line' id='line_1_123' title="bbox 844 2663 1569 2711; baseline -0.007 -10"><span class='ocrx_word' id='word_1_740' title='bbox 844 2671 923 2710; x_wconf 90' lang='lat' dir='ltr'>quid</span> <span class='ocrx_word' id='word_1_741' title='bbox 937 2668 1069 2711; x_wconf 74' lang='lat' dir='ltr'>justum</span> <span class='ocrx_word' id='word_1_742' title='bbox 1091 2668 1147 2703; x_wconf 85' lang='lat' dir='ltr'>sit,</span> <span class='ocrx_word' id='word_1_743' title='bbox 1165 2666 1245 2706; x_wconf 84' lang='lat' dir='ltr'>quid</span> <span class='ocrx_word' id='word_1_744' title='bbox 1267 2665 1471 2702; x_wconf 76' lang='lat' dir='ltr'>faciendum,</span> <span class='ocrx_word' id='word_1_745' title='bbox 1488 2663 1569 2704; x_wconf 83' lang='lat' dir='ltr'>quid</span> 
     </span>
     <span class='ocr_line' id='line_1_124' title="bbox 843 2707 1570 2749; baseline -0.01 -5"><span class='ocrx_word' id='word_1_746' title='bbox 843 2712 1086 2748; x_wconf 79' lang='lat' dir='ltr'>omittendum,</span> <span class='ocrx_word' id='word_1_747' title='bbox 1103 2710 1316 2749; x_wconf 80' lang='lat' dir='ltr'>intelligitur,</span> <span class='ocrx_word' id='word_1_748' title='bbox 1331 2713 1505 2747; x_wconf 85' lang='lat' dir='ltr'>tamquam</span> <span class='ocrx_word' id='word_1_749' title='bbox 1522 2707 1570 2737; x_wconf 87' lang='lat' dir='ltr'>le-</span> 
     </span>
     <span class='ocr_line' id='line_1_125' title="bbox 844 2751 1568 2797; baseline -0.008 -10"><span class='ocrx_word' id='word_1_750' title='bbox 844 2767 914 2797; x_wconf 73' lang='lat' dir='ltr'>geS,</span> <span class='ocrx_word' id='word_1_751' title='bbox 930 2756 1041 2787; x_wconf 80' lang='lat' dir='ltr'>edicta</span> <span class='ocrx_word' id='word_1_752' title='bbox 1063 2759 1257 2795; x_wconf 68' lang='lat' dir='ltr'>praetorum,</span> <span class='ocrx_word' id='word_1_753' title='bbox 1279 2751 1485 2782; x_wconf 86' lang='lat' dir='ltr'>consuetudo</span> <span class='ocrx_word' id='word_1_754' title='bbox 1507 2751 1568 2781; x_wconf 77' lang='grc' dir='ltr'>διο.</span> 
     </span>
     <span class='ocr_line' id='line_1_126' title="bbox 844 2795 1571 2836; baseline -0.011 -5"><span class='ocrx_word' id='word_1_755' title='bbox 844 2800 935 2831; x_wconf 87' lang='lat' dir='ltr'>Vcrr.</span> <span class='ocrx_word' id='word_1_756' title='bbox 961 2800 983 2830; x_wconf 91' lang='lat' dir='ltr'>i.</span> <span class='ocrx_word' id='word_1_757' title='bbox 1005 2801 1058 2829; x_wconf 81' lang='lat'>41.</span> <span class='ocrx_word' id='word_1_758' title='bbox 1094 2797 1204 2836; x_wconf 83' lang='lat' dir='ltr'>Hujus</span> <span class='ocrx_word' id='word_1_759' title='bbox 1220 2796 1306 2835; x_wconf 87' lang='lat' dir='ltr'>juris</span> <span class='ocrx_word' id='word_1_760' title='bbox 1330 2795 1426 2835; x_wconf 88' lang='lat' dir='ltr'>plura</span> <span class='ocrx_word' id='word_1_761' title='bbox 1448 2803 1571 2833; x_wconf 80' lang='lat' dir='ltr'>genera</span> 
     </span>
     <span class='ocr_line' id='line_1_127' title="bbox 843 2838 1556 2882; baseline -0.013 -7"><span class='ocrx_word' id='word_1_762' title='bbox 843 2851 933 2875; x_wconf 65' lang='lat' dir='ltr'>munt.</span> <span class='ocrx_word' id='word_1_763' title='bbox 957 2841 1055 2882; x_wconf 85' lang='lat' dir='ltr'>Apud</span> <span class='ocrx_word' id='word_1_764' title='bbox 1071 2841 1266 2872; x_wconf 88' lang='lat' dir='ltr'>Ciceronem</span> <span class='ocrx_word' id='word_1_765' title='bbox 1282 2839 1351 2870; x_wconf 75' lang='lat' dir='ltr'>haee</span> <span class='ocrx_word' id='word_1_766' title='bbox 1367 2838 1534 2869; x_wconf 83' lang='lat' dir='ltr'>observavi</span> <span class='ocrx_word' id='word_1_767' title='bbox 1549 2848 1556 2866; x_wconf 70' lang='grc' dir='ltr'><strong>ε</strong></span> 
     </span>
    </p>

    <p class='ocr_par' dir='ltr' id='par_1_11' title="bbox 892 2880 1569 2927">
     <span class='ocr_line' id='line_1_128' title="bbox 892 2880 1569 2927; baseline -0.013 -9"><span class='ocrx_word' id='word_1_768' title='bbox 892 2885 922 2925; x_wconf 88' lang='lat'>1)</span> <span class='ocrx_word' id='word_1_769' title='bbox 952 2886 1060 2918; x_wconf 74' lang='lat' dir='ltr'>Civile.</span> <span class='ocrx_word' id='word_1_770' title='bbox 1086 2885 1130 2927; x_wconf 90' lang='lat' dir='ltr'>(v.</span> <span class='ocrx_word' id='word_1_771' title='bbox 1153 2882 1292 2923; x_wconf 72' lang='lat' dir='ltr'>Civilis.)</span> <span class='ocrx_word' id='word_1_772' title='bbox 1317 2881 1376 2912; x_wconf 67' lang='lat' dir='ltr'>»ed</span> <span class='ocrx_word' id='word_1_773' title='bbox 1398 2880 1494 2914; x_wconf 83' lang='lat' dir='ltr'>aliter</span> <span class='ocrx_word' id='word_1_774' title='bbox 1514 2889 1569 2910; x_wconf 78' lang='lat' dir='ltr'>su-</span> 
     </span>
    </p>

    <p class='ocr_par' dir='ltr' id='par_1_12' title="bbox 912 2938 931 2960">
     <span class='ocr_line' id='line_1_129' title="bbox 912 2938 931 2960; baseline 0 0"><span class='ocrx_word' id='word_1_775' title='bbox 912 2938 931 2960; x_wconf 87' lang='lat'>7.</span> 
     </span>
    </p>
   </div>
  </div>
 </body>
</html>
