1790 3219
133 79 219 127 474

135 186 264 213 sorum,
291 175 460 208 Ciceronis
486 173 774 214 suffrag-ationem,
801 172 873 206 haec

138 221 312 263 petitionis
328 219 476 251 subsidia
490 222 596 249 ventos
611 219 759 258 appellat
775 230 781 248 ι
807 217 873 248 dux

137 268 174 296 et
188 268 305 294 auctor
328 264 421 294 nobis
436 271 519 302 opus
535 267 599 300 est,
615 266 650 292 et
665 271 781 292 eorum
797 270 874 291 ven-

135 313 258 345 torum,
272 317 353 347 quos
363 306 529 347 proposui,
540 305 732 335 moderator
738 304 874 344 quidam

138 356 174 382 et
189 351 404 391 gubernator.
428 349 447 368 ²*
463 349 584 380 deinde
598 353 713 379 ventus
738 347 873 384 dicitur,

137 395 178 426 de
210 395 307 425 rebus
334 394 375 424 ad
411 392 666 424 commovendas
697 391 873 421 conciones

136 438 253 480 populi
269 443 304 468 et
319 438 498 468 seditiones
525 436 666 472 idoneis,
682 435 721 464 de
750 434 874 463 invidia

135 481 235 513 alicui
266 481 355 522 apud
382 480 542 522 populum
573 479 672 509 facta.
703 476 786 507 Sull.
825 479 874 507 14.

133 529 251 556 ventus
266 525 300 556 in
316 526 482 565 optimum
509 531 675 562 quemque
693 520 872 550 excitatus.

134 570 190 601 Sic
207 569 302 610 capio
317 568 430 599 locum
459 566 593 597 Cluent.
624 566 677 595 28.
699 563 872 603 Quintius,

136 613 237 644 homo
253 613 398 642 maxime
414 609 595 652 popularis,
612 607 669 646 qui
685 615 801 636 omncs
819 615 874 636 ru-

137 665 270 688 morum
297 662 332 686 et
358 655 555 684 concionum
583 655 690 681 ventos
716 649 871 688 colligere

134 703 348 731 consuesset:
380 707 447 728 non
463 705 508 726 sc.
526 695 565 725 de
582 694 713 734 plausu,
743 698 780 723 ut
800 693 871 733 Syl-

133 744 221 781 vius,
238 752 298 773 nec
312 741 352 771 de
380 741 489 777 rebus,
505 747 579 778 quae
605 737 638 767 in
657 737 871 767 concionibus

135 787 297 818 dicuntur
319 789 354 814 et
370 789 519 823 aguntur
533 781 624 820 solis,
642 786 681 812 ut
697 780 846 810 Graevius
862 792 868 809 :

135 838 338 871 quamquam
356 836 423 857 non
447 829 528 857 sunt
543 825 583 856 ab
602 825 664 855 hoc
687 830 787 854 vento
814 834 870 853 ex-

134 872 331 910 cludendae3
355 871 395 901 iis
425 871 514 901 enirn
544 873 689 899 utuntur
717 867 869 898 homines

133 916 308 958 populares
336 914 378 944 ad
401 914 579 944 conciones
608 911 809 948 incitandas,
835 914 870 940 et

132 961 211 992 hinc
238 959 340 989 Gron.
365 958 451 989 Sest.
478 958 519 987 iv.
535 961 567 992 9.
591 966 650 996 per
672 955 744 986 haec
772 954 872 984 verba

132 1005 376 1044 interpretatur
387 1001 559 1032 hominem
573 997 802 1030 concionalem
816 1007 870 1037 ap.

131 1048 205 1080 Liv.
222 1047 268 1077 iii.
285 1046 346 1076 ult.
362 1045 420 1075 sed
432 1045 471 1074 de
487 1044 584 1074 rebus
601 1043 870 1083 quibuscunque,

132 1091 175 1122 ad
190 1089 378 1121 incitandos
396 1088 560 1125 homines,
577 1086 736 1128 plebeios,
753 1085 788 1115 in
803 1086 871 1125 pri-

131 1135 261 1174 misque
278 1133 467 1170 conciones,
483 1131 622 1162 idoneis.
666 1128 870 1169 Hujusmodi

133 1188 213 1218 ergo
229 1187 280 1208 res
296 1177 443 1207 studiose
455 1175 613 1215 captabat
626 1173 794 1214 popularis
811 1171 869 1202 ho-

131 1232 200 1260 mo,
217 1221 336 1261 quibus
347 1220 526 1250 conciones
541 1226 763 1253 commovere,
776 1219 810 1245 et
821 1217 871 1245 ita

131 1265 206 1296 aliis
239 1264 399 1296 invidiam
435 1262 587 1293 faciendo
620 1261 690 1301 ipse
721 1268 869 1290 crescere

131 1313 256 1351 posset.
279 1308 396 1347 Neque
413 1316 489 1336 vero
503 1310 628 1342 ventus,
645 1313 744 1344 quem
762 1303 869 1343 Quin·-

128 1354 198 1384 tius
220 1362 260 1383 eo
288 1358 437 1391 tempore
460 1348 654 1388 collegerat,
670 1354 717 1386 et,
735 1356 800 1386 quo
827 1347 867 1376 de

129 1397 253 1437 agitur,
270 1400 343 1425 erat
358 1404 410 1424 res
425 1393 461 1424 in
477 1392 636 1423 concione
653 1396 741 1428 acta,
753 1389 812 1420 sed
834 1391 869 1420 in

122 1440 266 1481 judicio,
282 1447 398 1468 verum
414 1436 509 1466 valde
534 1434 799 1470 accommodata,
826 1433 869 1463 ad

129 1482 293 1525 populum
314 1484 431 1511 contra
441 1480 571 1519 judicia
595 1478 769 1508 Senatui-ia
784 1477 867 1508 inci-

127 1527 283 1558 tandum.
321 1526 431 1565 Atque
449 1524 534 1554 hanc
550 1522 866 1562 interpretationem

129 1571 232 1611 ipsius
265 1568 524 1609 comparationis
559 1566 645 1596 ratio
676 1565 865 1595 confirmat.

126 1614 193 1645 vid.
211 1613 344 1645 Cluent.
362 1614 415 1643 40.
441 1617 527 1641 extr.
557 1610 576 1628 '⁷⁶
591 1610 652 1639 Est
677 1609 780 1638 etiarn
806 1618 866 1648 pro

127 1659 231 1695 fama,
247 1661 412 1696 quatenus
440 1655 586 1694 aliquam
607 1652 866 1683 similitudinem

129 1711 207 1733 cum
224 1705 324 1731 vento
350 1699 461 1729 habet.
484 1697 525 1728 ad
541 1697 617 1727 Div.
647 1697 715 1726 viii.
739 1699 770 1726 8.
796 1705 866 1725 nia-

130 1755 198 1786 gna
210 1742 300 1774 illic‘o
315 1743 407 1774 fama
417 1741 575 1779 surrexit,
592 1743 626 1770 et
642 1739 681 1770 (le
699 1739 866 1769 damnati-

128 1798 193 1820 one
218 1787 388 1818 ferventer
415 1785 506 1824 loqui
530 1790 583 1814 est
612 1787 771 1823 coeptum.
800 1792 865 1821 quo

128 1836 221 1864 vento
237 1831 410 1872 projicitur
430 1828 557 1869 Appius
578 1828 701 1864 minor,
720 1831 757 1856 ut
782 1826 867 1856 indi-

129 1880 184 1908 cet
199 1876 258 1906 &a
282 1875 300 1893 ²*
317 1874 464 1904 fortuna.
493 1873 564 1902 Att.
582 1872 615 1901 ii.
632 1874 659 1900 l.
685 1871 866 1908 Caesarem,

128 1919 225 1960 cujus
251 1927 342 1949 nunc
366 1918 453 1947 venti
479 1915 573 1946 valde
602 1918 683 1944 sunt
713 1913 865 1951 secundi,

127 1964 299 1996 meliorem
317 1960 427 1992 reddo.
444 1959 486 1990 ad
496 1960 571 1990 Div.
582 1959 638 1988 xii.
655 1960 708 1989 25.
726 1958 866 1997 quicun-

129 2018 193 2049 que
213 2007 301 2037 veuti
332 2007 445 2042 erunt,
462 2013 513 2034 ars
540 2005 628 2033 certe
655 2007 769 2031 nostra
795 2009 864 2031 non

126 2051 244 2083 aberit.

172 2096 343 2130 Venustus,
384 2092 496 2131 jocus,
532 2089 677 2127 facetias,
714 2088 864 2119 dicteria.

129 2140 237 2171 Flacc.
252 2140 304 2168 31.
330 2145 371 2166 ne
388 2142 461 2165 tuni
472 2134 607 2174 quidem
620 2132 796 2163 hominum
813 2142 865 2162 ve-

126 2187 290 2214 nustatem
305 2184 341 2210 et
355 2179 493 2209 facetias
511 2178 696 2218 perspicere
712 2176 864 2216 potuisti.

126 2228 179 2258 Sic
203 2227 304 2258 Dom.
332 2226 384 2255 34.
409 2232 517 2253 sermo
541 2222 686 2252 urbanus
707 2225 744 2250 et
764 2230 864 2250 ‘cenu-

125 2276 205 2302 stas.
227 2268 319 2299 *0112
336 2267 357 2297 i.
375 2266 427 2297 36.
450 2269 648 2297 venustatem
663 2263 862 2294 muliebrem

124 2315 233 2345 dicere
245 2312 417 2348 debemus,
429 2309 631 2349 dignitatem
643 2307 770 2338 virilem
789 2306 864 2349 pul-

126 2357 364 2389 chritudinem.

170 2401 326 2432 Verbena.
348 2397 442 2428 Verr.
458 2397 499 2427 iv.
512 2400 563 2428 50.
580 2395 768 2426 sacerdotes
785 2404 862 2425 cum

126 2444 242 2477 infulis
258 2448 293 2473 et
308 2442 450 2472 verbenis
465 2445 586 2481 praesto
604 2439 686 2470 mihi
712 2438 862 2469 fuerunt.

125 2490 179 2522 De
195 2487 292 2517 variis
319 2484 619 2525 significationibus
647 2482 746 2521 hujus
771 2482 861 2512 verbi

124 2530 299 2567 videndus,
314 2537 413 2567 quem
429 2528 568 2567 alii-iam
578 2526 771 2563 laudarunt,
788 2527 864 2556 Ser-

125 2577 199 2607 vius
224 2573 267 2604 ad
290 2573 381 2611 Virg.
405 2570 519 2611 Eclog.
546 2571 611 2601 viii.
636 2571 688 2601 65.
711 2569 787 2600 AEn.
804 2570 861 2600 xii.

129 2622 202 2652 120.
225 2617 289 2648 Hic
304 2615 513 2653 intelligendi
536 2620 617 2644 sunt
640 2613 725 2643 rami
751 2614 860 2650 olivae,

125 2665 166 2696 de
183 2660 301 2702 quibus
316 2658 380 2688 dici
396 2658 553 2688 verbenas
568 2661 685 2688 auctor
710 2664 762 2687 est
787 2658 861 2687 Ser-

124 2708 199 2739 vius
214 2704 249 2735 ll.
265 2712 313 2734 cc.
335 2701 386 2732 Ad
401 2702 477 2731 AEn.
494 2702 539 2731 iii.
557 2703 609 2732 24.
628 2705 756 2742 myrtus
772 2701 862 2731 inter

125 2751 286 2781 verbenas
305 2745 345 2776 ab
367 2754 406 2774 co
431 2746 578 2784 ponitur.
601 2744 697 2775 Ovid.
712 2745 752 2776 A.
770 2745 809 2775 A.
825 2745 860 2774 ii.

125 2797 201 2827 401.
224 2789 354 2823 inducit
379 2787 525 2827 Chrysen
542 2798 618 2818 cum
635 2788 729 2818 lauro
744 2792 780 2818 et
795 2788 860 2818 vit-

123 2840 180 2871 tis,
195 2838 326 2874 Nempe
341 2831 526 2864 sacerdotes
535 2831 652 2863 habitu
667 2832 857 2873 supplicum

650 84 797 115 INDEX
827 86 1124 121 LATINITATIS.

917 183 1037 217 praesto
1052 179 1145 210 fuere
1163 179 1328 218 Ciceroni,
1345 181 1384 211 ut
1397 189 1438 212 ex
1463 179 1578 214 infulis
1593 190 1651 224 ap-

915 229 1019 260 paret.
1066 224 1238 264 Supplices
1267 226 1380 254 autem
1407 224 1562 264 praeferre
1581 226 1650 268 εἰρι-

912 264 1024 302 σιῶνας,
1041 276 1150 297 ramos
1165 267 1273 304 olivae,
1288 267 1489 298 tralatitium
1507 272 1568 298 est.

961 309 1148 341 Verberare.
1173 310 1258 341 Phil.
1275 311 1340 340 viii.
1357 314 1388 345 7.
1404 311 1577 341 verberare
1590 320 1650 352 op-

913 352 1028 390 pidum
1046 355 1234 384 tormentis.
1251 355 1269 373 *
1281 354 1322 384 ad
1338 354 1414 385 Div.
1429 355 1492 385 xvi.
1509 355 1562 385 26.
1578 364 1651 385 ver-

914 396 1023 425 beravi
1038 400 1072 426 te
1100 398 1312 437 cogitationis
1339 398 1500 427 convicio.
1543 398 1598 428 Sic
1614 401 1651 427 et

913 440 1046 470 verbera
1061 441 1168 479 poetis
1181 441 1281 472 dicta.
1300 452 1328 470 v.
1345 441 1495 472 Broukh.
1513 441 1556 471 ad
1572 440 1650 471 Pro·

913 486 997 520 pert.
1014 483 1034 512 i.
1053 486 1083 513 3.
1104 487 1152 514 18.
1175 484 1194 503 *
1210 495 1340 522 vexare,
1357 485 1529 524 negotium
1545 483 1652 514 faces·

912 534 994 555 sere.
1019 527 1113 556 Orat.
1142 527 1188 557 iii.
1215 531 1266 559 21.
1303 528 1446 567 vulgaris
1472 531 1596 565 orator,
1621 527 1649 558 si

913 569 1023 599 minus
1039 570 1103 599 erit
1122 569 1252 608 doctus,
1275 575 1425 602 attamen
1455 572 1488 601 in
1506 569 1648 601 dicendo

911 613 1128 650 exercitatus,
1143 613 1204 644 hac
1221 614 1293 654 ipsa
1306 616 1544 645 exercitatione
1556 623 1648 644 com-

911 657 1006 686 muni
1029 657 1108 687 istos
1136 657 1270 696 quidem
1299 662 1427 688 nostros
1453 658 1648 694 verberabit,

911 708 1020 739 neque
1047 710 1081 730 se
1109 700 1149 730 ab
1175 701 1214 731 iis
1245 702 1428 732 comtemni
1456 711 1495 731 ac
1523 700 1648 742 despici

908 743 1009 773 sinet.

955 787 1151 818 Verberatio.
1167 787 1209 818 ad
1224 787 1300 819 Div.
1315 788 1378 818 xvi.
1395 789 1447 822 27.
1472 787 1649 818 mirificam

909 831 1160 862 verberationem
1177 832 1368 862 cessationis
1381 830 1463 861 mihi
1481 830 1613 861 dedisti.

956 873 1108 904 Verbum.
1139 876 1238 906 verba
1265 875 1375 905 facere
1404 875 1510 905 tribus
1542 873 1648 904 modis

910 921 961 947 est
987 918 1076 958 apud.
1103 918 1310 948 Ciceronem.
1336 919 1466 948 Primus
1489 922 1551 955 est,
1568 926 1647 948 cum

911 960 950 990 de
966 967 1096 992 oratore
1127 961 1273 1000 dicitur;
1299 963 1355 1001 qui
1382 966 1432 992 est
1457 960 1649 1001 vulgatissi-

911 1014 996 1034 mus.
1043 1004 1137 1036 Alter
1152 1005 1191 1034 de
1214 1006 1413 1045 magistratu
1430 1005 1593 1036 referente
1606 1003 1649 1034 ad

903 1053 1086 1086 ‘senatuum
1125 1053 1243 1088 estque
1275 1049 1414 1079 verbum
1444 1049 1581 1079 solenne
1612 1047 1649 1077 in

909 1091 1016 1129 sctis,
1042 1101 1101 1132 pro
1122 1102 1186 1131 quo
1210 1092 1317 1122 Graeci
1343 1092 1460 1122 dicunt
1487 1091 1583 1123 εἰπεῖν.
1607 1090 1651 1121 ad

910 1135 1041 1165 Divers.
1057 1135 1124 1165 viii.
1142 1139 1172 1165 8.
1196 1135 1284 1175 quod
1302 1135 1350 1166 M.
1368 1135 1547 1165 Marcellus
1562 1135 1650 1166 Con-

909 1178 963 1209 sul
975 1178 1012 1208 V.
1027 1179 1061 1209 F.
1077 1179 1292 1220 (zrerbajecrlty
1308 1179 1348 1209 de
1365 1179 1543 1219 provinciis
1561 1179 1651 1210 Con-

908 1222 1084 1253 sularibus.
1101 1222 1164 1252 vid.
1180 1223 1326 1253 Brisson.
1347 1222 1387 1252 de
1408 1221 1543 1252 formul.
1567 1223 1589 1253 l.
1613 1222 1650 1253 ii.

907 1276 941 1306 p.
973 1269 1045 1301 193.
1068 1266 1225 1297 Graecum
1244 1266 1330 1297 εἰπεῖν
1361 1266 1400 1296 de
1418 1265 1580 1296 relatione
1606 1265 1650 1297 ad

907 1310 1070 1350 populum
1083 1314 1135 1340 est
1151 1310 1183 1339 in
1211 1309 1506 1350 psephismatibus.
1533 1309 1598 1340 vid.
1618 1320 1649 1340 v.

909 1363 937 1383 e.
967 1353 1145 1384 Demosth.
1176 1353 1216 1383 de
1234 1353 1355 1384 Coron.
1387 1363 1416 1383 c.
1446 1358 1478 1388 9.
1512 1353 1649 1384 Tertius

909 1401 960 1427 est
977 1396 1017 1426 de
1033 1397 1198 1427 recitante
1220 1396 1401 1427 formulam
1428 1396 1649 1427 dedicationis

909 1440 1009 1471 Dom.
1027 1441 1080 1471 46.
1103 1441 1132 1470 si
1146 1441 1172 1470 is
1186 1441 1227 1480 Ω.
1245 1440 1424 1480 Caepionis,
1443 1440 1570 1470 inimici
1583 1441 1650 1479 sui,

908 1487 1038 1524 postem
1057 1483 1179 1514 aedium
1195 1485 1372 1521 tenuisset,
1388 1490 1423 1514 et
1448 1494 1556 1523 pauca
1576 1493 1651 1514 ver-

908 1529 949 1557 ba
966 1527 1112 1565 fecisset,
1129 1527 1216 1558 aedes
1234 1527 1399 1567 Caepionis
1423 1531 1536 1558 essent
1556 1527 1649 1558 dedi-

908 1572 1014 1602 catae?
1039 1571 1058 1589 *²
1071 1571 1171 1602 Dom.
1189 1573 1241 1602 52.
1264 1572 1362 1601 verba
1385 1570 1523 1608 cadunt,
1539 1571 1578 1601 de
1595 1581 1649 1608 eo,

909 1615 964 1654 qui
996 1615 1133 1645 verbum
1165 1624 1234 1654 prae
1264 1614 1516 1654 perturbatione
1544 1616 1648 1646 animi

907 1658 1059 1698 proloqui
1073 1657 1205 1688 nullum
1223 1662 1347 1698 potest,
1361 1662 1420 1688 aut
1431 1658 1647 1690 obmutescit.

910 1705 929 1723 ’κ
946 1702 1047 1732 Tusc.
1065 1702 1099 1732 ii.
1120 1703 1168 1732 12.
1192 1702 1284 1731 verbo
1305 1701 1346 1732 de
1362 1702 1534 1731 sententia
1548 1702 1651 1733 desti-

909 1746 971 1775 tit:
997 1744 1030 1775 h.
1048 1755 1076 1774 e.
1103 1745 1219 1786 paucis
1244 1743 1406 1782 monitus,
1422 1744 1520 1775 facile
1538 1745 1649 1776 cessit.

909 1788 927 1807 ²*
944 1789 1015 1819 Att.
1031 1790 1096 1819 xvi.
1118 1792 1166 1819 ll.
1190 1789 1344 1818 suavium
1362 1789 1445 1818 meis
1461 1789 1564 1820 verbis
1579 1789 1648 1819 des.

907 1832 927 1851 ¹*
942 1833 1042 1863 verba.
1067 1835 1165 1863 vocat
1190 1833 1293 1862 etiam
1324 1832 1517 1870 formulam,
1545 1842 1647 1872 quam

909 1881 1032 1916 praetor
1047 1875 1233 1917 praescribit
1240 1875 1425 1916 judicibuS‚
1437 1879 1477 1906 ut
1485 1885 1524 1906 ex
1542 1886 1582 1906 ea
1591 1878 1649 1917 ju-

909 1920 1034 1950 dicent.
1056 1919 1175 1959 Quint.
1191 1919 1430 1958 20.jud1cium
1455 1920 1586 1960 accepit
1610 1920 1646 1951 in

907 1964 1003 1994 verba
1020 1963 1079 1993 &e.
1103 1968 1138 1993 et
1154 1963 1201 1993 sic
1216 1971 1317 2003 saepe.

952 2007 1047 2044 Vere,
1064 2007 1136 2036 sine
1160 2006 1439 2039 dissimulatione.
1463 2006 1522 2037 Or.
1541 2006 1575 2037 ii.
1592 2006 1646 2038 86.

906 2051 933 2081 si
949 2060 1024 2081 vere
1039 2059 1136 2089 agere
1151 2050 1308 2088 volueris,
1325 2051 1440 2081 omnia
1455 2050 1520 2081 tibi
1543 2049 1648 2081 relin-

906 2104 971 2134 quo
985 2105 995 2125 z
1019 2094 1071 2124 sin
1087 2093 1296 2124 dissimulare
1312 2094 1373 2124 ἃς.

952 2138 1079 2169 Vereor.
1095 2147 1172 2168 cum
1190 2137 1348 2177 genitivo.
1370 2137 1443 2168 Att.
1453 2136 1522 2167 viii.
1539 2138 1572 2167 4.
1593 2146 1647 2168 ve·

904 2183 990 2212 ritus
1004 2181 1191 2211 testimonii
1212 2180 1274 2211 tui.
1291 2181 1348 2211 ubi
1362 2184 1479 2211 tamen
1494 2179 1569 2211 edd.
1595 2190 1646 2221 pr.

903 2225 1030 2256 habent
1045 2225 1289 2255 testimonium.
1306 2232 1338 2254 v.
1356 2228 1427 2254 not.

950 2269 1105 2308 Vergere,
1122 2269 1199 2306 niti,
1214 2267 1364 2298 tendere.
1388 2267 1469 2298 Nat.
1481 2267 1526 2298 D.
1539 2267 1574 2297 ii.
1589 2268 1646 2298 4'5.

904 2313 1060 2343 omnibus
1076 2312 1226 2353 partibus
1237 2315 1337 2342 terrae
1353 2311 1388 2341 in
1404 2311 1553 2341 medium
1572 2320 1646 2341 ver-
1663 2306 1667 2309 ’

901 2357 1064 2394 gentibus.
1088 2357 1107 2375 ²*
1123 2360 1286 2396 spectare.
1309 2353 1395 2385 Phil.
1406 2355 1451 2385 xi.
1472 2357 1522 2385 11.
1544 2353 1644 2384 Bruti

905 2400 1069 2430 auxilium
1084 2399 1126 2430 ad
1153 2398 1286 2429 Italiam
1303 2407 1449 2438 vergere,
1474 2407 1575 2438 quam
1601 2396 1644 2428 ad

903 2444 1016 2474 Asiam
1033 2443 1279 2474 maluissemus.

948 2487 1130 2524 Veridz'cus,
1145 2495 1253 2516 verus.
1288 2484 1394 2516 Flacc.
1420 2485 1474 2516 32.
1495 2483 1645 2515 veridice

904 2540 1012 2561 causae
1029 2530 1296 2561 inimicitiarum.
1319 2528 1430 2560 Div.i.
1445 2530 1500 2559 45.
1522 2527 1643 2559 veridi-

903 2583 949 2604 coe
969 2583 1065 2605 voces
1088 2584 1128 2604 ex
1157 2572 1291 2604 occulto
1317 2572 1437 2602 missae.
1459 2571 1537 2603 Non
1563 2580 1643 2611 ergo

903 2618 1010 2659 poetis
1027 2618 1200 2658 proprium
1211 2616 1274 2647 hoc
1286 2613 1496 2646 vocabulum.

949 2661 1156 2699 Verisz'milis,
1181 2663 1343 2700 sequente
1358 2661 1407 2689 ut.
1439 2657 1534 2688 Verr.
1549 2656 1593 2688 iv.
1610 2656 1643 2688 6.

902 2706 1078 2735 rerisimz'le
1095 2714 1162 2735 non
1178 2708 1243 2742 est,
1259 2707 1298 2733 ut
1313 2702 1370 2733 ille
1384 2701 1488 2732 homo
1502 2702 1562 2732 &c.
1587 2700 1642 2731 Sic

903 2753 937 2779 et
953 2753 1003 2779 est
1020 2749 1116 2779 Rosc.
1141 2749 1219 2780 Am.
1234 2749 1288 2778 41.
1312 2744 1394 2776 Sull.
1410 2747 1465 2777 20.
1485 2745 1581 2775 Verr.
1596 2744 1641 2774 iv.

903 2793 933 2823 6.
957 2793 1048 2822 Sext.
1064 2792 1118 2823 36.
1143 2802 1172 2822 v.
1188 2795 1259 2822 not.
1276 2789 1317 2820 ad
1334 2788 1444 2819 locum
1459 2788 1618 2829 primum.

947 2836 1087 2868 Veritas.
1103 2840 1195 2874 ante,
1217 2843 1332 2876 quam,
1349 2841 1424 2874 quae
1439 2831 1480 2863 de
1494 2831 1558 2863 hoc
1568 2839 1640 2863 ver-
