1804 3178
576 100 723 130 mnnx
755 100 1049 129 LA‘nNrrATts.

56 186 309 227 drittun-batus,
331 193 520 230 corruptus.
543 188 636 219 Verr.
661 189 707 218 iii.
731 191 783 222 75.

54 231 248 272 interpositae
275 233 429 263 rationes.
469 231 585 263 'SulL
613 235 661 266 19.
686 233 785 262 inter-

49 276 146 314 potiti
168 280 245 306 sunt
261 275 472 315 gladiatores,
488 286 534 306 sc.
558 275 598 305 ab
615 281 787 305 accusato-

56 317 147 349 ribus
174 320 309 350 conficti
331 324 412 350 suut
434 319 476 349 ad
499 318 646 349 fabulam
670 325 786 349 texen-

59 361 149 392 dam.

101 405 276 446 Inter-pres,
315 405 561 442 internuncius,
610 405 786 442 mediatur,

59 458 230 489 perquem
259 449 338 489 quid
356 449 555 487 transigitur
580 449 669 479 iuter
694 449 786 479 duos.

57 492 132 522 Act.
147 493 170 523 i.
185 492 279 523 Verr.
296 494 344 522 153.
367 493 557 532 interpretes
572 503 787 533 corrumpen-

58 534 91 566 di
114 535 245 574 judicii.
270 535 406 566 Cluent.
433 537 484 566 36.
509 537 716 566 nummarius
739 539 787 566 in-

58 582 184 618 terpres
219 580 310 619 pacis
341 585 375 609 et
406 580 602 609 concordite.
639 580 787 610 Grauius

59 621 176 653 laudat
198 621 239 652 de
263 622 324 652 hac
347 624 435 658 vocis
460 624 490 653 vi
516 624 637 663 Cuper.
668 623 709 653 ad
734 623 788 653 ln·

58 674 123 696 scr.
146 665 312 703 subjectas
326 664 506 706 Apotheos.
531 667 631 696 Hom.
657 677 687 706 p.
713 669 787 700 ‘27:5.

59 709 79 727 ‘
94 708 175 740 Nat.
193 709 236 740 D.
259 710 293 740 ii.
308 712 338 740 ⁴.
363 711 549 750 interpretes
562 711 788 747 comitiorum,

60 751 223 783 dicuntur
258 754 438 793 aruspices,
467 754 522 792 qui
554 753 624 782 scil.
664 754 788 790 sciunt,

61 799 176 827 utrum
186 796 283 834 justa
297 797 436 826 comitia
452 797 590 833 fuerint,
604 806 646 826 an
662 797 789 826 vitiosa.

59 839 108 870 nic
120 839 204 870 Phil.
217 849 246 869 ν.
261 842 292 870 4.
309 847 389 870 sunt
404 841 592 879 inempretes
609 850 790 876 armorum,

61 883 119 922 qui
134 882 306 921 judicant,
332 892 374 913 an
401 883 518 922 aliquis
545 893 638 913 artua
667 885 791 923 ceperit

62 929 180 956 eontra
194 935 299 966 remp.
316 925 386 956 ‘ad
400 926 496 957 Brut.
512 937 564 967 cp.
586 930 633 957 10.
657 926 790 957 fallaces

62 970 254 1010 interpretes
269 979 307 1000 ac
330 970 463 1000 nuncii:
488 976 580 1007 sunt,
597 971 651 1008 qui
670 981 719 1000 res
736 980 792 1010 ge—

62 1018 132 1043 stas
151 1023 190 1043 ac
207 1021 274 1043 non
295 1017 405 1053 gestas
428 1014 495 1043 suis
519 1014 791 1053 inter-prelationi-

62 1056 120 1087 δια
154 1056 191 1087 in
227 1062 357 1096 partem
385 1056 484 1087 aliani
515 1056 728 1096 detorquent,
754 1063 792 1088 ut

61 1109 156 1139 opem
181 1106 351 1130 metu-uve
374 1100 539 1139 injiciant,
563 1107 622 1131 aut
648 1102 793 1131 incitent

62 1142 210 1182 aliquem
244 1143 279 1173 in
300 1142 463 1173 alterum:
494 1144 534 1173 de
561 1154 627 1183 qua
650 1145 678 1174 vi
705 1145 792 1174 verbi

61 1190 95 1218 V.
110 1186 334 1218 Schwarzium
347 1186 389 1216 ad
407 1187 491 1216 Plin.
507 1187 586 1218 Pan.
604 1197 678 1228 pag.
693 1190 745 1218 44.
762 1197 792 1217 a.

108 1230 327 1270 Interpretari
349 1229 524 1269 religiones
554 1232 654 1262 Dom.
689 1234 716 1261 1.
744 1235 796 1261 est

65 1274 273 1314 aruspicum,
290 1273 487 1314 pontificum
505 1274 565 1305 &m
582 1275 638 1314 qui
655 1274 694 1304 de
721 1284 795 1314 pro-

66 1316 179 1357 digiis,
196 1317 275 1348 locis
291 1322 327 1347 et
342 1317 439 1348 rebus
455 1318 556 1348 sacris
583 1317 794 1357 respondent.

63 1361 137 1392 Att.
153 1361 218 1391 xvi.
232 1362 264 1392 6.
280 1369 334 1390 me
348 1360 388 1390 de
403 1365 466 1390 tua
481 1360 680 1392 liberalitate
697 1363 796 1392 inter-

61 1408 288 1445 pretaturum.
312 1403 332 1422 ὕ
348 1403 429 1434 Rab.
443 1404 531 1434 Post.
554 1407 602 1435 ll.
619 1405 796 1435 consilium

67 1457 107 1478 ex
125 1448 324 1478 necessitate
339 1448 563 1485 interpretari,
573 1457 618 1479 sc.
635 1448 723 1487 quod
740 1458 797 1478 ne-

64 1491 209 1522 cessario
232 1490 360 1521 factum
377 1496 441 1528 est,
457 1490 490 1521 id
515 1490 653 1522 consilio
668 1491 797 1523 factum

66 1539 197 1575 putare.

111 1577 339 1618 Interpretatio
366 1576 509 1608 foederis.
548 1577 643 1609 Balb.
674 1579 705 1609 6.
737 1578 799 1616 vis,

68 1621 250 1654 sententia.

112 1664 346 1705 Immunem,
360 1663 543 1696 distinctio.
570 1665 660 1696 Mur.
681 1668 731 1696 ll.
748 1667 796 1696 in-

68 1710 306 1750 capum-tiones
320 1708 508 1739 verborum.

114 1752 377 1792 Interyunctum.
397 1751 497 1783 idem.
514 1751 609 1783 Orat.
625 1752 671 1782 iii.
687 1752 742 1783 46.

116 1796 364 1836 [ntupum-tus,
386 1794 578 1833 distinctus,
599 1797 800 1835 variegatus,

72 1840 133 1872 Or.
150 1840 186 1870 ii.
203 1839 256 1871 86.
279 1839 489 1879 interpuncta
513 1840 660 1869 narratio
676 1848 802 1870 sermo-

75 1883 194 1922 nibus3
219 1882 273 1912 cui
289 1881 476 1922 dialog-ismi
494 1883 738 1914 immiscentur.

117 1926 282 1958 Inter-ret.
305 1925 406 1956 Dom.
428 1928 476 1957 14.
511 1931 562 1956 est
587 1926 802 1966 magistratus

73 1969 369 2007 extraordinarius,
382 1969 438 2008 qui
450 1969 663 2000 comitiorum
680 1969 803 2000 haben-

75 2013 196 2044 dorum
212 2021 316 2043 causa
331 2018 476 2050 creatur,
493 2020 569 2043 cum
586 2014 804 2052 magistratus

77 2058 184 2096 major
213 2055 326 2093 nullus
354 2060 419 2093 est,
447 2056 504 2095 qui
535 2056 656 2087 habere
684 2057 801 2097 possit.

76 2099 209 2132 Nomen
223 2099 364 2131 retinuit
378 2100 413 2130 in
426 2099 531 2129 libera
541 2104 610 2140 rep.
625 2100 713 2139 quod
723 2100 804 2130 olim

69 2146 265 2185 acceperat,
280 2149 356 2183 post
377 2147 520 2173 mortem
542 2143 676 2173 Romuli
694 2143 727 2174 in
755 2143 806 2174 in-

77 2193 247 2228 terregno.
269 2185 341 2217 Liv.
358 2186 379 2217 i.
399 2189 448 2221 17.
475 2184 675 2226 Inter-regem
692 2189 805 2217 autem

76 2237 116 2262 et
140 2231 318 2272 patricium
339 2239 424 2268 esse,
446 2233 482 2260 et
503 2239 523 2260 a
547 2230 688 2271 patricio
713 2230 807 2271 prodi

77 2275 265 2317 oportebat.
278 2273 413 2306 Dom.1.
428 2283 457 2303 c.

124 2319 372 2359 lnterngnum,
385 2317 418 2348 in
433 2316 536 2347 libera
545 2315 715 2357 republlca
728 2316 808 2354 fuit,

83 2372 162 2394 cum
189 2362 302 2393 nullus
332 2361 547 2401 magistratus
577 2360 683 2399 maior
708 2365 808 2397 esset,

81 2409 218 2446 propter
232 2405 338 2436 dilata
351 2408 387 2434 et
409 2403 723 2435 obnunciationibus
739 2413 810 2434 cre-

81 2449 149 2480 bris
169 2449 312 2480 diremta
333 2448 481 2486 comitia,
505 2447 576 2478 Att.
592 2444 647 2477 vii.
663 2450 693 2481 9.
719 2447 762 2478 lx.
779 2451 810 2482 9.

81 2492 126 2524 ad
139 2493 217 2524 Div.
232 2493 288 2524 vii.
306 2494 355 2523 u.
377 2491 417 2531 Ω.
434 2489 486 2522 Fr.
503 2491 549 2521 iii.
565 2493 596 2522 8.

127 2536 350 2576 Intmogare.
374 2534 480 2565 Flacc.
510 2537 559 2565 10.
583 2534 667 2564 bene
690 2536 810 2565 testem

81 2580 310 2621 interrogavit.
354 2578 458 2609 Moris
484 2583 569 2615 erat,
605 2585 682 2607 cum
715 2578 811 2608 testis

86 2623 129 2654 ab
155 2623 266 2663 aliquo
292 2621 474 2661 injudicio
501 2620 759 2662 producebatur,
774 2627 814 2651 ut

84 2673 122 2696 et
136 2666 219 2707 ipse,
232 2667 289 2706 qui
311 2675 390 2696 eum
410 2665 622 2706 produceret,
638 2663 677 2694 de
701 2664 740 2694 iis
763 2674 814 2694 re-

87 2707 164 2747 bus,
179 2719 260 2749 quas
275 2709 377 2740 vellet
390 2708 586 2739 testimonio
608 2708 679 2746 ejus
695 2707 814 2737 confir-

89 2753 187 2789 mari,
215 2762 295 2784 eum
326 2754 557 2792 interrogaret,
592 2756 627 2781 et
655 2755 816 2791 patronus

87 2797 172 2835 ejus,
188 2800 305 2827 contra
319 2805 418 2835 quem
436 2795 693 2836 producebatur,
708 2794 735 2824 si
751 2794 817 2824 for-

87 2847 122 2870 te
137 2839 367 2879 responsiones
381 2839 501 2870 elicere
518 2843 629 2879 posset
642 2837 817 2876 ejusmodi,

89 2883 209 2922 quibus
238 2893 273 2914 se
307 2882 488 2923 impediret
519 2883 602 2922 ipse,
634 2882 817 2921 quibusque

1468 91 1550 129 33³

828 189 1061 218 testiinonium
1078 188 1149 225 ejus
1174 189 1325 219 convinci
1338 195 1443 227 posset
1461 190 1552 220 falsi-

828 233 925 261 tatis:
953 232 984 260 in
1003 232 1112 269 quoin
1130 233 1241 271 primis
1266 234 1340 268 ineo.-
1357 234 1434 260 ·'·.=m
1453 242 1481 258 ιο
1501 244 1549 262 :ur-

828 275 969 304 tiliciuin
986 275 1113 314 patroni
1127 284 1213 304 cern.
1226 277 1330 305 hatur.
1369 276 1475 314 Atque
1489 275 1550 305 hoe

829 324 893 355 est,
917 318 1000 347 bene
1025 318 1237 355 interrogare.
1271 329 1299 348 v.
1332 319 1553 357 Interrogmw.

830 366 848 383 *
867 361 1066 401 compellare
1092 361 1130 390 «le
1155 362 1292 390 cuimine
1320 363 1440 400 aliquo,
1465 362 1552 401 quod

829 411 880 436 est
895 404 1108 434 accusatoris.
1134 404 1231 434 Doni.
1249 408 1300 437 2’9.
1325 407 1394 442 quis
1423 415 1474 434 uie
1504 407 1554 434 in-

829 449 1007 487 terrogavit
1033 447 1102 477 ulla
1129 447 1225 485 lege?
1259 448 1331 486 quis
1353 448 1551 487 postulavit?

830 493 902 531 quis
919 492 1006 521 (lieni
1031 491 1113 520 dixit
1128 491 1140 520 ἓ
1167 491 1218 519 Sic
1234 500 1320 530 saepe
1335 501 1411 520 usus
1428 497 1477 520 cst
1494 492 1555 521 lioc

830 536 928 565 verbo
952 535 1103 571 Tacitus,
1120 541 1158 563 ut
1174 534 1212 564 Α.
1242 534 1305 563 xiv.
1331 534 1383 563 46.
1409 535 1556 573 itemque

831 578 965 608 Sallust.
993 578 1090 608 Catil.
1120 581 1168 608 18.
1191 578 1245 607 ubi
1269 577 1400 607 Coruus
1425 583 1458 606 ct
1476 577 1507 606 h.
1536 577 1558 607 l.

832 622 1000 651 Ciceronis
1024 622 1133 657 affert,
1159 621 1215 650 sed
1242 620 1327 650 male
1354 621 1557 658 interrogare

831 665 974 705 explicat
990 675 1134 703 quaerere
1153 664 1191 693 «le
1210 664 1332 703 aliquo,
1355 669 1387 692 ct
1404 664 1443 693 de
1466 663 1557 700 judi-

832 709 902 738 cio:
930 709 1021 748 pejus
1042 708 1153 737 laudat
1177 707 1286 737 locuni
1309 707 1393 737 Livii
1417 707 1484 737 viii.
1506 709 1558 737 39..

833 753 886 782 ubi
906 751 1000 790 louge
1015 752 1079 781 alia
1092 752 1185 781 ratio.

877 796 1106 833 Inter-rogatio,
1118 802 1167 824 est
1183 794 1315 830 actoris,
1332 803 1406 823 cnm
1423 798 1558 830 testem,

832 839 899 868 sive
926 849 1037 874 suuni,
1064 839 1130 868 sive
1155 838 1327 867 adversarii
1359 840 1557 876 interrogat.-

833 882 1018 920 cujusmodi
1036 890 1086 911 cst
1106 882 1212 911 oratio
1230 882 1261 910 in
1282 882 1462 910 Vatinium.
1492 882 1556 910 vid.

832 925 970 965 Argum.
994 927 1087 956 Orat.
1106 926 1139 954 in
1161 925 1237 954 Vat.
1261 924 1301 953 ad
1327 925 1399 954 Div.
1418 926 1437 954 i.
1454 929 1484 957 9.
1508 929 1559 953 to·

833 976 868 998 ta
891 979 967 998 vero
992 970 1199 1005 intermeant)
1223 978 1296 997 inea
1321 967 1402 997 nihil
1428 968 1557 1004 habuit,

835 1012 895 1042 nisi
928 1012 1218 1052 reprehensionem
1249 1011 1437 1041 tribunatus
1477 1012 1559 1047 ejus.

836 1056 883 1084 Ex
900 1057 1148 1094 interrogatimm
1175 1055 1234 1084 liae
1251 1055 1374 1084 Vatinii
1403 1054 1561 1094 intelligi-

833 1103 901 1135 tur,
917 1100 1018 1129 etiam
1035 1100 1164 1137 objecta
1178 1108 1247 1127 esse
1264 1099 1402 1128 testibus
1425 1100 1561 1128 interro-

832 1143 953 1181 gando,
991 1143 1109 1181 quibus
1146 1142 1225 1171 fides
1253 1151 1367 1171 eorum
1400 1141 1561 1171 infirmari

835 1192 957 1225 posset.
973 1186 1059 1216 conf.
1078 1185 1117 1214 de
1139 1185 1202 1215 hoc
1224 1194 1344 1224 genere
1364 1185 1503 1215 Casaub.
1520 1185 1561 1215 ad

836 1229 972 1258 Sueton.
995 1230 1082 1268 Aug.
1103 1239 1131 1258 c.
1150 1232 1202 1259 33.
1225 1228 1356 1258 Gruter.
1384 1229 1425 1258 ad
1449 1229 1558 1259 Tacit.

836 1272 874 1302 A.
893 1273 935 1302 vi.
951 1275 1004 1306 47.
1028 1274 1046 1290 ²*
1063 1272 1163 1302 Acad.
1181 1273 1201 1302 i.
1218 1274 1249 1303 2.
1273 1271 1355 1301 nihil
1373 1279 1450 1312 apta
1463 1273 1563 1302 inter·-

836 1317 1001 1353 rogatione
1016 1315 1235 1353 concludunt,
1247 1315 1286 1345 de
1299 1315 1493 1353 dialecticis,
1507 1316 1562 1345 ubi

837 1359 888 1388 vel
911 1366 962 1390 est
984 1359 1231 1396 argumentatio
1257 1369 1317 1398 per
1338 1360 1566 1398 interrogatio-

837 1411 923 1440 nem,
938 1403 988 1433 vel
1003 1404 1120 1433 vitium
1136 1403 1319 1442 scripturae.

882 1446 1117 1487 Interspiratiu.
1140 1447 1197 1476 Or.
1225 1447 1271 1476 iii.
1303 1449 1355 1477 51.
1375 1448 1566 1487 interspira-

839 1492 937 1520 tiones
951 1489 1108 1529 aequales,
1132 1496 1212 1520 sunt
1227 1489 1369 1528 aequales
1384 1495 1494 1530 partes
1509 1501 1567 1531 pe·-

840 1534 1022 1570 riodorum,
1039 1540 1138 1572 atque
1159 1533 1239 1563 adeo
1256 1534 1392 1573 periodi,
1408 1544 1482 1572 quae
1498 1543 1566 1564 uno

840 1578 958 1617 spiritu
977 1577 1253 1616 pronunciantur,
1271 1582 1308 1606 ut
1331 1577 1412 1606 adeo
1427 1577 1563 1616 aequali-

840 1621 902 1651 bus
919 1619 1101 1651 intervallis
1116 1621 1306 1660 respiretur.
1322 1620 1364 1650 cf.
1381 1630 1409 1650 c.
1425 1623 1479 1651 44.

890 1664 1060 1695 Intersurn.
1084 1663 1184 1694 Acad.
1211 1665 1253 1694 iv.
1280 1664 1332 1694 26.
1355 1664 1443 1703 quod
1463 1665 1503 1694 ab
1528 1674 1568 1695 eo

843 1707 926 1738 nihil
940 1709 1077 1748 intersit.
1107 1707 1184 1737 ibid.
1202 1711 1233 1741 9.
1258 1714 1384 1746 negant
1409 1717 1449 1737 ea
1474 1709 1565 1747 quie-

842 1761 942 1791 quam
971 1751 1122 1782 interesse
1146 1761 1166 1780 a
1185 1750 1288 1787 falsis,
1315 1751 1337 1781 i.
1364 1760 1393 1780 e.
1427 1751 1569 1782 differre.

842 1795 861 1813 ”¹
872 1795 968 1826 Rosc.
982 1794 1057 1825 Am.
1078 1797 1126 1824 14.
1149 1794 1183 1824 in
1200 1793 1347 1824 convivio
1363 1793 1524 1834 interfuit.

888 1838 1183 1869 Inter-trimentum.
1198 1837 1290 1868 Verr.
1305 1837 1326 1867 i.
1343 1841 1394 1868 50.
1417 1843 1468 1868 est
1476 1839 1569 1868 dam-

844 1891 926 1913 num
943 1881 1032 1921 quod
1057 1881 1098 1912 ad
1114 1881 1195 1911 duos
1221 1881 1380 1920 pertinet,
1403 1887 1442 1912 ut
1468 1881 1569 1912 detri-

845 1931 997 1956 mentum
1013 1924 1054 1955 ad
1069 1934 1187 1955 unum.
1214 1924 1334 1954 Ascon.

888 1966 1118 2000 Intervallum.
1141 1967 1198 1998 Or.
1226 1968 1271 1998 iii.
1296 1968 1350 1998 46.
1372 1967 1442 1997 sine
1467 1968 1567 1997 inter-

845 2014 941 2045 vallis
963 2012 1166 2051 loquacitas:
1191 2011 1224 2040 h.
1249 2021 1278 2040 e.
1303 2011 1373 2041 sinc
1396 2011 1569 2050 interpun-

847 2057 910 2088 ctis
926 2059 961 2086 et
974 2055 1308 2096 interspirationibus.

891 2100 1106 2136 Interventor,
1122 2097 1361 2137 interpellator.
1384 2095 1454 2128 Fat.
1475 2100 1502 2127 1.
1519 2105 1574 2126 va-

848 2152 930 2175 cuus
943 2143 983 2173 ab
996 2142 1259 2172 interventoribus
1274 2140 1354 2170 dies.

892 2187 1120 2222 Iutervertere,
1157 2187 1316 2219 avertere,
1362 2182 1572 2222 intercipere.

848 2231 949 2263 Dom.
964 2232 1017 2260 43.
1048 2230 1229 2259 interversa
1244 2226 1396 2257 aedilitas.
1420 2226 1512 2256 Verr.
1528 2226 1571 2256 iv.

851 2278 904 2306 30.
928 2275 1143 2303 interversum
1158 2271 1294 2301 donum.

893 2317 1096 2353 Intermere,
1112 2315 1261 2345 invisere.
1284 2313 1325 2344 ad
1340 2312 1415 2343 Div.
1429 2312 1484 2342 vii.
1504 2314 1532 2342 1.

898 2361 1024 2391 Intime.
1045 2359 1109 2398 Ωιι.
1124 2358 1174 2388 Fr.
1190 2358 1212 2388 i.
1227 2359 1257 2388 2.
1275 2367 1302 2387 c.
1318 2358 1347 2387 9.
1359 2357 1472 2386 intime
1485 2365 1576 2386 corn·

851 2403 1021 2434 mendari:
1051 2403 1072 2432 i.
1095 2412 1124 2431 e.
1147 2401 1406 2431 accuratissime.
1450 2400 1504 2431 Sic
1526 2399 1577 2430 in·

850 2448 953 2478 terior
967 2446 1118 2476 custodia
1133 2445 1204 2475 Liv.
1219 2444 1308 2474 xxiii.
1329 2446 1377 2477 19.

899 2491 1049 2526 Intimus,
1087 2488 1366 2524 accuratissimus,
1404 2485 1578 2516 subtilissi-

853 2543 938 2564 mus.
961 2534 1018 2564 Or.
1035 2533 1056 2562 i.
1072 2534 1125 2563 21.
1147 2531 1328 2571 disputatio
1342 2531 1472 2560 intima.
1500 2528 1578 2559 Clu—

853 2583 923 2608 ent.
953 2579 1006 2608 21.
1034 2575 1213 2606 artificium
1242 2575 1406 2604 intimum.
1443 2573 1577 2604 *Dom.

854 2624 907 2652 34.
932 2629 998 2650 non
1016 2627 1080 2658 quo
1105 2617 1186 2648 mihi
1204 2617 1239 2647 P.
1256 2617 1418 2656 Scipionis
1440 2616 1487 2646 vis
1504 2617 1578 2646 inti-

855 2674 922 2700 ma,
939 2663 1058 2704 privati
1070 2661 1226 2697 hominis,
1243 2660 1441 2700 displiceret.
1486 2659 1580 2690 Dixit

855 2708 958 2737 etiam
973 2705 1110 2737 Tacitus
1131 2704 1170 2736 Α.
1186 2714 1238 2734 xv.
1254 2705 1285 2734 2.
1308 2706 1391 2734 extr.
1407 2702 1489 2734 vires
1504 2703 1581 2733 inci-

857 2760 916 2781 rme
929 2762 938 2779 .·
962 2750 983 2779 i.
998 2759 1027 2779 e.
1042 2757 1196 2785 summoe,
1211 2756 1339 2777 omnes,

906 2793 1130 2824 Intoleranna.
1146 2791 1284 2831 passive.
1297 2789 1429 2821 Cluent.
1442 2792 1493 2820 40.
1502 2788 1581 2826 jun-

859 2839 950 2878 gitur
975 2846 1051 2866 cum
1067 2835 1232 2875 superbia.
1262 2834 1340 2874 Agr.
1367 2834 1401 2864 ii.
1432 2835 1480 2864 12.
1504 2831 1582 2863 acti-

860 2891 897 2912 ve
914 2893 921 2909 ·.
946 2879 1152 2911 &tolerantia
1169 2886 1298 2917 regum.
