1800 3131
188 79 242 122 98

189 182 350 217 nominat,
366 181 421 212 ubi
431 180 470 212 de
483 182 567 213 silva
587 180 754 223 Hercynia
768 184 850 221 agit.
877 181 916 212 de

191 222 236 254 B.
269 224 307 254 G.
335 225 376 254 vi.
403 226 454 255 24.
492 226 670 256 sensuram
696 227 792 256 totius
816 227 917 266 operis

197 267 413 308 Geograpliici
450 271 521 308 agit
560 270 678 300 Strabo
714 272 736 300 l.
768 271 789 300 i.
821 275 851 300 et
882 270 916 299 ii.

189 311 244 341 ubi
266 312 418 351 inprimis
439 317 556 350 monet,
573 323 645 343 eum
665 313 872 344 occidentales
888 316 918 343 et

191 357 455 394 septentrionales
483 356 627 396 Europa1
654 361 768 397 partes
794 366 919 396 parum

191 400 336 437 cognitas
351 400 504 430 hahuisse.
549 400 668 431 Melius·
683 401 722 430 dc
739 411 773 431 eo
786 398 920 441 judicat

192 442 214 472 l.
233 443 307 472 xvii.
325 443 388 472 vid.
409 443 542 473 (ns-aul».
559 445 604 473 ad
620 444 729 474 Strab.
746 453 826 483 pag.
846 446 895 473 15.

239 485 432 523 Erectheus,
450 487 501 516 vel
524 487 736 524 Erichthcus,
752 488 842 517 Sext.
867 488 920 517 21.

193 537 251 558 rex
267 528 420 566 Athenis,
437 530 530 568 cujus
555 530 632 561 filiae
655 531 758 560 vitam
781 540 841 570 pro
863 540 922 569 pa-

194 572 269 601 triae
292 572 400 602 salute
421 580 640 604 contemsere.
656 574 728 604 Fin.
751 584 781 602 v.
799 575 851 604 22.
876 572 918 602 N.

194 615 239 646 D.
257 615 303 646 iii.
323 619 371 649 19.
399 621 601 656 quapropter
623 618 703 648 Deae
725 621 806 647 sunt
819 616 922 646 Athe-

196 659 248 689 nis
264 659 399 697 habstae,
417 660 525 698 ibique
542 660 716 690 delubrum
734 660 870 690 habent.

240 701 398 738 Erelrici‚
428 703 479 732 vel
507 703 686 741 Eretriaci,
714 704 770 733 Or.
797 705 842 734 iii.
872 707 921 737 17.

195 744 296 776 Acad.
317 746 358 775 iv.
375 748 427 777 42.
455 756 559 785 genus
574 747 844 787 Philosophorum
863 747 922 778 So-

194 790 388 819 craticorum
416 799 437 819 a
463 790 650 821 Menedemo
673 792 846 822 Ereti-iaco
871 801 922 821 or-

195 836 279 869 tum,
297 834 352 871 qui
367 843 384 862 c
398 832 514 864 Schola
531 834 654 865 Eliaca
663 834 750 875 ficit.

241 875 419 915 Eriphyla,
437 876 489 906 vel
505 877 680 917 Eriphyle,
697 878 790 908 Verr.
810 880 852 909 iv,
871 881 921 908 18.

195 917 388 958 Amphiarai
403 930 495 950 uxor.
511 922 549 952 de
563 920 658 962 cujus
676 923 787 952 monili
797 921 923 962 sabula

193 966 271 992 nota
287 967 342 992 est.
358 962 428 993 Inv.
446 964 467 993 i.
486 967 537 995 50.
561 975 642 995 auro
654 965 755 995 vitam
770 966 831 996 viri
845 975 924 995 ven·-

197 1005 292 1036 didit.

239 1049 337 1086 Eros,
364 1048 435 1080 Att.
467 1061 497 1080 x.
531 1054 580 1082 15.
613 1052 787 1082 Philotimi
812 1062 924 1083 servus

195 1097 256 1122 (lut
276 1094 420 1123 libertus.
447 1094 488 1124 ad
510 1095 586 1126 Div.
602 1095 658 1125 xii.
672 1096 726 1126 26.
758 1097 839 1126 Eros
855 1096 923 1126 'fu-

193 1136 263 1166 rius
279 1135 412 1176 quidam
429 1139 631 1169 nominatur.
645 1139 685 1180 Q.
701 1139 798 1170 Rosc.
814 1143 863 1170 11.
878 1145 924 1170 est

195 1189 311 1210 nomen
326 1181 467 1218 comacli,
483 1192 499 1211 e
514 1183 683 1222 disciplina
699 1183 815 1214 Roscii.

246 1224 279 1254 C.
296 1223 457 1261 Erucius,
474 1226 505 1255 S.
525 1225 621 1256 Rosa.
643 1230 690 1257 13.
709 1232 892 1258 accusator.

244 1267 278 1298 C.
308 1267 471 1305 Esernus,
488 1269 568 1299 Coel.
598 1273 650 1300 30.
683 1271 738 1309 qui
768 1281 845 1301 cum
876 1271 922 1301 M.

196 1310 371 1341 Camurtio
394 1316 445 1341 est
468 1312 708 1344 condemnatus
727 1319 863 1355 propter
876 1315 925 1345 fa-

195 1354 289 1384 cinus
307 1354 472 1393 quoddam
487 1357 520 1385 in
533 1356 683 1387 Vettium
697 1358 923 1389 commissum.

239 1397 398 1435 Eteocles,
415 1399 454 1428 de
476 1400 569 1430 Offic.
594 1401 639 1430 iii.
659 1403 712 1431 21.
743 1401 857 1442 OEdipi
872 1412 924 1432 re-

195 1442 245 1479 gis
259 1441 494 1472 Thebanorum
511 1443 610 1480 filius,
627 1448 662 1473 et
677 1444 841 1485 Polynicis
857 1445 924 1477 fra-

194 1489 260 1521 ter,
277 1495 418 1523 quorum
436 1491 517 1517 nota
531 1493 582 1518 est
597 1488 719 1518 fabula.

239 1528 414 1566 Evander,
430 1539 460 1559 v.
478 1529 634 1561 Avianus.

237 1571 432 1610 Evandrus,
448 1573 548 1604 Acad.
566 1575 606 1604 iv.
623 1575 653 1605 6.
675 1573 814 1615 Lacydis
832 1575 927 1605 audi-

194 1619 260 1652 tor,
278 1616 412 1654 Egesini
430 1616 554 1648 doctor.
571 1618 794 1655 Academicus,
807 1623 838 1649 et
853 1621 924 1659 qui-

193 1659 266 1689 dem
281 1659 319 1689 de
335 1659 439 1689 media
456 1660 645 1692 Academia.

237 1701 423 1740 Eubuleus,
438 1703 480 1733 N.
505 1705 548 1735 D.
572 1705 617 1735 iii.
640 1707 693 1736 21.
722 1705 811 1736 filius
834 1705 924 1736 Jovis

192 1750 229 1776 et
247 1746 461 1786 Proserpinae.
478 1748 542 1778 vid.
560 1749 594 1778 in
611 1749 746 1779 Anaccs.

238 1788 423 1828 Eubulida,
438 1790 531 1821 verr.
546 1802 576 1821 V.
591 1794 644 1823 42.
675 1791 896 1824 Herbitensis.

236 1832 421 1863 Eubulidcs
454 1834 630 1876 Grosphus,
661 1835 754 1866 verr.
792 1837 838 1867 iii.
872 1840 925 1869 23.

195 1877 450 1916 Censuripinus.

239 1919 429 1957 Euchadia‚
457 1921 520 1952 Pis.
548 1923 600 1952 36.
629 1931 753 1953 nomen
780 1924 925 1955 foeminae

196 1963 433 1994 Macedonieae.
482 1992 485 1995 s

241 2006 408 2044 Euclides,
440 2007 541 2038 Acad.
572 2009 614 2039 iv.
647 2012 701 2041 42.
746 2011 926 2052 discipulus

195 2050 353 2088 Socratis,
377 2061 398 2081 a
422 2061 484 2090 quo
508 2051 671 2091 Megarici
697 2057 728 2084 et
750 2054 928 2086 Dialectici

194 2096 258 2124 orti
285 2099 373 2124 sunt.
403 2094 512 2124 solum
550 2095 675 2126 bonum
714 2098 808 2136 dicit,
839 2099 927 2138 quod

197 2141 284 2167 esset
299 2147 406 2167 unum
423 2143 457 2168 et
472 2138 579 2168 simile
595 2144 630 2169 et
645 2140 733 2170 idem
751 2151 892 2182 semper.

241 2180 410 2218 Euclides,
437 2181 476 2211 (le
504 2182 561 2212 Or.
589 2184 636 2213 iii.
661 2187 713 2215 33.
748 2184 928 2216 Geoinetra

193 2223 436 2255 Alexandrinus
461 2225 630 2257 Ptolemoei
655 2227 792 2266 Lagz'dae
808 2233 926 2269 tempo-

194 2268 304 2297 ribus.-
327 2269 439 2299 nobilis
456 2269 638 2301 Elementis
660 2271 699 2301 G.

242 2310 426 2349 Eudemus,
442 2313 517 2342 Div.
535 2314 556 2343 i.
577 2316 630 2345 25.
661 2315 813 2355 CypriuS,
829 2316 927 2347 fami-

195 2353 286 2385 liaris
309 2354 511 2394 Aristotelis,
527 2359 583 2396 qui
606 2359 640 2387 in
663 2358 809 2399 defuncti
833 2362 927 2390 hono-

195 2408 266 2427 rem
278 2397 462 2437 Dialogum
473 2402 600 2440 scripsit
610 2400 738 2440 Εὔδημος
753 2401 768 2435 33
780 2403 851 2446 περὶ
864 2404 927 2441 ψυ-

195 2441 270 2480 χῆς,
293 2439 390 2481 cujus
418 2445 534 2473 mentio
558 2449 603 2474 est
631 2455 684 2485 ap.
701 2446 926 2477 Piutarclzum

196 2489 227 2513 et
250 2486 341 2521 alios,
358 2495 495 2523 quorum
519 2489 597 2518 locos
619 2493 711 2519 notat
733 2489 866 2521 Jonsius
888 2491 928 2521 de

195 2529 306 2567 script.
323 2528 369 2558 H.
388 2528 431 2559 P.
447 2530 467 2558 i.
489 2533 537 2560 15.
555 2535 584 2562 3.

239 2571 413 2608 Emlmcus,
430 2573 505 2602 Div.
525 2575 558 2605 ii.
578 2577 631 2606 42.
663 2576 809 2607 Platonis
832 2577 927 2608 audi-

194 2617 260 2650 tor,
278 2615 312 2644 in
336 2615 514 2655 astrologia
536 2618 633 2648 facile
658 2620 824 2660 princeps,
848 2632 926 2651 con-

195 2658 322 2687 temnit
337 2658 570 2691 Chaldaeorum
587 2664 831 2701 praedictiones.

238 2700 435 2739 Euemerus,
452 2703 491 2732 de
508 2704 588 2735 Nat.
604 2706 647 2736 D.
664 2707 685 2736 i.
708 2710 761 2739 42.
793 2718 925 2748 expres-

193 2753 249 2776 sus
266 2745 306 2774 ab
323 2745 443 2775 Ennio.
468 2756 496 2776 ν.
519 2747 707 2779 Cblzmzmtm
731 2752 778 2780 ad
787 2751 924 2790 fragm.

193 2787 300 2820 Ennii
309 2798 346 2828 p.
359 2790 432 2819 312.
448 2790 496 2819 ed.
513 2790 625 2822 lVetst.
642 2793 827 2824 [Iis-{oriam
840 2795 925 2825 Deo-

189 2840 268 2861 rum
285 2834 458 2872 composuit
471 2843 512 2863 etc
527 2836 796 2876 inscriptionibus,
808 2848 879 2877 qua>
890 2840 925 2869 in

189 2876 316 2917 templis
333 2877 537 2909 habebantur
559 2880 693 2920 aliisque
716 2882 800 2921 Iocis,
817 2883 920 2926 inpri-

705 91 852 122 INDEX
881 88 1165 120 HISTORICUS.

959 180 1018 209 mis
1052 179 1234 210 Panchaioe
1269 177 1386 216 ludite,
1411 177 1539 218 fictitia
1575 184 1689 216 tamen

958 223 1166 254 hauddubie.
1197 223 1291 254 Nam
1314 232 1384 263 quoe
1406 222 1570 255 Diodorus
1592 224 1627 255 S.
1647 216 1688 255 V‘.

940 280 943 283 ·
952 277 988 307 p.
1005 270 1080 298 318.
1105 267 1145 296 de
1158 276 1195 297 ea
1213 267 1318 303 habet,
1335 275 1375 297 ez·
1394 265 1558 298 Euemero
1577 273 1688 299 sumta

958 315 1046 348 sunt,
1062 314 1099 341 ut
1114 310 1190 340 bene
1207 315 1312 341 monet
1325 310 1556 349 W'esselingius
1567 312 1606 342 V.
1623 312 1689 343 Cel.

959 354 999 384 de
1013 364 1052 384 ea
1068 364 1103 384 re
1123 358 1217 384 notus
1239 359 1286 384 est
1308 355 1392 384 locus
1411 354 1565 385 Laecam.
1589 355 1611 385 i.
1638 359 1688 386 11.

960 397 1087 427 Atheus
1110 397 1214 428 dictus
1235 403 1291 435 est,
1307 398 1391 438 quod
1412 401 1449 427 ut
1474 397 1577 438 rtj'ert
1603 398 1691 428 Plu·

961 442 1065 471 tarclz.
1089 441 1127 470 de
1152 441 1228 471 Isid.
1253 446 1282 472 et
1309 442 1425 472 Osirid.
1444 451 1480 481 p.
1505 442 1579 472 360.
1603 441 1689 472 Deo-

961 493 1050 520 rum,
1066 486 1120 523 qui
1129 485 1350 523 putabantur,
1367 487 1498 516 nomina
1514 485 1560 516 ad
1571 489 1691 515 veteres

964 528 1189 567 Imperatores,
1219 539 1322 567 reges,
1353 530 1533 560 nauarchos
1564 529 1690 560 retulit.

964 571 1062 601 Locos
1076 575 1219 601 veterum
1232 575 1348 603 multos
1363 573 1402 602 de
1416 583 1449 603 eo
1463 574 1602 604 attulere
1615 571 1693 603 Da·

962 615 1062 644 visius
1083 618 1113 643 et
1135 614 1304 645 Bulierius
1326 616 1370 646 ad
1397 616 1458 648 Cic.
1483 618 1505 646 l.
1522 627 1549 647 c.
1579 615 1691 647 Pumi-

964 659 1055 688 liaris
1058 657 1135 697 fuit
1145 659 1231 695 reg-is
1246 659 1432 699 Cassandri,
1445 665 1483 691 ut
1498 670 1538 691 ez·
1553 659 1693 690 Eusebio

964 702 1160 732 demonstrat
1177 701 1304 732 Vossius
1321 703 1358 733 de
1381 703 1471 734 Poet.
1494 704 1598 734 Groec.
1614 713 1641 734 c.
1659 706 1692 733 8.

964 756 1003 776 cx
1017 756 1077 785 quo
1098 750 1175 776 (etas
1195 755 1264 786 epus
1284 747 1392 786 colligi
1405 751 1516 787 potest.
1532 747 1609 777 add.
1630 746 1691 777 Ca·

963 791 1054 820 saub.
1083 789 1129 819 ad
1158 789 1307 820 Strabon.
1338 790 1360 820 i.
1383 800 1419 830 p.
1449 793 1503 824 47.
1534 790 1691 821 Sevinum

964 832 1054 864 Diss.
1081 834 1119 863 de
1141 832 1303 864 Euemcro
1327 835 1362 864 ἐπ
1389 834 1562 865 Comment-
1587 833 1691 865 Acad-

965 877 1068 907 Inscr.
1087 877 1125 907 T.
1141 878 1185 907 xi.

1007 920 1126 958 Ecius,
1143 920 1249 951 Flaec.
1265 922 1318 951 25.
1332 920 1496 951 Bacchus.

1009 964 1212 995 Eumenidas
1229 963 1450 1005 Halicyensis
1465 965 1560 995 Verr.
1577 973 1606 993 v.
1622 966 1654 998 7.

1008 1007 1220 1045 Eumenides,
1244 1008 1324 1039 Nat.
1349 1009 1393 1039 D.
1419 1009 1466 1038 iii.
1494 1011 1544 1039 18.
1575 1015 1692 1037 earum

965 1051 1081 1081 fanum
1097 1056 1149 1081 est
1162 1052 1312 1082 Athenis.

1009 1095 1183 1132 Eumelus,
1201 1095 1244 1126 N.
1258 1096 1301 1126 D.
1318 1095 1364 1126 iii.
1382 1097 1435 1127 21.
1466 1094 1554 1125 filius
1571 1093 1676 1125 Atrei.

1009 1139 1212 1179 Euphorion,
1241 1139 1465 1176 Chalcidensis,
1488 1139 1528 1169 de
1554 1139 1632 1170 Div.
1659 1138 1697 1168 ii.

965 1183 1018 1213 64.
1056 1186 1156 1223 poeta
1193 1182 1357 1222 Tragicus
1393 1183 1493 1213 nimis
1522 1183 1695 1212 obscurus.

967 1226 1057 1258 Vivit
1089 1228 1279 1267 temporibus
1298 1225 1477 1257 'Ptolemai
1506 1225 1695 1266 Euergetoe.

964 1269 994 1300 T
994 1281 1064 1302 usc.
1082 1271 1128 1301 iii.
1148 1274 1196 1305 19.
1228 1270 1450 1310 Euphorionis
1472 1274 1636 1301 cantores.
1654 1269 1696 1299 de

965 1325 998 1344 eo
1011 1325 1041 1345 v.
1065 1315 1206 1345 Salmas.
1230 1314 1274 1345 ad
1297 1314 1397 1344 Solin.
1415 1323 1454 1353 p.
1476 1314 1550 1345 601.
1571 1314 1606 1344 b.
1633 1312 1694 1343 Ca-

964 1359 1052 1390 saub.
1069 1358 1115 1389 ad
1130 1358 1260 1389 Sueton.
1279 1357 1350 1388 Tib.
1366 1361 1419 1392 70.

1008 1402 1219 1442 Eupolemus,
1240 1402 1438 1439 (bladinus,
1453 1399 1548 1430 Verr.
1565 1400 1607 1430 iv.
1618 1401 1674 1432 22.

1009 1446 1158 1486 Eupolis,
1184 1446 1280 1476 Brut.
1310 1450 1343 1480 9.
1373 1445 1493 1475 veteris
1523 1443 1696 1474 comoedia

965 1493 1076 1529 poeta.
1103 1489 1174 1519 Att.
1196 1489 1239 1519 vi.
1271 1492 1298 1519 1.
1327 1498 1370 1518 an
1394 1489 1435 1518 ab
1462 1486 1632 1517 Alcibiade
1657 1487 1695 1517 in

965 1543 1056 1563 mare
1081 1533 1229 1572 dejectus
1252 1533 1307 1563 sit.
1330 1531 1426 1562 Brut.
1453 1534 1502 1562 15.
1530 1530 1694 1561 Periclem

965 1576 1091 1607 laudat.

1009 1619 1198 1659 Euripides,
1214 1619 1314 1650 Tusc.
1334 1619 1380 1649 iii.
1406 1621 1456 1649 14.
1487 1617 1694 1657 Anaxagorae

966 1663 1160 1704 discipulus.
1185 1662 1286 1693 Tusc.
1318 1663 1360 1693 iv.
1387 1664 1440 1697 29.
1470 1666 1538 1691 tres
1568 1662 1694 1701 primos

965 1717 1078 1737 versus
1090 1707 1217 1738 Orestis
1229 1707 1298 1747 ejus
1310 1706 1404 1736 valde
1416 1706 1534 1747 probat
1542 1704 1696 1736 Socrates

967 1752 1027 1782 διο.
1045 1752 1104 1781 διο.

1010 1795 1160 1834 Europa,
1171 1793 1264 1824 verr.
1282 1793 1324 1824 iv.
1342 1794 1394 1824 60.
1410 1792 1445 1822 in
1455 1795 1553 1822 tauro
1565 1791 1696 1823 sedens.

1009 1838 1194 1877 Eurydica,
1210 1838 1286 1868 Div.
1302 1838 1323 1867 i.
1340 1838 1393 1868 20.

1010 1882 1214 1922 Eurypylus,
1243 1880 1344 1910 Tusc.
1374 1880 1408 1910 ii.
1443 1879 1492 1910 16.
1526 1882 1577 1914 17.
1610 1879 1698 1911 Duae

968 1925 1250 1964 Pergamenorum
1266 1924 1311 1955 ad
1328 1921 1470 1965 Trqjam.

1010 1969 1229 2008 Eurystheus,
1247 1967 1348 1998 Acad.
1372 1968 1413 1998 iv.
1439 1969 1492 1999 28.
1522 1966 1607 1997 filios
1623 1966 1697 2006 ejus

966 2013 1129 2043 interficit
1144 2011 1317 2042 Hercules.
1332 2010 1433 2042 Tuse.
1450 2012 1485 2042 ii.
1501 2014 1531 2042 8.

1010 2057 1244 2096 Eurystheum,
1278 2055 1354 2086 Div.
1385 2055 1420 2084 ii.
1449 2058 1502 2086 43.
1540 2053 1696 2093 geminus

966 2100 1072 2130 frater
1087 2099 1224 2136 Pronus,
1242 2109 1297 2129 rex
1314 2097 1658 2129 Lacedaemoniorum.

1011 2144 1251 2183 Euthydemus.
1269 2142 1312 2172 ad
1325 2143 1401 2172 Div.
1416 2142 1485 2172 xiii.
1502 2142 1554 2173 56.
1583 2140 1696 2181 Ephe-

966 2189 1031 2218 sius
1033 2187 1141 2226 fitis-se
1155 2186 1295 2217 videtur.

1010 2231 1218 2271 Euthynous,
1233 2230 1335 2261 Tusc.
1349 2230 1371 2260 i.
1382 2231 1436 2260 48.

1010 2275 1226 2315 Eutrapelus,
1258 2272 1342 2303 Phil.
1371 2273 1441 2303 xiii.
1476 2273 1508 2304 2.
1549 2271 1624 2302 vide
1659 2270 1697 2301 in

970 2318 1168 2350 Volumnius.

1011 2362 1224 2401 Eutychides,
1240 2360 1312 2390 Att.
1326 2359 1368 2389 iv.
1390 2362 1439 2390 15.
1474 2358 1614 2389 libertus
1635 2357 1697 2388 At-

967 2406 1041 2443 tici,
1057 2405 1097 2436 T.
1116 2405 1269 2436 Caecilius
1285 2402 1489 2442 Eutychides
1505 2402 1627 2432 dictus.

1011 2450 1196 2488 Eutychus,
1223 2457 1282 2488 pro
1308 2448 1341 2476 S.
1368 2446 1465 2477 Rosc.
1497 2446 1548 2476 16.
1572 2453 1697 2476 nomen

969 2493 1156 2523 Comicum.

1013 2537 1202 2576 Exegistus,
1218 2535 1283 2565 Pis.
1301 2533 1353 2565 36.
1370 2532 1511 2563 Macedo
1526 2532 1673 2572 quidam.

1010 2581 1158 2617 Exitius,
1186 2578 1270 2609 Phil.
1301 2577 1370 2608 xiii.
1401 2579 1450 2608 13.
1487 2574 1697 2616 Philadelphi

967 2623 1084 2662 frater,
1101 2623 1325 2654 Antonianus.

1315 2716 1350 2747 F.

1012 2796 1054 2827 L.
1069 2795 1199 2827 Roscius
1211 2796 1366 2831 Fabatus,
1377 2794 1450 2825 Att.
1461 2795 1529 2825 viii.
1546 2797 1594 2826 13.
1617 2803 1698 2827 cum.

969 2840 1007 2870 L.
1033 2839 1161 2870 Caesare
1184 2839 1392 2869 conditiones
1415 2839 1506 2878 pacis
1525 2838 1590 2868 fert
1613 2847 1634 2868 a
1656 2837 1695 2868 C.

969 2885 1110 2916 Caesare.
1134 2882 1176 2915 ad
1197 2883 1276 2916 Div.
1290 2893 1322 2914 x.
1339 2884 1371 2914 3.
1401 2882 1533 2914 interiit
1553 2881 1589 2913 in
1611 2889 1697 2923 prui-
