1800 3131
142 100 226 153 330

142 213 243 243 habet
258 212 292 242 in
309 213 472 243 animum.
497 212 637 244 ductum
650 223 668 244 e
685 224 719 244 re
736 216 872 253 rustica,

141 257 273 287 arbores
297 256 456 287 dicuntur
477 257 630 295 insidere,
647 267 723 288 cum
747 259 873 289 radices

142 304 263 340 agunt,
280 303 314 330 et
337 300 501 331 radicibus
517 300 690 333 adhaerent
704 307 816 340 terrae,
833 306 873 333 ut

142 345 249 375 firmae
267 345 463 374 consistant.

186 388 331 427 Insigne,
344 389 528 419 criterium.
550 388 651 419 Acad.
666 389 707 419 iv.
723 392 773 419 11.
796 390 874 419 insi-

139 442 205 472 gne
228 432 306 461 veri.
337 431 394 462 Or.
412 432 446 462 ii.
466 436 496 466 9.
528 433 675 471 insignia
697 433 872 463 verborum

142 481 178 506 et
192 476 451 514 sententiarum,
464 479 544 506 sunt
558 476 688 508 lumina
701 476 874 513 orationis,

141 519 230 559 tropi
246 525 279 549 et
297 519 424 558 figurae.

186 563 341 602 Insignis,
357 563 399 593 ad
421 563 496 594 Div.
519 562 566 593 iii.
586 565 636 593 11.
666 563 715 592 vir
737 562 875 602 insignis

143 607 185 638 ad
199 607 344 637 laudem.

189 651 357 690 Insignite.
380 649 474 680 Orat.
490 649 524 678 ii.
542 651 594 679 85.
617 649 773 687 insignite
789 649 875 679 vitu-

144 703 271 736 perare.
295 694 410 734 Quint.
424 695 475 723 23.
499 692 654 730 insignite
669 692 851 732 improbus.

188 739 378 777 Ins-ignitus.
408 736 616 776 perspicuus,
648 735 768 766 clarus.
798 736 874 766 Div.

141 783 164 813 i.
180 785 233 813 30.
265 782 299 811 in
315 780 433 820 quibus
455 779 620 818 insignitae
642 784 733 810 notae
754 779 876 810 verita-

140 827 183 857 tis
200 831 374 865 apparent.

187 870 373 899 Insinuare.
406 866 491 897 Phil.
508 876 537 896 v.
554 869 584 897 3.
615 867 710 896 eccui
727 870 875 907 potestas

142 914 177 944 in
192 913 301 943 forum
319 911 508 941 insinuandi
531 909 613 939 fuit:
638 909 671 940 h.
688 920 717 940 e.
740 910 875 940 venien-

141 957 187 993 di,
215 965 292 985 cum
320 954 429 984 aditus
455 954 612 994 sepsisset
637 953 815 984 Antonius.
846 964 876 984 v.

141 999 275 1031 Manut.
300 998 341 1028 ad
363 998 396 1028 h.
423 997 445 1027 1.
471 997 510 1027 de
534 997 655 1027 omisso
679 998 875 1038 pronomine

141 1055 189 1082 se,
206 1048 241 1072 et
257 1042 362 1072 (ἔνων.
379 1042 420 1072 ad
434 1042 528 1072 Verr.
543 1041 590 1071 iii.
605 1041 658 1071 68.

185 1087 377 1117 Insinuatio.
418 1095 493 1125 pars
525 1087 583 1115 aut
608 1094 715 1124 genus
738 1083 874 1115 exordii.

141 1131 291 1162 Herenn.
307 1131 328 1160 i.
344 1132 376 1160 4.
393 1130 424 1160 6.
448 1128 518 1159 Inv.
535 1130 556 1158 i.
577 1131 627 1162 17.

186 1175 351 1211 Insistere‚
368 1172 550 1203 immorari.
575 1172 668 1202 Verr.
686 1172 733 1202 iii.
749 1175 802 1204 47.
827 1172 878 1201 in-

142 1220 252 1249 sistere
280 1217 420 1257 singulis
459 1218 675 1256 peccatorum
706 1215 876 1255 gradibus,

143 1272 203 1303 pro
227 1262 417 1292 consistere.
448 1260 519 1290 Fin.
543 1270 572 1289 v.
597 1261 649 1291 25.
681 1269 759 1289 cum
782 1258 878 1299 paul-

142 1306 214 1336 lum
226 1306 402 1336 institisset.
425 1303 444 1322 *
454 1304 674 1333 constitutum
688 1313 770 1333 esse.
787 1304 877 1332 Sext.

143 1350 197 1384 67.
228 1350 262 1379 in
286 1352 385 1378 tanta
407 1347 513 1387 gloria
535 1348 723 1377 insistentes.
755 1346 811 1376 Or.
829 1346 875 1376 iii.

143 1396 198 1424 41.
230 1393 375 1423 insistere
392 1391 476 1430 jugo
497 1391 648 1431 imperii:
673 1391 707 1420 h.
725 1400 753 1420 e.
778 1389 878 1420 habe-

144 1445 204 1467 nas
220 1436 351 1475 imperii
367 1440 500 1465 tenere:
527 1435 566 1464 ab
584 1435 707 1474 aurigis
727 1437 877 1465 sumtum

144 1484 206 1510 est.
233 1480 367 1519 *fungi
393 1479 450 1509 Or.
467 1479 513 1508 iii.
533 1481 585 1510 45.
617 1488 763 1517 quonam
781 1477 878 1507 modo

141 1528 280 1554 tantum
297 1533 419 1553 munus
435 1523 630 1552 insistemus.
659 1522 744 1552 *On
763 1521 809 1551 iii.
824 1523 878 1555 49.

144 1568 251 1597 oratio
268 1568 390 1597 insistit
413 1567 571 1596 interius:
598 1575 653 1606 np.
672 1575 746 1595 cum
770 1564 879 1604 perio-

145 1612 203 1642 dos
219 1610 334 1651 plenas
349 1620 416 1640 non
433 1610 547 1646 habet,
564 1619 672 1648 neque
696 1618 792 1639 aures
817 1609 879 1637 irn-

144 1655 226 1696 plet.
253 1654 310 1684 Or.
329 1657 380 1685 51.
413 1653 492 1692 quid
507 1657 558 1682 est
574 1663 633 1683 cur
648 1652 802 1682 claudere
820 1656 879 1681 aut

144 1699 294 1729 insistere
316 1698 501 1727 orationem
526 1696 658 1734 malint,
676 1706 776 1735 quam
801 1705 878 1725 cum

144 1742 314 1773 sententia
340 1741 466 1781 pariter
492 1738 677 1770 excurrere.
710 1739 781 1769 *de
807 1749 880 1769 sus-

146 1786 306 1826 pensione
337 1794 488 1815 assensus
525 1783 626 1814 Acad.
657 1785 699 1813 ἰν.
730 1786 783 1813 33.
823 1782 879 1812 ille

144 1831 180 1860 in
219 1829 353 1868 reliquis
390 1829 487 1858 rebus
528 1832 595 1857 non
641 1827 767 1868 poterit
803 1827 878 1857 insi-

142 1878 236 1904 stere.

191 1917 323 1947 Insitus.
364 1917 461 1946 insita
499 1915 659 1945 dicuntur
697 1913 879 1951 interdum,

147 1970 221 2000 quae
245 1961 337 1990 nobis
362 1960 496 1999 propria
519 1965 611 1995 sunt,
629 1968 702 1997 quae
726 1959 774 1988 ita
794 1958 881 1988 inse-

148 2005 270 2035 derunt
295 2004 450 2043 opinione
477 2007 537 2032 aut
561 2001 802 2032 consuetudine
830 2005 881 2030 te-

149 2048 290 2085 naciter,
307 2050 346 2077 ut
362 2048 479 2076 innata
489 2056 559 2076 esse
572 2045 759 2075 videantur.
778 2044 879 2075 Tusc.

149 2091 191 2121 iv.
221 2095 270 2122 ll.
301 2091 414 2131 opinio
441 2091 574 2130 penitus
601 2091 711 2119 insita.
742 2089 808 2119 Off.
833 2088 880 2119 iii.

146 2137 198 2166 32.
226 2138 263 2164 ut
286 2139 372 2165 esset
388 2136 521 2164 insitum
541 2133 717 2169 militibus,
734 2133 880 2164 vincere.

146 2178 190 2208 cf.
211 2179 318 2208 Pison.
335 2182 366 2212 7.
397 2178 498 2208 *Fim
514 2178 556 2207 iv.
578 2178 628 2208 12.
657 2176 816 2206 differunt
830 2178 880 2207 in-

146 2224 209 2252 sita
226 2228 258 2252 et
276 2223 402 2253 innata.
426 2222 619 2252 *internus
646 2220 735 2250 Mur.
754 2222 803 2250 14.
830 2222 882 2250 in-

145 2267 209 2296 sita
223 2266 340 2296 virtus.
366 2266 387 2295 i.
404 2276 433 2296 e.
457 2266 603 2300 interna,
621 2267 660 2294 ut
675 2264 825 2303 justitia,
841 2264 881 2294 fi-

148 2310 218 2347 des,
231 2310 284 2339 cui
301 2310 482 2349 opponitur
498 2309 542 2339 ibi
557 2308 760 2347 eloquentia,
773 2309 881 2338 scien-

146 2353 196 2383 tia
213 2353 258 2382 rei
277 2353 431 2383 militaris
449 2354 508 2382 &c.

192 2397 367 2427 Insolenlia
397 2397 533 2433 dicitur,
561 2399 601 2426 ut
629 2394 788 2432 insolens,
811 2403 880 2425 non

147 2439 254 2470 solum
279 2441 407 2470 ratione
432 2450 556 2477 rerum,
580 2440 831 2476 inusitatarum‚
846 2442 881 2468 et

148 2483 371 2521 insolitarum,
387 2488 426 2514 ut
442 2484 553 2514 Deiot.
570 2485 602 2513 2.
630 2483 689 2513 sed
710 2483 814 2512 etiam
830 2491 882 2512 ra-

146 2527 240 2556 tione
256 2526 445 2563 hominum,
463 2527 518 2567 qui
542 2527 665 2557 insueti
682 2530 762 2556 sunt
778 2525 881 2556 alicu-

142 2571 200 2609 jus
226 2570 283 2600 rei.
316 2571 412 2601 Rosc.
438 2572 477 2601 A.
505 2574 558 2602 31.
588 2573 724 2611 propter
745 2570 881 2600 insolen-

149 2615 232 2644 tiam
246 2613 307 2643 fori
318 2614 600 2654 judiciorumque.
632 2614 697 2646 Pis.
717 2616 766 2644 ll.
799 2615 881 2644 inso—

149 2658 250 2688 lentia
265 2667 377 2688 rerum
392 2658 627 2689 secundarum.

194 2701 360 2739 Inspectio.
390 2701 475 2732 Phil.
495 2702 527 2731 ii.
541 2704 593 2732 32.
621 2710 681 2742 pro
696 2700 880 2741 spectione.

147 2743 213 2775 Sed
230 2743 378 2773 Graevius
393 2748 468 2784 post
484 2745 672 2775 Ferrarium
689 2748 723 2774 et
737 2744 818 2775 alios
831 2754 882 2774 re-

149 2788 238 2827 cepit
261 2788 398 2827 spectio,
415 2789 503 2827 quod
526 2798 641 2819 verum
664 2792 727 2819 est.
774 2787 882 2827 Inspi-

146 2840 223 2861 cere
247 2834 281 2860 et
307 2832 454 2871 inspectio
484 2831 701 2873 haruspicum
724 2835 789 2869 est,
812 2840 883 2862 non

148 2884 328 2914 augurum.

196 2919 367 2960 Impnssoere,
379 2917 503 2958 aliquid
519 2920 665 2960 exigere,
677 2918 879 2955 examinare.

667 126 813 155 INDEX
844 126 1139 157 LATleTATIS.

919 215 1040 247 Caecin.
1067 219 1119 247 21.
1159 219 1331 256 tamquam
1357 215 1383 246 si
1410 225 1503 247 arma
1529 216 1645 247 militis

914 261 1114 299 inertie-tenda
1141 260 1221 297 sint,
1246 261 1295 290 ita
1322 259 1439 300 probet
1465 264 1645 291 armatum.

915 303 955 332 ad
980 304 1055 334 Div.
1081 304 1124 333 ix.
1142 308 1172 338 7.
1203 305 1359 344 inspicere
1381 303 1542 344 praedium
1566 303 1647 334 dici-

913 352 970 377 tur
984 347 1024 376 de
1039 348 1180 377 emtnris
1195 347 1355 388 praedium
1373 347 1518 386 aliquod.

958 390 1123 421 Instantia
1139 391 1241 421 subst.
1266 391 1336 421 Fat.
1357 392 1404 421 1⁶2.

960 434 1073 464 Instar
1101 444 1234 475 semper
1266 435 1411 474 aliquam
1443 431 1648 472 magnitudi-

916 486 992 506 nem
1021 477 1147 507 indicat
1173 479 1261 518 apud
1288 479 1430 518 optimos
1457 477 1648 517 scriptores,

915 527 949 549 et
966 519 1172 551 Ciceronem.
1203 522 1295 552 Verr.
1312 532 1342 552 v.
1358 524 1410 552 34.
1442 521 1533 550 navis
1558 519 1648 550 urbis

915 563 1032 594 instar.
1064 564 1103 593 ad
1128 565 1203 594 Div.
1220 566 1262 595 ix.
1282 567 1313 597 6.
1344 567 1451 595 instar
1473 564 1561 594 vitae.
1590 562 1650 593 Of-

916 607 969 636 fic.
987 607 1032 636 iii.
1057 610 1088 637 3.
1117 614 1156 637 ut
1179 609 1231 639 vix
1256 609 1385 639 minimi
1411 607 1573 638 momenti
1596 607 1646 636 in-

917 655 988 680 star
1003 650 1160 681 habeant.
1183 651 1265 682 Rab.
1280 652 1374 682 Perd.
1392 655 1422 682 8.
1446 651 1564 682 mortis
1579 652 1654 680 erat

916 695 1032 724 instar.
1070 704 1099 723 v.
1130 694 1225 734 plura
1255 705 1308 735 ap.
1332 696 1448 727 Burm.
1478 695 1520 725 ad
1549 693 1645 725 Ovid.

918 738 1000 769 Her.
1021 738 1084 767 xvi.
1101 745 1187 768 extr.

962 782 1104 819 Instare,
1123 781 1270 821 coepisse‚
1288 782 1447 821 incipere,
1461 781 1646 822 praesertim

917 825 952 855 in
970 825 1127 865 perfecto.
1155 825 1196 855 ad
1214 826 1288 855 Div.
1304 835 1336 855 x.
1360 826 1408 856 16.
1434 825 1582 864 flagitare
1599 834 1651 854 se-

918 872 1017 899 natus
1039 870 1155 899 institit
1180 869 1379 899 Cornutum.
1413 869 1469 898 ubi
1492 878 1522 899 v.
1543 868 1651 898 Graev.

920 912 976 942 Or.
1002 912 1048 942 iii.
1077 916 1104 943 1.
1135 913 1328 953 pignoribus
1352 912 1470 942 ablatis
1494 911 1650 942 Crassum

919 957 1034 986 institit
1064 956 1102 997 (s.
1129 954 1290 993 instituit)
1317 960 1479 986 coercere.
1501 965 1533 986 v.
1556 954 1654 996 plura

920 1009 972 1040 ap.
992 1000 1164 1030 Drakenb.
1181 1000 1222 1030 ad
1246 1000 1317 1030 Liv.
1332 1010 1408 1030 xxx.
1428 1001 1477 1031 12.

963 1044 1219 1073 Instazcrativus.
1250 1043 1324 1074 Div.
1349 1044 1370 1073 i.
1400 1044 1452 1075 26.
1483 1044 1653 1073 instaura-

920 1087 977 1117 tivi
999 1087 1083 1123 ludi,
1108 1087 1165 1126 qui
1191 1086 1231 1116 de
1255 1096 1338 1117 novo
1361 1087 1540 1124 habentur,
1564 1084 1654 1125 quod

919 1131 1019 1171 primi
1045 1131 1158 1169 aliqua
1186 1140 1219 1160 re
1244 1130 1406 1162 funestati
1430 1135 1531 1169 sunt3
1563 1129 1653 1159 unde

922 1175 1024 1205 etiam
1042 1176 1231 1204 instaurare
1248 1174 1354 1205 ludos.
1385 1175 1462 1205 Div.
1476 1175 1497 1204 i.
1513 1174 1566 1205 26.

966 1219 1197 1248 Instintulac'or
1213 1217 1427 1248 seditionum.
1451 1218 1551 1248 Dom.
1570 1220 1600 1248 5.

965 1262 1152 1292 Instituere.
1182 1261 1272 1292 Mur.
1297 1266 1328 1295 9.
1358 1263 1528 1292 instituere
1551 1260 1655 1291 actio-

920 1315 1011 1342 nem,
1029 1306 1116 1336 idem
1135 1309 1186 1334 est
1202 1305 1289 1344 quod
1310 1304 1503 1342 informare,
1523 1304 1562 1334 de
1586 1314 1653 1343 quo

919 1359 1029 1389 supra.
1055 1349 1097 1379 cf.
1117 1348 1201 1378 Phil.
1216 1349 1259 1379 ix.
1279 1352 1308 1380 5.
1339 1348 1358 1366 *Ψ
1371 1349 1587 1384 constituere,
1603 1349 1655 1377 in-

921 1393 1053 1423 ducere.
1080 1393 1158 1423 ibid.
1178 1394 1229 1423 28.
1254 1393 1409 1422 miseram
1426 1391 1653 1422 conditionem

920 1438 1065 1467 instituet
1081 1435 1237 1476 periculis
1256 1436 1443 1466 hominum.

964 1481 1138 1510 Institutio.
1167 1479 1305 1510 Tuscul.
1324 1480 1344 1509 i.
1369 1481 1422 1510 25.
1455 1478 1655 1519 progressio-

920 1533 978 1554 nes
1007 1525 1280 1563 institutionesque
1308 1523 1494 1553 stellarum.
1554 1522 1653 1552 Hanc

920 1578 1033 1597 vocem
1052 1567 1182 1597 nullum
1200 1567 1357 1597 idoneum
1378 1575 1512 1596 sensum
1529 1565 1653 1596 habere

920 1611 1073 1641 viderunt
1106 1612 1167 1640 viri
1205 1610 1307 1641 docti.
1352 1609 1497 1650 Quidam
1535 1608 1656 1648 legunt

921 1656 1112 1691 institiones,
1136 1654 1224 1693 quod
1249 1659 1421 1693 receptum
1450 1659 1501 1683 est
1526 1653 1560 1682 in
1585 1652 1655 1682 Da-

921 1699 1081 1728 visianam
1099 1697 1293 1727 secundam.
1338 1697 1376 1726 Id
1393 1697 1492 1726 habet
1508 1705 1657 1726 commo-

922 1742 997 1771 dam
1015 1742 1339 1782 interpretationem.
1385 1740 1472 1770 Nam
1497 1739 1655 1779 planetae,

921 1786 960 1815 de
978 1786 1096 1824 quibus
1112 1795 1234 1821 sermo,
1252 1783 1421 1814 interdum
1440 1784 1605 1821 insistere,
1619 1782 1655 1814 h.

921 1840 950 1859 e.
968 1834 1068 1866 stare,
1086 1829 1259 1858 videntur:
1288 1828 1377 1858 unde
1400 1827 1562 1857 stationes
1586 1826 1658 1867 pla-

921 1877 1078 1902 netarum
1095 1872 1267 1909 dicuntur,
1285 1875 1320 1901 et
1342 1871 1403 1911 ipsi
1427 1870 1569 1910 planetae
1590 1873 1658 1900 sta-

920 1917 1075 1953 tionales,
1094 1926 1146 1956 ap.
1168 1915 1252 1945 Plin.
1276 1915 1310 1945 ii.
1339 1918 1386 1946 15.
1416 1915 1464 1944 16.
1489 1914 1655 1944 Buherius

922 1964 1034 1990 autem
1064 1959 1244 1998 legendum
1273 1962 1389 1988 censet
1415 1958 1655 1996 insecutiones,

922 2010 957 2033 et
973 2013 1032 2044 pro
1048 2003 1306 2043 progressiones,
1323 2001 1591 2042 praegressiones,
1604 2002 1656 2031 ni-

922 2057 981 2078 xus
1008 2047 1078 2076 loco
1101 2047 1181 2077 Nat.
1204 2046 1246 2077 D.
1273 2047 1307 2076 ii.
1331 2047 1384 2077 20.
1420 2048 1494 2075 tum
1522 2048 1657 2075 antece-

922 2091 1021 2126 dunt,
1039 2094 1111 2120 tum
1136 2090 1397 2129 subsequuntur.
1441 2088 1506 2119 Sed
1522 2089 1568 2119 ibi
1583 2088 1657 2118 haee

923 2135 1021 2164 verba
1044 2134 1236 2164 referuntur
1258 2132 1300 2163 ad
1323 2132 1440 2169 solem,
1461 2142 1561 2172 quem
1585 2130 1658 2172 pla-

922 2185 1010 2208 nctae
1035 2177 1132 2207 modo
1156 2177 1373 2213 antecedunt,
1389 2175 1487 2206 modo
1510 2184 1657 2214 sequun-

922 2225 996 2251 tur:
1021 2221 1075 2251 hic
1093 2224 1205 2251 autem
1226 2221 1266 2251 de
1281 2230 1397 2250 eorum
1414 2228 1514 2249 cursu
1529 2218 1658 2259 simpli-

922 2265 1007 2295 citer
1023 2270 1057 2295 et
1072 2275 1131 2304 per
1146 2274 1180 2294 se
1194 2264 1343 2304 loquitur
1361 2263 1487 2293 Cicero.
1524 2261 1654 2293 Ibidem

923 2313 1034 2339 autem
1053 2309 1104 2338 hae
1121 2308 1227 2338 stellae
1244 2308 1405 2338 dicuntur
1418 2306 1587 2336 interdum
1614 2305 1657 2336 ad

923 2352 1087 2391 quoddam
1111 2356 1246 2391 tempus
1271 2352 1434 2381 insistere.
1462 2349 1536 2380 *N.
1558 2349 1603 2380 D.
1621 2349 1657 2380 ii.

926 2400 974 2427 13.
998 2397 1032 2426 in
1048 2396 1140 2426 omni
1157 2396 1355 2425 institutione
1369 2403 1500 2425 rerum:
1524 2393 1559 2422 h.
1574 2402 1603 2422 e.
1619 2393 1656 2423 in

922 2440 1076 2470 omnibus
1103 2440 1214 2476 rebus,
1239 2448 1320 2478 quas
1347 2442 1470 2468 natura
1495 2436 1659 2473 instituit,

922 2483 1014 2514 fecit.
1041 2483 1141 2513 *Ata
1157 2483 1178 2512 i.
1199 2486 1248 2516 17.
1279 2490 1471 2511 conservare
1491 2480 1656 2510 rationem

923 2528 1221 2566 institutionemque
1249 2530 1410 2555 nostram.
1440 2524 1461 2554 i.
1491 2533 1520 2553 e.
1550 2523 1660 2554 consi-

923 2570 1006 2600 lium
1033 2570 1171 2609 agendae
1194 2570 1241 2600 rei
1265 2569 1305 2599 ab
1328 2568 1425 2599 initio
1449 2570 1656 2607 susceptum.

924 2613 983 2644 der
1000 2620 1086 2644 erste
1103 2613 1198 2643 Plan.

968 2658 1154 2689 Instructor
1170 2656 1322 2686 convivii.
1347 2656 1424 2685 Sen.
1439 2664 1472 2695 p.
1487 2654 1527 2685 R.
1544 2654 1576 2684 6.

969 2701 1165 2732 Instructns.
1193 2699 1250 2730 Or.
1284 2702 1313 2730 5.
1346 2699 1509 2728 instructa
1539 2697 1659 2735 oratio,

925 2749 976 2775 est
992 2749 1070 2784 apte
1087 2743 1285 2784 composita,
1302 2745 1443 2779 structa,
1459 2750 1651 2771 numerosa.

970 2788 1167 2824 Instructus,
1186 2787 1236 2816 fis.
1266 2787 1323 2816 Or.
1341 2786 1388 2815 iii.
1405 2786 1436 2815 6.
1466 2785 1582 2814 eodem
1606 2785 1659 2815 in-

924 2836 1053 2862 structu
1070 2834 1105 2861 et
1119 2834 1241 2860 ornatu
1256 2830 1418 2859 comitata
1431 2828 1549 2858 oratio.

970 2875 1148 2906 Instruere.
1175 2873 1239 2904 Off.
1256 2873 1290 2904 ii.
1307 2876 1338 2907 7.
1366 2872 1415 2902 ita
1427 2881 1462 2902 se
1478 2872 1660 2908 instruunt,

925 2922 965 2950 ut
994 2922 1207 2950 metuantur:
1249 2917 1271 2947 i.
1300 2926 1333 2948 e.
1358 2915 1422 2948 hoc
1452 2918 1569 2956 agunt.
1599 2923 1662 2956 pro
