1804 3178
683 151 830 181 mnnx
860 151 1138 182 msmmctJS.

154 242 245 274 fiens
267 241 488 282 propinqum
512 238 636 271 Achilli
658 245 804 272 mortem
825 239 882 272 de-

155 284 304 316 nuntiat.
321 285 381 316 &c

198 328 319 366 Heres
321 339 370 366 as,
401 327 609 366 syrmii-us,
637 326 737 357 Tusc.
769 327 790 357 i.
829 330 881 359 34.

153 371 225 409 eius
237 370 440 414 imaque-‘n
455 381 475 400 a
490 369 669 400 Ptolemaeu
689 370 884 409 prohibetur

155 414 197 445 de
212 416 346 445 miseria
357 415 431 445 vitae
446 414 600 444 humana»
611 414 781 450 disserere,
795 415 883 454 quud

154 457 306 488 homines
322 457 363 488 ad
380 463 521 487 mortem
535 458 602 487 suis
614 458 820 488 sermonibus
835 469 883 488 re-

153 501 300 540 digebat.
332 500 585 540 Philadelphum
606 501 747 539 intelligi
768 513 785 532 e
803 506 882 532 tem·

147 554 272 586 porum
286 545 412 574 ratione
426 546 549 583 colligit
564 544 734 575 Bnlcerivs
749 546 793 574 ad
814 547 845 575 Ιι.
861 547 882 576 I.

198 587 370 627 Hegesias,
384 587 589 627 Magna-sius,
604 587 697 617 Brut.
709 591 759 618 83.
772 594 885 619 orator

155 630 370 662 Atheniensis
384 631 533 671 puerilis,
551 631 738 661 Charisium
757 632 882 662 imitari

155 673 274 712 voluit,
290 680 325 705 et
340 684 374 704 se
391 674 499 704 solum
516 675 667 705 Atticum
685 682 792 715 putat.
810 677 882 706 Ati.

156 718 214 748 xii.
231 718 262 748 6.
293 718 402 748 utitur
425 717 556 748 dicendi
581 727 701 757 genero
725 719 880 756 concis03

155 770 235 791 eum
247 761 341 791 valde
355 762 471 801 probat
483 762 597 791 varro.
611 761 652 791 cf.
665 762 758 792 Orat.
773 763 824 795 157.
844 762 882 792 tle

155 814 196 835 eo
209 804 282 835 vide
297 804 419 835 collata
435 805 638 835 Ruhnkenio
654 805 695 835 ad
717 804 882 835 Rutilium

154 847 290 888 Lupum
305 848 345 878 de
362 849 475 887 figuris
491 859 522 889 p.
540 850 592 879 225.
607 858 634 878 S.

204 892 237 922 C.
253 891 372 929 Heius,
388 891 480 922 verr.
497 892 529 921 ii.
547 895 577 922 5.
610 891 652 921 iv.
673 893 704 922 2.

154 934 258 965 tinus.

203 978 262 1009 Cn.
279 978 398 1015 Heius,
414 977 549 1009 Cluent.
567 980 620 1009 38.

197 1021 340 1059 Helena,
357 1022 414 1052 Or.
430 1024 483 1056 49.
504 1021 588 1052 Phil.
607 1021 641 1051 ii.
657 1023 710 1052 29.

198 1064 411 1102 Helenus,N.
424 1066 466 1096 D.
481 1066 514 1095 ii.
528 1070 557 1096 3.
575 1065 678 1104 Legg.
692 1065 724 1094 ii.
742 1067 789 1096 13.
806 1065 883 1095 Div.

154 1109 177 1139 i.
188 1111 241 1140 40.
257 1118 374 1148 augur.
390 1107 621 1150 Trojanornm,
636 1109 769 1139 Priami
773 1108 883 1148 filius.

199 1151 372 1190 Helenios,
388 1153 459 1183 Att.
482 1163 511 1182 v.
540 1155 588 1183 1⁶2.
625 1152 883 1190 Grammaticus,

152 1196 252 1226 eliens
278 1196 391 1233 Attici,
421 1198 604 1236 cognomine
633 1196 729 1232 Acro,
758 1197 885 1235 scripsit

153 1241 399 1270 commentarios
423 1241 458 1269 in.
487 1239 686 1277 Terentium,
712 1240 768 1279 qui
795 1239 888 1278 apud

156 1282 286 1313 Veteres
302 1283 538 1313 Grammaticos
547 1283 711 1313 interdum
727 1284 884 1313 citantur.

151 1326 218 1356 vid.
234 1336 264 1356 v.
284 1336 311 1357 e.
329 1338 365 1367 p.
388 1330 441 1361 95.
469 1330 539 1358 101.
566 1329 636 1357 105.
664 1328 735 1360 173.
757 1324 813 1368 «ξέ.
837 1326 885 1357 ed.

156 1369 297 1401 Putsclz.

200 1413 328 1450 Helico,
345 1412 387 1443 ad
402 1414 478 1444 Div.
496 1413 562 1442 xvi.
582 1414 631 1443 18.

199 1456 408 1494 Hellanicus,
425 1457 482 1487 Or.
500 1456 533 1486 ii.
553 1457 602 1486 153.
625 1455 803 1486 historicus
824 1456 887 1486 mi-

155 1509 220 1531 nus
245 1500 399 1530 disertus.
429 1500 494 1531 Est
524 1498 738 1539 Mitylenaeus
768 1509 795 1529 s.
824 1499 887 1529 Le-

155 1542 259 1581 sbius,
276 1543 435 1574 Herodoto
450 1544 626 1582 antiquior,
643 1544 765 1582 aliquot
779 1544 886 1573 annis.

161 1587 243 1617 Gell.
261 1596 312 1617 xv.
329 1589 381 1621 27.
415 1586 491 1617 Fuit
514 1590 544 1616 et
566 1587 652 1616 alius
671 1586 832 1617 Milesius.
849 1587 888 1617 de

154 1631 210 1661 illo
224 1630 289 1660 vid.
307 1630 394 1660 Wss.
411 1630 501 1662 Hist.
525 1630 584 1660 Gr.
602 1630 623 1660 i.
643 1633 670 1660 l.
693 1630 732 1660 de
755 1635 888 1670 utroque

157 1684 201 1704 ιν.
218 1685 248 1705 a.

738 890 883 922 Mamer-

201 1717 311 1755 Helle,
340 1717 399 1749 Or.
429 1719 482 1752 49.
512 1727 533 1747 a
564 1727 630 1757 qua
659 1717 888 1758 Hellespontus

155 1760 289 1791 dieitur.

201 1803 354 1835 Helmius
382 1803 530 1842 Asancia,
555 1804 612 1834 Or.
638 1804 671 1834 ii.
705 1803 757 1834 66.
787 1803 888 1833 homo

158 1846 330 1885 deformis,
346 1847 403 1878 sed
418 1852 531 1878 orator
544 1852 671 1878 tamen.
686 1847 724 1877 L.
749 1847 887 1877 Caesaris

156 1890 286 1921 (lictum
304 1892 338 1921 in
353 1901 444 1922 eum.
474 1891 545 1922 Hoc
567 1891 690 1922 dictum
716 1890 756 1921 L.
777 1890 889 1921 crasso

155 1935 272 1965 tribuit
287 1934 421 1965 Plinius
434 1945 529 1965 xxxv.
543 1937 575 1965 4.

201 1977 248 2009 Ρ.
284 1977 461 2009 Heluidius
501 1977 625 2018 Rzgfus,
665 1977 799 2008 Cluent.
835 1981 888 2012 70.

157 2031 261 2062 eques
277 2021 373 2052 Rom.

203 2064 355 2103 Helvius,
373 2065 506 2096 Lamia.
530 2065 588 2095 Or.
610 2064 646 2095 ii.
668 2064 720 2095 65.
746 2073 808 2104 pro
829 2073 889 2104 quo

159 2107 304 2148 Pighius
320 2109 488 2148 legendum
500 2112 601 2148 putat
611 2107 730 2146 AEhus,
741 2108 824 2148 quod
838 2118 888 2138 re-

158 2153 241 2191 cepit
263 2151 435 2182 Pearcius.
465 2151 584 2182 Lamia
605 2152 690 2182 enim
712 2156 758 2182 est
776 2161 889 2190 cogno-

159 2204 234 2226 men
262 2194 426 2226 AEliorum
455 2205 518 2225 non
548 2194 754 2224 Helviorum.
777 2199 890 2225 orator

158 2238 328 2269 deformis.
372 2244 490 2270 contra
531 2237 736 2269 Aculeonem
780 2238 889 2268 adfuit

160 2281 368 2312 Gratidiano.

205 2325 409 2365 Hepltoestas,
425 2325 468 2356 ad
492 2325 534 2365 Ω.
561 2324 613 2355 Fr.
639 2324 660 2354 i.
687 2326 718 2355 9.
739 2326 771 2355 2.
801 2324 889 2366 Apa-

161 2369 300 2407 mensis,
316 2369 355 2400 de
371 2369 412 2410 Q.
430 2370 590 2400 Cicerone
605 2368 766 2407 queritur.

203 2412 377 2451 Heracleo,
401 2412 493 2443 verr.
523 2422 553 2442 v.
583 2414 635 2446 37.
675 2410 889 2451 archipirata,

160 2456 218 2496 qui
235 2460 376 2496 praetore
391 2455 492 2486 Verre
509 2455 656 2486 Siciliam
671 2455 813 2485 vexavit.

203 2498 398 2530 Heraclides
414 2499 583 2531 Temnites.
602 2498 707 2529 Flacc.
726 2501 775 2529 18.

204 2541 406 2581 Heraclides,
447 2543 615 2574 Ponticus.
652 2542 682 2573 T
685 2551 752 2572 use.
789 2551 820 2572 v.
858 2544 889 2572 3.

159 2585 237 2618 Div.
260 2586 283 2616 i.
305 2588 358 2618 23.
389 2587 439 2617 vir
460 2587 494 2617 in
519 2586 634 2626 primis
650 2585 780 2622 doctus,
795 2584 890 2615 audi-

159 2633 261 2660 toret
271 2629 454 2671 discipulus
466 2629 624 2660 Platonis.
641 2629 722 2660 Nat.
739 2629 780 2659 D.
797 2629 818 2658 i.
842 2631 889 2659 13.

158 2671 282 2703 fabulis
304 2672 405 2704 libros
428 2673 572 2710 refersit,
590 2672 688 2702 modo
711 2671 889 2709 mundum,

161 2715 262 2746 modo
286 2716 413 2754 stellas,
437 2716 536 2747 modo
558 2721 683 2746 terram
709 2719 743 2745 ct
769 2715 889 2745 coelum

161 2758 275 2790 Deum
296 2759 390 2792 facit.
415 2759 497 2800 Leg.
523 2760 569 2790 iii.
595 2760 626 2791 6.
657 2759 697 2789 de
722 2758 891 2798 republica

162 2802 306 2842 flcripsit.

206 2845 398 2883 Heraclius,
419 2846 662 2886 szturipinus.
676 2845 769 2876 Verr.
787 2845 821 2875 ii.
836 2846 890 2879 27.

163 2888 424 2964 “Il-{eracliua
417 2889 659 2930 Syracusanum
683 2888 775 2920 V.err
800 2889 833 2919 ii.
858 2892 889 2921 5.

1565 143 1639 190 107

968 240 1160 278 Heraclius,
1174 240 1267 272 verr.
1284 242 1331 272 iii.
1347 243 1400 276 39.
1432 241 1597 274 Tissensis.

967 284 1159 316 Heraclitus
1189 284 1360 325 Ephesius.
1402 284 1502 315 Tusc.
1532 297 1561 315 v.
1591 289 1642 318 36.

925 327 1095 368 Physicus.
1117 328 1218 358 acad.
1236 329 1277 358 iv.
1293 332 1346 362 37.
1372 329 1504 364 statuit,
1520 339 1558 359 cx
1577 331 1644 365 igni

923 371 1038 401 omnia
1057 371 1159 409 gigni.
1184 371 1223 400 de
1248 371 1317 401 rin.
1337 372 1369 401 ii.
1388 374 1417 400 5.
1446 372 1580 408 exorna-35
1599 373 1644 402 di-

925 421 999 444 ctus
1012 422 1072 445 est.
1084 414 1124 443 (le
1137 413 1180 444 N.
1195 415 1237 445 1).
1248 414 1295 444 iii.
1311 416 1358 444 1⁴.
1373 424 1448 444 eum
1460 424 1523 443 ιιυιι
1535 425 1620 444 ..mnu
1641 426 1645 430 ·

925 458 1194 498 interpretantur
1224 467 1292 487 uno
1314 457 1422 486 modo.
1453 457 1492 486 de
1517 458 1590 488 Dis.
1615 469 1647 488 n.

925 502 977 532 6-1.
1004 501 1097 532 valde
1109 502 1279 531 obscurus.
1302 505 1335 530 et
1353 500 1500 538 quidem,
1516 500 1554 530 dc
1572 501 1648 532 Nat.

925 545 967 575 D.
986 545 1006 575 i.
1024 547 1075 575 ²26.
1107 544 1270 574 consulto.

970 588 1173 625 Heraclitus,
1189 587 1321 627 Tyrius.
1334 585 1433 616 Acad.
1447 587 1487 616 iv.
1505 589 1534 616 4.
1559 586 1649 617 audi-

924 637 978 661 tor
995 632 1195 662 Clitomachi
1210 636 1245 662 et
1261 630 1418 667 Philonis,
1436 629 1599 660 laudatur.

969 675 1143 712 Hercules,
1161 675 1204 705 N.
1222 676 1264 705 D.
1282 675 1327 704 iii.
1348 675 1395 704 16.
1418 683 1474 703 sex
1492 672 1650 705 Hercules

926 718 1153 749 inveniuntur.
1169 718 1234 750 Off.
1251 719 1272 749 i.
1289 719 1340 750 3⁶2.
1372 717 1550 747 Prodicius.
1573 717 1651 746 dwi-

925 766 983 791 tur
1008 762 1134 801 fabula
1167 762 1322 792 Herculis*
1350 761 1549 800 colloquentis
1577 770 1650 790 cum

927 804 1063 836 Virtute
1088 810 1118 835 et
1144 805 1325 845 Voluptate,
1349 808 1478 834 auctore
1505 804 1650 834 Prodico.

926 848 967 878 ad
983 850 1057 879 Div.
1074 859 1103 878 ν.
1123 851 1172 879 19..
1195 848 1461 888 Xenophonti-is.
1477 848 1587 878 cadem
1604 851 1652 878 esc

914 891 1054 932 fabula,
1070 902 1168 932 quam
1193 902 1232 923 es
1249 892 1386 922 Prodico
1407 892 1522 922 sumsit
1547 891 1652 922 Xeno-

919 937 1019 976 phon.
1038 936 1217 966 Memor-ab.
1241 936 1330 966 Soer.
1353 935 1387 965 ii.
1414 938 1440 964 1.
1471 944 1529 975 pro
1552 935 1652 966 Dom.

928 981 978 1009 52.
996 989 1090 1009 sacra
1105 979 1230 1010 docuit.

975 1023 1007 1053 C.
1038 1023 1237 1060 Ilerennins,
1259 1022 1333 1053 Act.
1364 1022 1385 1052 i.
1415 1022 1450 1052 in
1478 1020 1571 1052 verr.
1601 1023 1651 1052 13.

926 1066 1101 1106 peculatus
1121 1066 1309 1096 damnatus.

975 1109 1006 1140 C.
1024 1110 1224 1145 Herennius,
1240 1109 1331 1140 Sexti
1349 1108 1394 1139 fil.
1419 1108 1459 1139 ad
1474 1108 1544 1138 Att.
1561 1108 1582 1138 i.
1602 1110 1650 1139 18.

925 1152 1017 1183 Trib.
1041 1153 1086 1192 pl.
1110 1153 1249 1184 Metello
1272 1158 1307 1182 et
1329 1152 1464 1182 Afranio
1481 1152 1571 1182 Coss.
1587 1151 1652 1182 fert

927 1196 967 1226 de
983 1197 1188 1226 traducendo
1203 1196 1244 1226 ad
1260 1196 1390 1235 plebem
1407 1195 1533 1226 Clodio.

971 1240 1014 1271 L.
1032 1240 1234 1277 Herennius,
1249 1239 1342 1269 Verr.
1365 1249 1395 1268 v.
1419 1242 1471 1274 59.
1501 1242 1651 1277 argenta-

927 1283 994 1314 rius
1018 1283 1228 1324 Leptitanus.
1244 1282 1336 1313 Verr.
1360 1283 1381 1312 i.
1405 1285 1435 1314 5.
1466 1283 1654 1321 negotiator

927 1326 1103 1357 Africanus
1120 1337 1140 1357 a
1156 1326 1255 1357 Verre
1271 1326 1377 1356 securi
1394 1335 1578 1366 percussus.

973 1371 1013 1401 L.
1031 1370 1230 1407 Herennius,
1247 1380 1306 1410 pro
1323 1369 1402 1400 Coel.
1427 1373 1475 1400 11.
1499 1369 1653 1406 disertus,

928 1420 1062 1444 accusat
1079 1414 1126 1444 M.
1145 1413 1285 1444 Coelium
1301 1413 1340 1443 de
1354 1414 1472 1443 vicum
1487 1413 1653 1442 Atratino.

971 1457 1020 1488 M.
1045 1457 1245 1493 Herennius,
1262 1457 1356 1487 Brut.
1370 1459 1423 1488 45.
1444 1457 1576 1487 Muren.
1603 1458 1652 1489 17.

929 1501 1104 1531 mediocris
1134 1506 1258 1538 orator,
1282 1501 1316 1530 in
1346 1499 1538 1531 consulatus
1569 1499 1654 1540 peti-

927 1545 1018 1574 tione
1050 1545 1088 1575 L.
1119 1544 1309 1584 Philippum
1340 1544 1431 1574 vicit.
1473 1544 1588 1574 Consul
1621 1553 1654 1573 a.

930 1596 1032 1618 netx.

972 1631 1175 1668 Herennius,
1205 1630 1250 1661 ad
1277 1640 1371 1671 quem
1397 1634 1475 1660 sunt
1505 1630 1578 1659 libri
1610 1630 1653 1659 iv.

928 1676 1091 1705 rhetorici.
1122 1676 1284 1704 incertum
1317 1679 1375 1711 est,
1406 1675 1478 1714 quis
1504 1675 1557 1703 sit.
1587 1673 1653 1703 vid.

930 1719 1058 1750 Fabrie.
1074 1717 1118 1748 B.
1135 1718 1177 1748 L.
1196 1717 1262 1748 lfbl.
1280 1717 1345 1758 LR.
1361 1721 1414 1751 97.
1431 1720 1482 1751 98.

972 1762 1136 1799 Heriltus,
1162 1761 1201 1790 de
1229 1763 1286 1791 Or.
1318 1761 1364 1790 iii.
1400 1763 1448 1795 17.
1479 1759 1654 1799 Carthagi-

929 1805 1066 1843 niensis,
1082 1815 1102 1834 a
1116 1815 1181 1843 quo
1198 1805 1357 1835 dicuntur
1379 1803 1522 1834 Herillii.
1552 1803 1653 1833 Acad.

930 1849 971 1878 iv.
991 1850 1044 1880 452.
1075 1848 1145 1878 Fin.
1169 1849 1203 1878 ii.
1230 1851 1278 1878 11.
1306 1850 1354 1878 13.
1385 1847 1529 1878 Zenonis
1552 1847 1653 1877 Stoici

929 1892 1074 1929 auditor,
1096 1892 1131 1921 in
1161 1891 1303 1921 scientia
1331 1900 1500 1921 summum
1529 1890 1654 1920 bonum

929 1936 1035 1975 ponit.
1058 1936 1152 1966 Orat.
1167 1934 1189 1965 1.
1207 1945 1236 1964 c.
1260 1933 1392 1965 Herillii
1415 1935 1573 1966 dieantur
1595 1934 1653 1965 So-

929 1978 1056 2009 cratiei.

973 2022 1194 2058 Hermaetms,
1210 2021 1311 2052 Acaxl.
1327 2021 1368 2051 iv.
1384 2023 1436 2051 30.
1469 2020 1538 2050 Fin.
1555 2020 1588 2050 ii.
1600 2023 1653 2051 30.

929 2066 1125 2106 Epicureus,
1148 2065 1191 2095 ad
1210 2075 1288 2096 eum
1312 2063 1466 2104 epistolas
1491 2063 1654 2103 Epicurus

929 2110 1072 2150 scripsit.
1086 2108 1303 2147 filit-nlenten&
1317 2112 1500 2138 testamento
1512 2106 1655 2147 Epicuri

930 2154 1030 2184 heres.
1048 2153 1162 2183 Laert.
1179 2163 1209 2182 x.
1226 2154 1279 2183 21.

973 2196 1193 2234 Her-machus,
1214 2196 1322 2231 Chius,
1337 2193 1377 2224 de
1401 2192 1544 2235 Harusp.
1568 2203 1654 2235 resp.

974 2282 1210 2319 Hcrmacreon,
1240 2280 1309 2310 an.
1340 2281 1361 2310 i.
1390 2283 1443 2312 30.
1483 2280 1655 2320 portitoris

931 2336 1067 2364 nomen,
1098 2327 1155 2366 qui
1188 2324 1335 2365 portoria
1366 2323 1571 2355 Rhodiorum
1605 2334 1656 2355 re-

932 2370 1049 2400 demit.

975 2413 1211 2450 Hermagoras,
1236 2410 1305 2441 lnv.
1330 2411 1352 2440 i.
1373 2411 1404 2442 6.
1427 2415 1461 2441 et
1484 2413 1536 2442 51.
1559 2411 1656 2441 Brut.

931 2457 984 2491 76.
1006 2456 1118 2487 rhetor
1135 2455 1379 2486 celeberrimus.
1396 2458 1562 2494 praecepta
1575 2454 1656 2484 scri-

932 2500 998 2539 psit
1008 2499 1162 2540 expedita
1171 2494 1468 2535 adinveniendum,
1475 2498 1532 2527 secl
1539 2498 1657 2528 tenuia

932 2543 974 2573 ad
989 2543 1186 2573 ornandum.
1204 2541 1273 2571 lnv.
1291 2541 1312 2572 i.
1335 2544 1382 2572 11.
1406 2541 1655 2572 constitutionis

931 2586 1135 2616 translativae
1152 2590 1269 2616 auctor
1284 2589 1345 2615 est.
1361 2584 1400 2614 de
1410 2595 1442 2614 eo
1453 2585 1517 2615 vid.
1533 2585 1655 2624 Interp.

931 2630 977 2660 ad
1000 2630 1144 2671 Quintil.
1170 2629 1216 2658 iii.
1248 2631 1273 2658 l.
1305 2628 1400 2659 Nam
1424 2638 1499 2658 eum
1527 2632 1656 2658 secutus

931 2677 988 2704 est.
1015 2673 1175 2704 Diversus
1197 2675 1243 2702 est
1264 2672 1305 2702 ab
1327 2671 1534 2711 Hermagora
1556 2671 1657 2701 Teni-

933 2718 1017 2753 nite,
1040 2717 1096 2755 qui
1125 2716 1246 2746 Carion
1275 2715 1380 2745 dictus
1407 2720 1466 2752 est,
1488 2720 1519 2746 et
1546 2715 1657 2745 Romoe

932 2761 1077 2798 Augusti
1105 2759 1298 2798 temporibus
1325 2756 1538 2798 vixit,cu1'us
1562 2758 1657 2789 libros

931 2807 1157 2833 conmemorat
1167 2802 1313 2832 Sontas
1303 2812 1336 2832 ιη
1345 2801 1541 2844 Ἑρμαγόρας.
1557 2801 1656 2831 Pom-

927 2847 1023 2886 peias
1035 2846 1185 2876 decedens
1198 2856 1238 2876 ea:
1252 2846 1448 2885 Asia,finito
1464 2846 1540 2874 betto
1554 2843 1656 2874 luitn-

932 2890 1082 2927 ridatico,
1110 2889 1216 2920 Rhodi
1243 2893 1355 2919 contra
1380 2897 1455 2918 eum
1480 2888 1657 2928 disputavit

934 2933 1003 2976 vigi
1019 2945 1069 2966 της
1088 2932 1160 2964 καθ’
1175 2931 1242 2963 mov
1255 2931 1410 2973 ζητήσεως,
1425 2940 1524 2972 quam
1547 2931 1657 2972 dispu-
