1800 3131
204 71 260 107 66

251 169 379 209 Apella,
395 169 436 199 ad
450 169 526 200 Div.
541 179 571 199 x.
588 179 638 210 ep.
658 173 707 204 17.
784 192 786 194 -

253 213 381 252 Apella,
405 213 446 242 ad
466 214 542 244 Div.
564 213 618 243 vii.
639 224 691 255 ep.
714 216 766 246 ⁶25.
790 213 928 246 libertus

212 255 260 287 M.
276 256 365 286 Fabii
380 256 476 286 Galli.

256 300 372 341 Apella
395 300 510 338 Chius,
525 301 594 331 Ait.
611 302 663 331 xii.
683 305 730 335 19.
760 301 932 332 columna-

213 353 290 374 rum
312 343 442 374 artifex.
489 345 591 375 Hunc
609 345 759 385 Apellam
773 355 835 375 von
849 356 932 375 com-

212 389 402 418 memoravit
417 388 544 418 danius
555 395 575 417 .·’
587 389 643 420 sed
661 389 754 419 habet
768 391 873 419 alium.
890 389 931 418 A-

207 432 331 473 pellam
346 433 549 462 statum-inm
565 442 581 462 e
596 432 687 462 Plin.
701 433 809 462 xxxiv.
826 436 854 463 Β.

258 475 394 515 Apelles,
412 476 507 505 Brut.
534 479 582 506 18.
611 477 728 516 pictor.
752 476 793 505 ad
815 477 888 506 Div.
914 476 932 504 i.

213 528 265 558 ep.
275 523 306 553 9.
317 518 480 549 venerem
494 520 725 559 imperfectam
738 519 882 558 reliquit.
895 519 933 548 de

213 562 278 592 Off.
293 562 337 592 iii.
353 564 383 593 2.
409 572 508 592 nemo
523 573 597 593 eain
613 562 778 592 absolvere
794 572 828 592 se
841 571 934 601 posse

215 606 359 636 confisus
378 611 438 636 est.
469 606 508 636 ad
529 607 602 637 niv.
624 617 653 636 v.
677 608 723 636 1⁶2.
753 606 841 646 apud
861 605 936 636 Ale-

215 649 378 680 xandrum
403 651 579 689 gratiosus,
599 651 656 689 qui
684 649 724 679 ab
748 660 788 679 eo
809 649 879 680 solo
901 660 935 680 se

213 693 307 733 pingi
322 693 437 723 voluit.

255 737 397 777 Apenas,
413 737 455 766 ad
468 737 538 767 Att.
553 738 594 767 iv.
610 740 640 768 8.
667 745 790 767 servus.

256 781 401 820 Apliilia,
414 780 510 810 Brut.
524 783 577 812 48.
602 781 711 820 aptior
723 781 937 812 concionibus

212 829 337 861 orator,
349 833 449 863 quam
451 824 597 864 judiciis.
622 824 689 854 Ed.
702 825 832 855 Mediol.
844 826 938 855 habet

214 866 346 907 Aphila,
363 867 450 898 unde
466 873 542 908 post
555 868 683 898 factum
704 868 822 905 Ojella.
857 869 940 898 Gui-

215 910 359 941 lielmius
383 911 529 941 malebat
556 911 682 951 Ofilius.
705 922 736 941 ν.
764 918 798 941 et
821 913 939 942 Corra—

216 954 277 984 dus
293 955 334 985 ad
349 955 382 985 h.
397 954 418 985 l.
443 955 501 985 sed
511 955 637 985 frustra
647 954 817 985 laboratur
828 957 862 986 in
876 956 937 986 hoc

216 998 352 1028 nomine
368 1009 387 1029 a
401 999 476 1028 viris
492 999 608 1029 doctis.

258 1042 381 1082 Apollo,
397 1043 477 1073 Nat.
491 1044 534 1073 D.
550 1043 594 1073 iii.
610 1045 662 1073 93.
708 1042 851 1073 Arcades
868 1043 938 1074 No-

216 1086 363 1116 mionem
379 1085 560 1126 appellant.
575 1086 618 1116 ib.
638 1087 686 1116 16.
717 1096 793 1116 cum
809 1087 938 1117 Hercu-

213 1129 245 1159 le
268 1129 308 1159 de
330 1130 460 1170 tripode
483 1135 601 1160 certat.
624 1130 667 1160 ib.
683 1132 736 1162 23.
764 1140 841 1161 cum
856 1130 938 1160 Jove

215 1173 254 1202 de
279 1174 388 1204 Creta.
412 1173 513 1204 Acad.
536 1174 577 1204 iv.
593 1176 645 1204 28.
673 1175 823 1204 crinitus.
837 1174 867 1204 T
870 1184 937 1204 use

214 1218 254 1247 iv.
269 1219 322 1247 34.
342 1221 489 1248 sanctus.
503 1217 596 1247 Verr.
611 1218 652 1247 iv.
669 1221 719 1249 53.
733 1217 937 1248 Temenites.

257 1261 415 1302 Apollinis
429 1266 557 1302 operta,
573 1261 612 1291 de
628 1262 702 1292 Div.
718 1262 751 1292 ii.
768 1264 819 1293 55.

256 1305 460 1345 Apollinares
480 1305 560 1335 ludi.
586 1304 669 1335 Phil.
695 1305 716 1335 i.
746 1308 793 1336 15.
827 1306 860 1335 ii.
889 1308 937 1336 13.

215 1349 286 1379 Att.
308 1349 340 1379 ii.
369 1352 416 1383 19.
444 1349 483 1379 de
496 1359 608 1379 eorum
622 1350 749 1388 origiue
764 1350 881 1379 tirones
896 1351 940 1380 le-

211 1397 298 1431 gant
321 1393 395 1423 Lz‘v.
419 1393 504 1422 xxi-v.
532 1394 580 1422 12.
604 1393 657 1422 ubz·
672 1397 820 1423 auctores
837 1393 877 1423 de
891 1394 940 1423 his

216 1437 302 1466 ludis
318 1436 434 1466 laudat
449 1436 615 1466 Dulce-rus.
642 1437 737 1467 Aotos
749 1446 814 1467 esse
827 1437 870 1466 iv.
886 1438 937 1468 Id.

215 1480 290 1510 dul.
305 1490 322 1510 e
345 1479 502 1517 Cicerone,
518 1479 695 1518 lffioerobio,
718 1485 750 1510 et
765 1480 872 1512 Dione
886 1481 938 1511 de-

214 1527 375 1554 monstrat
398 1524 554 1554 Norisius
573 1525 608 1554 in
631 1524 802 1564 Cenotaplz.
818 1523 890 1555 Pis.
899 1534 939 1565 p.

256 1611 466 1651 Apollodorus
493 1611 670 1652 Pyragrus,
692 1611 784 1642 Verr.
816 1611 861 1642 iii.
886 1614 938 1643 31.

215 1655 457 1695 Argyrinensis.

256 1699 478 1739 Apollodorus,
493 1699 572 1729 Nat.
595 1699 638 1729 D.
653 1698 699 1728 iii.
715 1700 767 1729 33.
812 1698 940 1739 Tyran-

214 1752 277 1773 nus
301 1743 525 1772 Cassandreae.
553 1743 592 1773 de
613 1752 646 1772 eo
667 1743 737 1781 lege
749 1739 883 1774 AElian.
901 1743 940 1774 V.

215 1786 262 1818 H.
276 1786 341 1816 xiv.
355 1789 408 1817 41.
436 1796 487 1817 κν.
506 1789 554 1817 15.

257 1830 480 1870 ApollodoruS,
509 1830 579 1860 Att.
608 1829 663 1859 xii.
700 1831 752 1860 23.
793 1829 835 1860 ad
869 1831 939 1870 ejus

216 1873 381 1904 Chronica
395 1873 579 1913 respicitur.
603 1873 661 1903 Ea
671 1877 750 1903 sunt
759 1873 941 1913 Apollodor'
931 1886 942 1905 ι

213 1918 428 1955 Atheniensis,
443 1914 540 1957 cnjus
553 1917 639 1947 nohis
656 1917 857 1948 Bibliotheca
874 1921 941 1949 sola

213 1972 231 1991 e
250 1962 379 2001 scriptis
393 1961 548 2001 pluribus
568 1962 695 2000 reliqua
716 1964 773 1990 est.
797 1961 836 1991 de
855 1972 889 1991 eo
909 1966 941 1992 et

213 2002 285 2045 ejus
307 2006 434 2045 seriptis
452 2014 482 2034 υ.
498 2005 626 2037 Fabric.
644 2004 686 2035 B.
708 2004 746 2034 G.
762 2004 806 2034 iii.
823 2007 874 2038 27.
902 2006 941 2036 de

217 2048 388 2079 Chronicis
403 2052 526 2085 autem,
542 2058 613 2088 quse
632 2048 748 2077 iambis
761 2050 941 2089 conscripta

216 2096 326 2129 erant,
339 2097 369 2122 et
383 2096 538 2122 accurate
553 2093 704 2132 temporis
718 2093 874 2122 rationem
887 2093 940 2123 de-

213 2136 390 2174 signabant
401 2149 411 2168 ,-
450 2136 537 2165 unde
566 2135 708 2166 Romani
739 2136 778 2165 iis
806 2136 940 2166 libenter

216 2180 406 2215 utebantur,
429 2182 461 2209 et
497 2178 655 2209 Lae'rtius
690 2179 725 2208 in
753 2179 940 2219 definiendis

216 2224 365 2253 oetatibzis
373 2224 633 2263 philosophorum
650 2222 759 2252 erebro
781 2232 859 2253 usus
873 2227 936 2256 est.-

214 2267 287 2297 vide
300 2268 400 2296 etiam
415 2265 549 2304 Menag.
563 2266 609 2297 ad
623 2266 737 2296 Laert.
753 2267 774 2295 i.
790 2269 842 2299 37.
863 2267 896 2297 ii.
908 2269 937 2296 ⁶2.

218 2310 335 2342 Bosius
353 2310 400 2340 ad
423 2309 486 2339 (fle.
502 2311 522 2339 l.
538 2320 564 2339 e.
592 2319 666 2339 eam
682 2308 850 2349 contundit
864 2321 938 2340 cum

217 2354 381 2394 Epicureo
415 2353 615 2393 Apollodoro,
644 2354 699 2393 qui
731 2352 938 2396 κηποτύςανυς

215 2397 321 2427 dictus
334 2400 394 2434 est,
409 2400 440 2426 et
454 2397 556 2426 vitam
572 2396 715 2436 Epicuri
728 2397 865 2436 scripsit.

258 2440 480 2480 Apollodorus,
496 2440 574 2470 Nat.
592 2440 635 2470 D.
650 2440 671 2470 i.
687 2442 738 2470 34.
776 2440 841 2470 Est
856 2441 939 2471 Aeo·-

213 2484 369 2521 demicus,
383 2484 506 2514 Zenoni
520 2483 682 2522 Epicureo
693 2485 837 2523 (equalis,
848 2495 868 2514 α
880 2495 940 2524 quo

213 2528 405 2564 maledictis,
421 2531 459 2556 ut
478 2526 584 2557 Cicero
598 2527 847 2567 ait,figebat11.r.

256 2571 469 2611 Apollonide&
490 2570 651 2601 Flaccian.
674 2573 726 2601 (21.
756 2570 939 2601 Temnites.

257 2616 455 2655 Apollonius,
480 2613 729 2644 Alabandensis.
757 2614 813 2644 Or.
842 2615 863 2644 i.
888 2616 940 2645 23.

215 2658 368 2690 mercede
391 2657 505 2687 docuit
527 2657 739 2695 rhetoricam,
755 2658 813 2688 sed
831 2659 942 2689 minus

215 2704 350 2733 idoneos
364 2700 472 2731 noluit
487 2701 615 2730 docere.
631 2702 673 2731 ib.
693 2704 740 2735 17.
763 2702 803 2731 ab
817 2712 856 2731 eo
870 2701 942 2732 rhe-

215 2747 357 2777 toricam
377 2744 493 2774 didicit
515 2743 692 2783 aliquando
721 2745 853 2775 Cicero:
882 2756 943 2785 quo

215 2790 342 2820 nomine
355 2798 436 2828 sape
448 2788 539 2827 apud
563 2788 742 2818 Ciceronem
757 2799 943 2819 commemo-

215 2839 324 2863 ratur.
375 2831 554 2869 cognomen
586 2828 657 2870 ejus
687 2836 734 2861 est
769 2832 861 2862 Molo
894 2834 944 2863 vel

216 2876 370 2908 Molonis.
417 2874 511 2906 Vivit
524 2876 558 2905 in
573 2874 684 2906 Rhodo
699 2876 817 2906 insula.

734 79 879 109 INDEX
909 78 1191 109 Hls'rORlcUs.

1012 166 1579 212 Apamam,DrepanitanusNerr.
1591 168 1632 199 iv.
1645 170 1696 203 17.

1015 216 1213 255 Apollrmius,
1225 214 1317 244 Verr.
1331 224 1359 243 v.
1377 217 1407 247 7.
1431 212 1701 243 Panormitanus'.

1015 259 1214 298 Apollonius,
1230 257 1271 287 ad
1293 258 1366 288 Div.
1391 256 1457 287 xiii.
1485 255 1533 286 16.
1560 255 1700 287 libertus

975 302 1010 333 P.
1027 302 1135 332 Crassi
1151 301 1197 331 M.
1214 301 1247 332 F.
1263 301 1391 331 doctus.

1016 345 1215 385 Apollonius,
1230 345 1301 375 Att.
1323 345 1364 374 iv.
1379 347 1410 378 7.
1437 343 1538 373 homo
1553 341 1702 374 Graecus.

1018 389 1174 428 Aponius,
1189 398 1219 419 ν.
1234 388 1407 428 Apronius.

1019 432 1133 471 Appio,
1153 433 1210 470 (sic
1230 433 1315 462 enim
1339 431 1454 462 Latini
1475 429 1640 461 scribam.-
1668 437 1703 459 v.

977 477 1139 515 inscriptio
1159 486 1212 515 ap.
1236 475 1444 514 Scaliger-am
1462 474 1507 504 ad
1527 472 1649 504 Euseb.
1664 480 1704 511 p.

981 522 1052 550 154.
1083 520 1203 549 rectius
1225 523 1333 549 tamen
1343 517 1439 557 joret
1460 527 1548 548 more
1576 517 1702 547 Graeco—

978 573 1055 592 rum
1078 560 1184 602 Apio.)
1211 562 1325 602 Agrar.
1341 562 1375 592 ii.
1395 565 1442 596 19.
1488 559 1703 597 Ptolemaeus,

978 607 1048 636 Rex
1077 605 1295 645 Cyrenarum,
1322 606 1378 644 qui
1406 615 1482 645 pop.
1510 604 1703 635 Romanum

978 649 1134 680 heredem
1150 649 1239 679 fecit.
1253 659 1282 678 v.
1298 649 1368 679 Liv.
1384 649 1472 688 Epit.
1487 651 1541 682 70.

1021 694 1130 733 Appii,
1148 698 1226 723 :unt
1251 692 1399 722 Claudiae
1412 691 1561 729 familiae,
1576 690 1616 721 de
1632 690 1706 731 qui-

979 738 1038 768 bus
1054 737 1117 767 vid.
1133 738 1167 767 in
1185 736 1342 766 Claudiis.

1021 781 1198 821 Apronius,
1214 781 1307 810 Verr.
1331 780 1363 809 ii.
1386 781 1440 810 44.
1468 778 1569 809 homo
1585 776 1704 814 foedus,

979 824 1019 855 de
1035 825 1170 855 cohorte
1184 824 1306 854 verris.

1022 869 1066 909 Q.
1092 868 1267 908 AlnoniuS,
1288 867 1381 898 Verr.
1409 867 1454 897 iii.
1484 870 1516 901 9.
1552 865 1706 906 princeps

980 912 1254 942 decumanorum.

1022 957 1197 996 Apronius,
1226 954 1344 986 Milon.
1381 956 1434 989 27.
1469 953 1615 993 juvenis.
1652 950 1706 982 Sic

978 999 1099 1039 Vulgg.
1117 999 1204 1038 quod
1219 1003 1406 1029 correctum
1420 1002 1472 1028 est
1486 998 1640 1038 Aponius.

1022 1043 1065 1074 L.
1094 1044 1250 1084 Apuleius
1282 1042 1495 1079 Saturninus,
1523 1042 1620 1072 Brut.
1653 1039 1708 1070 6⁰.

979 1086 1211 1117 seditiosorum
1227 1090 1303 1126 post
1323 1085 1490 1116 Gracchos
1505 1084 1709 1124 eloquentis-

979 1131 1092 1160 simus.
1138 1127 1256 1170 Hujus
1278 1130 1400 1160 tribum?
1416 1131 1467 1170 pl.
1488 1138 1574 1175 soepe
1589 1129 1709 1158 mentio

979 1178 1026 1204 est
1038 1185 1091 1215 ap.
1113 1174 1303 1204 Ciceronem.
1338 1173 1393 1205 De
1406 1173 1530 1213 legibus
1542 1181 1614 1212 eyus
1627 1181 1658 1201 v.
1671 1171 1710 1201 in.

981 1218 1055 1249 Iud.
1079 1218 1187 1256 Legg.
1210 1218 1249 1248 de
1269 1219 1334 1258 ipso
1352 1221 1465 1248 autem
1479 1216 1658 1247 Plutarch.
1671 1215 1710 1245 in.

979 1256 1100 1293 Mario.
1115 1262 1254 1302 Appian.
1270 1262 1315 1292 B.
1335 1261 1368 1292 C.
1393 1262 1413 1291 l.
1436 1261 1458 1291 i.
1481 1261 1541 1290 διο.
1585 1257 1708 1300 Appul.

979 1316 1042 1336 mm
1066 1305 1165 1345 Apul.
1190 1305 1396 1336 scribendum
1422 1305 1509 1335 docet
1537 1304 1708 1336 Burman.

980 1349 1027 1380 acl
1041 1349 1133 1379 Suet.
1148 1349 1237 1388 Aug.
1253 1359 1281 1378 c.
1301 1352 1372 1379 100.

1023 1393 1175 1434 Apuleia,
1188 1392 1315 1433 populi,
1327 1392 1398 1422 Att.
1408 1393 1449 1422 iv.
1462 1394 1510 1421 11.
1534 1390 1657 1421 dicitur
1672 1389 1709 1421 P.

982 1436 1129 1474 Clodius,
1145 1441 1281 1477 propter
1302 1435 1480 1466 seditiones
1496 1439 1532 1465 et
1546 1434 1709 1465 libidines.

983 1480 1176 1511 Tunstallus
1199 1480 1266 1520 Ep.
1289 1481 1335 1510 acl
1355 1479 1483 1510 Midlet.
1498 1488 1535 1518 p.
1556 1481 1609 1513 98.
1638 1487 1710 1509 ma-

980 1526 1053 1554 vult
1077 1525 1218 1563 intelligi
1245 1524 1388 1554 Clodiam
1401 1535 1411 1552 .·
1439 1526 1583 1553 ceterum
1603 1523 1711 1552 locum

982 1569 1130 1598 vitiosum
1143 1571 1253 1608 putat.
1355 1584 1358 1586 v

1025 1612 1068 1642 L.
1083 1612 1252 1652 Apuleius,
1272 1611 1347 1641 Div.
1375 1612 1423 1640 15.
1451 1609 1656 1650 subscriptor
1667 1608 1711 1650 Ω.

983 1655 1120 1692 Caecilii,
1136 1654 1229 1685 nullo
1243 1664 1307 1685 usu
1321 1653 1455 1684 forensi.

1026 1700 1069 1730 L.
1090 1699 1260 1739 Apuleias,
1281 1698 1394 1728 Plane.
1420 1700 1468 1727 11.
1499 1701 1622 1737 praetor
1637 1696 1711 1728 Ma-

983 1743 1129 1774 cedoniae
1143 1743 1317 1783 Quaestore
1334 1742 1396 1772 Cn.
1412 1740 1560 1772 Plancio.

1026 1786 1196 1827 Apuleius,
1209 1786 1250 1816 ad
1261 1787 1340 1817 Div
1350 1786 1417 1815 xiii.
1429 1788 1482 1816 45.
1503 1785 1713 1842 Proquaestor

983 1831 1018 1861 in
1036 1831 1113 1860 Asia
1126 1830 1167 1870 Q.
1182 1829 1325 1870 Philippi
1342 1828 1563 1860 Proconsulis.

1028 1873 1071 1904 P.
1085 1874 1257 1913 Apuleius,
1272 1873 1356 1903 Phil.
1375 1874 1418 1903 vi.
1436 1876 1463 1903 1.
1478 1873 1556 1903 trib.
1572 1871 1618 1912 pl.
1634 1872 1713 1903 Hir-

983 1918 1031 1948 tio
1047 1923 1082 1948 et
1101 1918 1208 1948 Pansa
1223 1918 1313 1948 Coss.
1332 1918 1529 1947 Ciceronem
1543 1915 1712 1957 producit,

983 1966 1018 1992 et
1040 1961 1079 1991 de
1104 1961 1149 1991 M.
1173 1961 1320 1991 Antonio
1336 1961 1532 2000 interrogat.
1548 1959 1633 1990 Phil.
1649 1959 1714 1990 xiv.

984 2006 1014 2035 6.
1061 2005 1256 2035 Ciceronem
1273 2015 1292 2034 a
1306 2005 1494 2044 suspicione
1513 2004 1654 2034 fascium
1671 2003 1714 2033 ad

983 2048 1145 2089 populum
1169 2048 1297 2078 liberat.
1323 2048 1395 2079 Att.
1419 2049 1475 2079 xii.
1505 2051 1554 2079 13.
1590 2049 1638 2077 14.
1672 2047 1714 2078 fit

982 2102 1100 2132 augur.

1026 2137 1197 2175 Apuleius,
1213 2136 1404 2176 proediator‚
1425 2135 1498 2166 Att.
1519 2135 1574 2165 xii.
1592 2137 1642 2165 14.
1665 2138 1715 2169 17.

982 2180 1145 2209 diversam
1155 2184 1281 2219 putant
1295 2180 1337 2210 ab
1349 2179 1485 2220 Apuleio
1498 2188 1642 2217 augure,
1658 2181 1717 2219 qui

982 2225 1015 2253 in
1032 2224 1143 2253 eadem
1156 2234 1205 2263 ιφ.
1220 2225 1421 2254 nominatur.
1444 2223 1496 2254 Et
1509 2224 1556 2253 sio
1568 2223 1714 2261 videtur,

982 2267 1067 2306 quod
1087 2267 1224 2297 additur
1238 2266 1432 2307 praediator:
1457 2266 1543 2307 quod
1554 2266 1714 2297 distincti·—

981 2311 1050 2339 ‹mis
1072 2320 1172 2340 cars-z
1182 2309 1334 2350 sac-tum,
1355 2308 1632 2341 vevisimillimum'
1657 2314 1714 2340 est.

982 2353 1032 2383 An
1049 2354 1140 2383 idem
1155 2359 1207 2384 est
1219 2364 1250 2384 ν.
1268 2357 1295 2384 1.

1024 2398 1159 2437 Aquila,
1176 2397 1261 2427 Phil.
1283 2397 1327 2427 xi.
1351 2398 1382 2428 6.
1410 2397 1564 2436 Pontius,
1579 2397 1619 2428 de
1634 2407 1715 2437 per-

982 2442 1160 2471 cussoribus
1179 2441 1326 2479 Caesawis,
1342 2441 1381 2472 L.
1397 2442 1560 2473 Plancum
1584 2440 1718 2471 Pollen-

982 2485 1031 2514 tia
1044 2485 1191 2525 expellit.

1025 2529 1069 2569 ρ.
1085 2529 1250 2567 Aquillius
1278 2529 1407 2566 Gallus,
1425 2528 1511 2558 Caec.
1527 2529 1580 2562 97.
1606 2527 1714 2559 Jctus

983 2582 1147 2609 summus,
1177 2572 1316 2602 mirifice
1343 2571 1510 2602 laudatur.
1538 2572 1637 2603 Brut.
1661 2573 1716 2603 42.

983 2620 1118 2655 paratus
1134 2616 1169 2645 in
1184 2616 1313 2655 agendo
1323 2620 1361 2645 et
1369 2614 1457 2645 celer
1467 2615 1501 2645 in
1512 2614 1716 2655 responden-

984 2659 1036 2689 do.
1061 2659 1101 2689 de
1124 2659 1220 2689 Offie.
1242 2659 1286 2689 iii.
1309 2662 1359 2690 14.
1387 2658 1484 2689 Tulit
1497 2657 1658 2688 formulas
1674 2658 1714 2688 de

985 2702 1060 2732 dolo
1076 2703 1176 2732 malo.
1190 2703 1308 2742 Quint.
1326 2706 1354 2733 1.
1379 2703 1438 2732 δίο.
1460 2711 1548 2742 saepe
1563 2702 1715 2732 nomina-

984 2753 1050 2776 tur.
1068 2746 1111 2776 ad
1124 2747 1194 2776 Att.
1210 2746 1231 2776 i.
1251 2749 1277 2776 1.
1305 2755 1374 2776 non
1389 2745 1462 2776 vult
1486 2745 1585 2776 Cons.
1600 2750 1715 2786 petere

985 2794 1122 2830 propter
1135 2789 1362 2820 valetudinem
1384 2794 1420 2819 et
1433 2798 1576 2829 regnum
1592 2789 1718 2829 judici-

986 2832 1048 2863 ale.
1062 2832 1145 2872 Top.
1161 2836 1192 2866 7.
1208 2833 1374 2872 quomodo
1390 2834 1469 2864 litus
1482 2832 1660 2863 definierit.

1029 2875 1166 2907 Manius
1180 2876 1359 2917 Aquillius,
1372 2877 1487 2917 Agrar-
1503 2876 1537 2907 ii.
1551 2879 1604 2908 30.
1628 2874 1717 2911 bello
