1790 3219
112 38 198 76 466

122 136 235 166 timor.
265 143 295 164 v.
319 132 457 171 tumor.)
495 133 613 176 Itaque
637 137 779 176 majores
803 146 863 167 no-

121 178 183 208 stri
207 179 389 208 tumultum
414 178 584 217 Italicum,
600 179 688 219 quod
711 185 784 210 erat
806 179 864 210 do-

124 222 303 259 mesticus;
341 221 518 259 Gallicum,
542 223 629 262 quod
660 228 734 254 erat
756 222 864 254 Italiae

123 262 302 302 finitimus,
329 270 492 305 praeterea
521 265 652 297 nullum
680 269 864 298 tumultum

125 308 356 338 nominabant.
417 308 556 340 Gravius
594 317 709 340 autem
739 312 864 341 tumul·

123 355 197 382 tum
228 361 298 382 esse
325 361 425 391 quam
451 351 590 390 bellum,
613 353 691 384 hinc
718 353 864 393 intelligi

126 394 219 432 lieet,
235 394 324 434 quod
347 394 433 426 bello
456 397 646 428 vacationes
670 397 797 434 valent,
813 402 864 427 tu-

125 440 235 469 multu
252 448 319 468 non
336 438 459 469 valent.
489 439 573 472 Phil.
590 450 620 470 v.
641 443 690 474 19.
720 440 864 470 vacatio-

125 491 203 512 nem
219 481 348 513 militia»,
363 483 456 523 ipsis,
469 482 645 523 liberisque
661 493 776 513 eorum
793 492 863 513 esse

122 525 254 566 placere
266 533 278 555 :'
298 529 393 556 extra
407 528 588 557 tumultum
612 526 778 556 Gallicum
795 525 864 556 Ita-

121 569 304 609 licumque.
327 566 424 601 Rosc.
437 569 509 600 Am.
524 571 554 600 6.
578 571 742 600 tumultus
754 566 863 609 proxi-

122 622 211 650 mus,
239 613 363 644 dicitur
393 613 516 643 bellum
548 613 643 643 civile
673 612 862 643 Sullanum.

121 652 161 686 In
185 655 272 686 bello
297 660 408 686 autem
435 651 552 686 Italico
568 655 734 686 Gallicove
751 655 863 687 subito

118 698 206 730 edici
229 700 357 730 solebat
377 701 549 736 tumultus,
566 699 654 739 quod
676 705 749 729 erat
771 709 862 729 sum-

122 743 169 773 mi
194 742 331 783 periculi
348 747 382 773 et
404 742 576 773 celerrime
600 742 788 783 depellendi
811 744 862 773 in-

121 784 261 824 dicium,
285 792 319 816 et
342 785 427 816 hanc
450 785 593 816 habebat
615 787 696 824 vim,
719 791 760 817 ut
783 796 863 827 saga

120 832 349 867 sumerentur,
361 827 532 867 justitium
560 834 659 868 esset,
676 832 747 861 sine
771 830 861 861 dele-

120 878 179 903 ctu
204 873 327 903 milites
351 873 471 903 fierent
499 873 684 912 interdum,
707 878 741 904 et
765 884 862 904 vaca·

119 917 227 946 tiones
245 915 347 947 nullae
363 921 487 958 essent.
510 917 592 948 Sull.
610 919 659 948 ll.
684 918 765 948 meis
782 927 861 953 con-

116 959 213 997 siliis,
244 960 326 990 meis
362 960 668 997 laboribus‚·—-sine
698 963 860 999 tumultu,

117 1003 188 1033 sine
212 1003 350 1041 dilectu,
367 1005 438 1034 sine
462 1005 576 1042 armis,
600 1005 670 1035 sine
694 1005 859 1044 exercitu,

117 1047 264 1087 quinque
282 1046 474 1078 hominibus
491 1048 740 1089 comprehensis
757 1054 858 1088 atque

117 1090 278 1121 confossis
295 1091 354 1121 διο.
382 1091 467 1122 Phil.
483 1102 513 1122 v.
533 1094 581 1124 12.
605 1094 786 1123 tumultum
802 1093 860 1123 de-

115 1134 222 1171 cerni,
238 1135 412 1173 justitium
439 1135 538 1173 edici,
562 1146 641 1175 saga
670 1136 758 1166 sumi
785 1135 859 1167 dico

115 1182 284 1219 oportere,
300 1178 460 1209 dilectum
484 1179 598 1210 haberi
621 1180 692 1209 sine
713 1178 858 1210 vacatio-

117 1221 216 1252 nibus
234 1222 268 1251 in
285 1221 364 1252 urbe
388 1225 423 1251 et
446 1223 480 1253 in
504 1221 616 1259 Italia,
635 1228 757 1263 praeter
780 1223 857 1254 Gal-

116 1264 210 1302 liam,
226 1269 311 1296 tota.
344 1264 479 1296 Muren.
500 1269 550 1297 10.
577 1265 778 1306 simulatque
805 1268 857 1297 in-

116 1309 248 1348 crepuit
277 1310 422 1350 suspicio
452 1312 624 1348 tumultus,
651 1316 739 1341 artes
765 1310 855 1341 illico

113 1356 236 1382 nostrae
265 1352 336 1393 (np.
363 1353 556 1392 eloquentia
580 1359 614 1384 et
635 1354 724 1393 juris
749 1355 856 1385 scien-

111 1394 174 1434 tia)
198 1396 440 1427 conticescunt.
471 1407 500 1427 v.
518 1398 608 1428 Serv.
626 1397 668 1427 ad
689 1398 768 1428 AEn'.
786 1397 853 1429 viii.

116 1441 144 1470 Ι.
172 1433 214 1469 cl'.
230 1439 394 1470 Budaeum
411 1440 453 1470 ad
468 1435 627 1472 pandect.
645 1452 676 1482 p.
695 1449 740 1471 m.
761 1443 832 1476 1924,

159 1482 349 1514 szicatus.
379 1483 457 1524 Agr.
473 1485 508 1515 ii.
525 1487 577 1516 34.
606 1486 662 1524 qui
686 1492 796 1515 metus
821 1496 855 1516 e-

113 1531 166 1556 rat
187 1527 409 1558 tunicatorum
433 1528 586 1559 illorum:
613 1528 645 1560 h.
664 1538 693 1558 e.
715 1528 755 1558 de
779 1530 855 1559 infi-

112 1579 170 1600 ma
198 1567 294 1611 plebe
326 1570 516 1609 hominum,
548 1572 615 1613 qui>
636 1572 755 1602 tunica
781 1574 853 1603 sine

110 1618 192 1653 toga
214 1614 421 1654 utebantur3
449 1616 538 1645 unde
561 1616 664 1646 etiarn
689 1618 855 1648 tunicatus

110 1656 264 1697 popellus
295 1667 348 1698 ap.
378 1659 569 1690 Horatium.
625 1659 690 1689 Sed
721 1659 761 1690 de
790 1660 853 1691 hac

110 1710 144 1730 re
171 1706 206 1731 et
228 1701 347 1731 tunica
369 1703 403 1732 in
428 1712 549 1742 genere
569 1704 757 1734 necessaria
771 1705 853 1734 tiro-

109 1744 208 1774 nibus
224 1744 347 1775 tradita
362 1752 443 1777 sunt
466 1748 500 1777 in
524 1747 648 1777 Lexico
671 1746 785 1778 Fabri:
817 1753 852 1779 et

109 1787 182 1817 noti
210 1793 291 1818 sunt
319 1789 359 1818 de
397 1800 430 1819 re
460 1790 627 1821 Vestiaria
662 1792 851 1832 scriptores.

106 1830 178 1861 *In
196 1832 489 1864 exercitationibus
514 1835 770 1874 campestribus,
786 1836 851 1874 uti,

109 1881 233 1914 praeter
261 1882 461 1916 campestre,
492 1878 595 1908 etiam
624 1878 753 1916 tunica,
782 1889 852 1909 mo-

109 1918 225 1948 destiae
253 1919 389 1959 signum
418 1922 452 1950 in
478 1922 670 1961 juvenibus.
709 1922 788 1953 Coel.
820 1926 851 1954 5.

107 1965 284 1993 uteremur
306 1963 384 1994 ludo
408 1966 587 2005 campestri
614 1965 764 1997 tunicati.
795 1967 850 1998 ubi

107 2014 137 2035 v.
154 2005 261 2036 Graev.

153 2048 314 2086 Turbare,
330 2049 456 2081 belIum
474 2059 615 2083 movere.
643 2052 726 2083 Sull'.
745 2055 798 2085 ⁴20.
822 2055 850 2085 si

106 2091 141 2122 in
167 2092 329 2133 Hispania
350 2096 521 2125 turbatum
544 2102 641 2126 esset.
671 2097 848 2128 *corrum-

106 2145 196 2176 pere.
240 2137 333 2167 Verr.
364 2138 410 2168 iii.
443 2142 496 2173 94.
544 2140 678 2171 turbare
706 2141 848 2181 reliquas

106 2188 192 2218 spes.
232 2181 474 2212 *tumultuarh
512 2182 582 2213 Fin.
610 2185 631 2214 i.
663 2187 710 2215 10.
741 2185 779 2218 ,id
806 2195 848 2215 ne

105 2221 184 2252 ferae
202 2224 337 2262 quidem
353 2224 496 2264 faciunt,
512 2233 549 2257 ut
566 2227 615 2257 ita
629 2233 731 2258 ruant
747 2233 847 2268 atque

106 2267 248 2304 turbent,
273 2273 323 2305 ut,
341 2278 455 2299 earum
481 2275 593 2300 motus
617 2276 717 2311 atque
741 2272 846 2313 impe-

102 2312 158 2338 tus
197 2320 262 2349 quo
292 2313 498 2351 pertineant,
528 2323 594 2344 non
624 2315 845 2355 intelligatur.

101 2352 319 2384 *molestiam
343 2355 442 2386 alicui
467 2357 556 2387 mala
578 2358 642 2388 fide
667 2359 846 2390 fallaciter—

103 2405 168 2435 que
185 2397 313 2435 agendo
330 2409 451 2430 creare.
474 2401 514 2441 Ω.
529 2401 579 2431 Fr.
593 2402 640 2432 iii.
656 2405 684 2433 1.
701 2413 730 2434 c.
747 2405 778 2438 7.
803 2414 844 2434 ne

103 2439 183 2479 quid
199 2439 255 2470 ille
272 2443 390 2472 turbet.

146 2482 264 2514 Turbo.
293 2486 383 2516 Sext.
404 2490 452 2517 ll.
484 2487 532 2518 illi
558 2489 623 2519 duo
640 2491 722 2530 reip.
739 2493 844 2522 turbi-

99 2535 164 2555 nes.
204 2526 244 2556 de
267 2528 408 2560 Gabinio
434 2536 469 2561 et
494 2530 624 2562 Pisone.
663 2534 764 2565 Dom.
789 2538 842 2566 53.

98 2572 152 2606 tu,
165 2570 315 2618 ‘procella
333 2574 462 2612 patriae,
480 2577 573 2606 turbo
596 2586 634 2607 ac
657 2582 841 2619 tempestas

98 2621 190 2653 pacis
207 2617 306 2652 atque
324 2617 394 2646 otii.

144 2655 354 2695 Turbulente,
373 2661 484 2690 animo
501 2663 708 2701 perturbato.
738 2660 840 2695 Tusc.

96 2697 139 2730 iv.
155 2702 207 2731 28.
232 2703 415 2733 turbulente
431 2703 577 2736 humana
594 2709 674 2747 pati.

142 2743 351 2783 Terg-escere,
369 2747 600 2786 perturbatum
623 2762 706 2781 esse.
738 2749 838 2783 Tusc.

90 2785 141 2816 iu'.
153 2791 184 2820 9.
204 2788 339 2819 'animus
356 2791 515 2829 sapientis
533 2802 704 2833 nunquam
722 2798 839 2834 turge-

89 2831 161 2868 scit,
185 2839 360 2873 nunquam
394 2839 516 2866 tumet.
563 2837 716 2871 Ductum
746 2839 838 2870 vide-

663 47 809 76 izv-'DEX
839 48 1138 80 LATINITATIS·

907 143 965 170 tur
980 149 998 169 e
1014 139 1147 176 Plauto,
1164 137 1253 180 apud
1268 146 1368 177 quem
1383 140 1520 178 turgere
1535 136 1583 169 sic
1597 135 1650 169 di-

908 183 1009 220 citur,
1023 182 1134 213 Casin.
1152 183 1185 212 ii.
1203 185 1233 212 5.
1255 184 1304 216 17.

953 226 1136 257 Turmalz's.
1175 225 1233 255 Or.
1257 225 1291 255 ii.
1315 224 1368 256 65.
1399 225 1559 256 turmales
1579 228 1647 265 sta-

906 273 987 300 tuae.
1035 268 1087 300 lta
1116 269 1224 299 facete
1253 267 1431 299 Africanus
1455 268 1562 307 major
1584 267 1649 298 Co-

907 313 1054 350 rinthiis,
1078 318 1225 343 statuam
1251 311 1498 352 pollicentibus,
1515 310 1649 342 dicebat

906 361 1075 394 equestres
1091 360 1233 394 statuas,
1249 354 1337 395 quod
1353 364 1427 384 eam
1445 361 1569 394 ponere
1593 364 1649 384 vo-

906 399 1034 436 lebant,
1049 399 1106 430 ubi
1122 400 1196 438 jam
1212 399 1328 430 multae
1345 398 1486 429 aliorum
1502 395 1649 440 impera·

906 449 1017 472 torum
1036 448 1158 473 essent.

950 485 1185 525 T'zcrpfficatus.
1211 487 1307 518 Offic.
1325 484 1372 516 iii.
1388 487 1441 520 29.
1465 483 1650 525 turpificati

907 529 1011 559 animi
1028 529 1170 560 foeditas.

950 571 1081 612 Turpis.
1108 573 1265 603 insuavis.
1295 573 1352 604 Or.
1368 575 1422 607 47.
1451 571 1530 612 quid
1546 570 1574 601 si
1596 574 1648 601 et-

904 616 971 647 iam
995 616 1125 655 abfugit
1144 616 1216 657 (ηρ.
1233 626 1293 657 pro
1315 614 1461 657 aufugit)
1480 620 1576 656 turpe
1598 610 1647 645 vi-

905 669 979 690 sum
997 660 1070 690 est?

950 701 1078 735 Tutela.
1122 701 1229 734 Flacc.
1261 704 1315 733 34.
1353 704 1457 733 tutela
1481 698 1647 742 legitima.

903 746 1000 777 Rosc.
1028 748 1124 778 Com.
1151 749 1181 778 6.
1213 745 1269 777 Or.
1294 746 1316 776 i.
1339 746 1393 778 36.
1425 747 1535 776 tutele
1553 744 1646 783 judi-

903 790 1015 828 cium;
1040 801 1106 830 quo
1129 791 1203 830 quis
1227 794 1418 826 accusatur,
1435 788 1529 828 quasi
1551 793 1645 818 tuto·

902 834 947 864 ris
969 834 1118 865 officium
1142 833 1229 865 male
1254 832 1459 875 praestiterit,
1478 835 1514 862 et
1535 831 1646 872 pupil-

901 876 973 907 lum
995 878 1176 909 fraudarit:
1205 878 1308 908 etiam
1333 876 1413 907 alibi
1436 876 1541 907 tutela
1563 875 1647 905 dici-

901 924 971 958 tur,
998 926 1038 952 ut
1067 922 1223 961 majestas
1252 931 1312 961 pro
1343 920 1484 951 crimine
1510 918 1643 950 violatae

899 964 1029 996 tutelae.
1053 975 1083 995 v.
1099 975 1127 996 c.
1144 965 1209 996 Off.
1225 964 1271 995 iii.
1292 967 1341 996 15.

947 1008 1070 1049 Typus,
1096 1009 1235 1048 effigies,
1261 1014 1303 1038 ut
1332 1007 1479 1049 clypeus.
1517 1005 1590 1037 Att.
1619 1004 1644 1036 ἱ.

902 1055 953 1083 io.
982 1058 1146 1093 praeterea
1167 1057 1256 1092 typos
1270 1052 1329 1082 tibi
1349 1050 1484 1089 mando,
1501 1059 1583 1090 quos
1605 1049 1641 1080 in

898 1097 1042 1127 tectorio
1059 1095 1170 1126 atrioli
1187 1096 1310 1136 possim
1325 1094 1507 1125 includere.

945 1140 1190 1180 Tyrotarz'chus.
1223 1139 1264 1169 ad
1279 1139 1356 1170 Div.
1372 1139 1416 1168 ix.
1436 1138 1485 1168 16.
1512 1136 1581 1167 Att.
1598 1136 1642 1167 iv.

899 1186 931 1221 8,
948 1184 1008 1214 &c.
1039 1193 1146 1223 genus
1164 1183 1228 1213 cibi
1247 1192 1264 1212 e
1282 1192 1378 1213 caseo
1400 1185 1436 1211 et
1458 1180 1641 1211 salsamen-

896 1227 954 1265 tis,
971 1231 1011 1258 ut
1025 1228 1152 1257 notatio
1175 1226 1266 1258 verbi
1289 1226 1403 1256 docet:
1428 1224 1486 1255 sed
1505 1223 1642 1254 aceede-

897 1271 980 1301 bant
1002 1271 1105 1302 etiam
1128 1270 1203 1301 aliae
1226 1279 1290 1307 τρε,
1309 1274 1347 1300 ut
1369 1268 1505 1308 Apicius
1528 1266 1645 1314 docet,

897 1314 987 1354 apud
1014 1324 1113 1355 quern
1140 1319 1192 1344 est
1217 1314 1302 1344 ratio
1326 1311 1459 1353 patellae
1485 1311 1642 1351 tyrotari-

896 1359 964 1389 clzoe
993 1358 1224 1394 conficiendae,
1251 1357 1291 1387 de
1323 1357 1396 1386 Art.
1428 1355 1569 1395 Coquin.
1595 1354 1638 1384 iv.

897 1404 928 1433 ΕΖ.
961 1411 1034 1440 quae
1057 1401 1147 1442 apud
1169 1401 1365 1432 Ciceronem
1389 1399 1504 1441 patina
1517 1401 1641 1438 tyrota-

895 1446 980 1476 rictu·
994 1445 1129 1476 dicitur.

1247 1577 1288 1608 V.

940 1662 1077 1695 liu-are.
1107 1663 1207 1694 Tusc.
1232 1664 1266 1695 ii.
1291 1663 1345 1695 26.
1376 1660 1636 1702 amplitudinem

894 1707 1197 1738 animi-omnium
1221 1717 1333 1738 rerum
1361 1705 1638 1747 pulcherrimam,

894 1759 999 1790 eoque
1022 1751 1263 1791 pulchriorem,
1278 1751 1306 1781 si
1322 1754 1413 1781 vacet
1435 1748 1576 1790 populo:
1601 1746 1637 1777 h.

894 1803 923 1824 e.
942 1799 981 1824 ut
998 1800 1074 1834 post
1089 1795 1184 1832 dicit,
1201 1795 1228 1825 si
1243 1795 1315 1825 sine
1332 1792 1457 1835 populo
1474 1796 1563 1822 teste
1585 1800 1638 1821 re-

893 1843 947 1867 ete
969 1838 1061 1876 facit,
1078 1848 1148 1870 non
1171 1839 1234 1869 hoc
1257 1839 1340 1879 agit,
1356 1842 1395 1868 ut
1418 1835 1542 1877 populo
1564 1833 1636 1876 pla-

893 1887 979 1911 ceat.

938 1925 1072 1956 Vacatio
1088 1927 1158 1966 ejus
1175 1930 1241 1963 est,
1257 1923 1315 1965 qui
1338 1935 1358 1968 a
1373 1931 1585 1964 quacumque
1601 1931 1638 1952 re

892 1969 1035 1999 molesta
1057 1975 1117 2000 aut
1140 1969 1308 2000 laboriosa-
1330 1967 1412 1999 liber
1435 1971 1498 1997 est.
1526 1975 1592 2004 res,
1617 1975 1638 1995 a

892 2022 958 2051 qua
988 2013 1060 2052 quis
1090 2013 1174 2044 liber
1196 2020 1260 2051 est,
1283 2012 1440 2052 adjicitur
1463 2009 1636 2040 interdum

891 2057 1107 2094 nominatim,
1134 2056 1304 2088 interdum
1331 2055 1510 2086 omittitur.
1549 2051 1636 2083 Phil.

891 2108 920 2129 v.
939 2103 987 2134 19.
1010 2102 1137 2131 vacatio
1152 2098 1293 2131 militiae.
1321 2099 1462 2130 Font.4.
1485 2097 1634 2138 pretium

890 2143 932 2173 ob
963 2146 1163 2175 vacationem
1196 2144 1327 2181 datum,
1357 2152 1414 2183 np.
1445 2151 1464 2171 a
1494 2148 1636 2184 munere

890 2187 951 2217 viae
975 2188 1117 2228 publicae
1141 2186 1344 2218 mimiendae.
1376 2186 1417 2216 ad
1440 2185 1518 2216 Div.
1540 2185 1584 2214 ix.
1601 2183 1634 2213 6.

890 2240 964 2269 quae
991 2232 1103 2263 studia
1129 2240 1327 2271 magnorum
1355 2229 1534 2260 hominum
1557 2235 1632 2258 sen·

888 2275 1011 2313 tentia,
1035 2277 1234 2307 vacationem
1258 2274 1386 2304 hahent
1408 2271 1534 2313 publici
1557 2279 1633 2301 mu-

889 2318 995 2348 neris:
1026 2318 1059 2350 h.
1083 2330 1112 2350 e.
1136 2321 1339 2361 potestatem
1370 2317 1501 2347 faciunt
1530 2324 1550 2345 a
1581 2323 1633 2344 re-

888 2361 979 2400 publ.
996 2363 1142 2402 gerenda
1165 2361 1366 2393 abstinendi.
1411 2359 1478 2390 Sed
1496 2367 1564 2389 non
1579 2367 1633 2388 so-

886 2404 957 2435 lum
975 2406 1143 2445 genitivus
1160 2407 1221 2444 rei,
1237 2415 1257 2436 a
1280 2414 1345 2445 qua
1366 2404 1440 2443 quis
1459 2402 1544 2434 liber
1564 2404 1631 2439 est,

886 2448 1056 2487 adjicitur,
1080 2460 1195 2481 verum
1220 2449 1324 2479 etiam
1347 2456 1470 2484 causae,
1493 2448 1632 2486 propter

886 2502 967 2531 quas
984 2493 1155 2524 liberatur.
1184 2492 1266 2523 Coel.
1286 2494 1335 2523 12.
1360 2490 1531 2522 severitati
1547 2492 1631 2525 tuae,

884 2541 924 2566 ut
940 2540 1085 2575 oportet,
1104 2536 1303 2577 respondere
1320 2544 1387 2565 non
1410 2533 1529 2564 audeo.
1558 2534 1632 2562 erat

884 2580 975 2610 enim
997 2590 1125 2618 meum,
1143 2579 1314 2621 deprecari
1329 2578 1528 2609 vacationem
1550 2574 1631 2606 πᾶσι

883 2621 1068 2663 lescentiae,
1101 2625 1301 2663 veniamque
1332 2627 1458 2663 petere.
1497 2630 1528 2650 v.
1555 2622 1626 2669 not.

882 2666 966 2696 Sull.
994 2669 1047 2699 26.
1084 2669 1212 2698 vacatio
1242 2675 1355 2697 rerum
1393 2670 1578 2705 gestarum.
1605 2672 1632 2692 ι.

881 2719 911 2740 e.
939 2711 981 2742 ob
1006 2721 1056 2742 res
1086 2715 1197 2751 gestas
1221 2710 1312 2741 data.
1351 2708 1433 2749 Leg.
1455 2708 1479 2739 i.
1503 2710 1536 2738 3.
1565 2714 1629 2746 ego·

880 2763 958 2784 vero
990 2755 1100 2786 aetatis
1137 2754 1250 2796 potius
1278 2752 1442 2784 vacationi
1479 2747 1630 2782 confide-

882 2797 972 2828 bam.

927 2841 1103 2873 lf'mzlare.
1142 2840 1184 2873 ad
1207 2840 1286 2873 Div.
1309 2839 1376 2871 xvi.
1403 2841 1455 2871 15.
1484 2833 1629 2880 epistola
