<?xml version="1.0" encoding="UTF-8"?>
<!DOCTYPE html PUBLIC "-//W3C//DTD XHTML 1.0 Transitional//EN"
    "http://www.w3.org/TR/xhtml1/DTD/xhtml1-transitional.dtd">
<html xmlns="http://www.w3.org/1999/xhtml" xml:lang="en" lang="en">
 <head>
  <title>
</title>
<meta http-equiv="Content-Type" content="text/html;charset=utf-8" />
  <meta name='ocr-system' content='tesseract 3.04.00' />
  <meta name='ocr-capabilities' content='ocr_page ocr_carea ocr_par ocr_line ocrx_word'/>
</head>
<body>
  <div class='ocr_page' id='page_1' title='image "./operaomnia05ciceuoft/operaomnia05ciceuoft_0282.png"; bbox 0 0 1800 3131; ppageno 0'>
   <div class='ocr_carea' id='block_1_1' title="bbox 129 184 883 2935">
    <p class='ocr_par' dir='ltr' id='par_1_1' title="bbox 131 184 883 957">
     <span class='ocr_line' id='line_1_1' title="bbox 147 184 881 228; baseline 0.003 -12.003"><span class='ocrx_word' id='word_1_1' title='bbox 147 187 182 216; x_wconf 80' lang='lat' dir='ltr'>iu</span> <span class='ocrx_word' id='word_1_2' title='bbox 211 185 310 217; x_wconf 83' lang='lat' dir='ltr'>rebus</span> <span class='ocrx_word' id='word_1_3' title='bbox 330 187 473 226; x_wconf 77' lang='lat' dir='ltr'>asperis:</span> <span class='ocrx_word' id='word_1_4' title='bbox 495 184 532 216; x_wconf 80' lang='lat' dir='ltr'>h.</span> <span class='ocrx_word' id='word_1_5' title='bbox 548 195 578 217; x_wconf 87' lang='lat' dir='ltr'>e.</span> <span class='ocrx_word' id='word_1_6' title='bbox 601 184 724 218; x_wconf 81' lang='lat' dir='ltr'>fortem</span> <span class='ocrx_word' id='word_1_7' title='bbox 746 196 782 218; x_wconf 85' lang='lat' dir='ltr'>se</span> <span class='ocrx_word' id='word_1_8' title='bbox 797 196 881 228; x_wconf 82' lang='lat' dir='ltr'>prae-</span> 
     </span>
     <span class='ocr_line' id='line_1_2' title="bbox 146 229 880 262; baseline 0.003 -2"><span class='ocrx_word' id='word_1_9' title='bbox 146 230 246 260; x_wconf 79' lang='lat' dir='ltr'>bere:</span> <span class='ocrx_word' id='word_1_10' title='bbox 270 229 432 260; x_wconf 80' lang='lat' dir='ltr'>fortitudo</span> <span class='ocrx_word' id='word_1_11' title='bbox 444 235 559 260; x_wconf 81' lang='lat' dir='ltr'>autem</span> <span class='ocrx_word' id='word_1_12' title='bbox 576 229 612 260; x_wconf 84' lang='lat' dir='ltr'>in</span> <span class='ocrx_word' id='word_1_13' title='bbox 628 230 724 261; x_wconf 87' lang='lat' dir='ltr'>rebus</span> <span class='ocrx_word' id='word_1_14' title='bbox 737 231 880 262; x_wconf 84' lang='lat' dir='ltr'>adversis</span> 
     </span>
     <span class='ocr_line' id='line_1_3' title="bbox 145 273 883 313; baseline 0.001 -9.001"><span class='ocrx_word' id='word_1_15' title='bbox 145 274 293 305; x_wconf 77' lang='lat' dir='ltr'>maxime</span> <span class='ocrx_word' id='word_1_16' title='bbox 315 274 413 304; x_wconf 83' lang='lat' dir='ltr'>decet</span> <span class='ocrx_word' id='word_1_17' title='bbox 437 283 574 313; x_wconf 80' lang='lat' dir='ltr'>magnos</span> <span class='ocrx_word' id='word_1_18' title='bbox 597 273 749 305; x_wconf 85' lang='lat' dir='ltr'>homines</span> <span class='ocrx_word' id='word_1_19' title='bbox 773 280 808 305; x_wconf 87' lang='lat' dir='ltr'>et</span> <span class='ocrx_word' id='word_1_20' title='bbox 829 285 883 305; x_wconf 83' lang='lat' dir='ltr'>sa-</span> 
     </span>
     <span class='ocr_line' id='line_1_4' title="bbox 143 317 878 358; baseline -0.001 -10"><span class='ocrx_word' id='word_1_21' title='bbox 143 317 287 358; x_wconf 74' lang='lat' dir='ltr'>pientes.</span> <span class='ocrx_word' id='word_1_22' title='bbox 313 317 384 347; x_wconf 82' lang='lat' dir='ltr'>lnv.</span> <span class='ocrx_word' id='word_1_23' title='bbox 400 318 434 348; x_wconf 83' lang='lat' dir='ltr'>ii.</span> <span class='ocrx_word' id='word_1_24' title='bbox 452 320 503 349; x_wconf 73' lang='lat'>53.</span> <span class='ocrx_word' id='word_1_25' title='bbox 520 317 658 355; x_wconf 83' lang='lat' dir='ltr'>justitia</span> <span class='ocrx_word' id='word_1_26' title='bbox 671 323 722 348; x_wconf 82' lang='lat' dir='ltr'>est</span> <span class='ocrx_word' id='word_1_27' title='bbox 730 317 878 356; x_wconf 85' lang='lat' dir='ltr'>habitus,</span> 
     </span>
     <span class='ocr_line' id='line_1_5' title="bbox 143 361 880 400; baseline -0.001 -8"><span class='ocrx_word' id='word_1_28' title='bbox 143 370 241 392; x_wconf 73' lang='lat' dir='ltr'>suam</span> <span class='ocrx_word' id='word_1_29' title='bbox 255 362 375 400; x_wconf 85' lang='lat' dir='ltr'>cuique</span> <span class='ocrx_word' id='word_1_30' title='bbox 390 362 541 392; x_wconf 88' lang='lat' dir='ltr'>tribuens</span> <span class='ocrx_word' id='word_1_31' title='bbox 556 362 761 400; x_wconf 74' lang='lat' dir='ltr'>dignitatem.</span> <span class='ocrx_word' id='word_1_32' title='bbox 777 361 880 399; x_wconf 86' lang='lat' dir='ltr'>Hinc,</span> 
     </span>
     <span class='ocr_line' id='line_1_6' title="bbox 145 404 880 446; baseline 0.001 -12"><span class='ocrx_word' id='word_1_33' title='bbox 145 405 306 444; x_wconf 80' lang='lat' dir='ltr'>quoniam</span> <span class='ocrx_word' id='word_1_34' title='bbox 331 410 412 445; x_wconf 80' lang='lat' dir='ltr'>apta</span> <span class='ocrx_word' id='word_1_35' title='bbox 445 409 481 436; x_wconf 89' lang='lat' dir='ltr'>et</span> <span class='ocrx_word' id='word_1_36' title='bbox 503 404 656 446; x_wconf 85' lang='lat' dir='ltr'>pulchra,</span> <span class='ocrx_word' id='word_1_37' title='bbox 687 414 794 444; x_wconf 83' lang='lat' dir='ltr'>neque</span> <span class='ocrx_word' id='word_1_38' title='bbox 828 411 880 435; x_wconf 87' lang='lat' dir='ltr'>ta-</span> 
     </span>
     <span class='ocr_line' id='line_1_7' title="bbox 145 449 879 488; baseline -0.001 -10"><span class='ocrx_word' id='word_1_39' title='bbox 145 457 225 478; x_wconf 87' lang='lat' dir='ltr'>men</span> <span class='ocrx_word' id='word_1_40' title='bbox 249 449 347 479; x_wconf 85' lang='lat' dir='ltr'>nimis</span> <span class='ocrx_word' id='word_1_41' title='bbox 377 452 518 479; x_wconf 79' lang='lat' dir='ltr'>venusta</span> <span class='ocrx_word' id='word_1_42' title='bbox 550 449 658 480; x_wconf 71' lang='lat' dir='ltr'>fornia</span> <span class='ocrx_word' id='word_1_43' title='bbox 685 452 721 478; x_wconf 84' lang='lat' dir='ltr'>et</span> <span class='ocrx_word' id='word_1_44' title='bbox 753 449 879 488; x_wconf 79' lang='lat' dir='ltr'>species</span> 
     </span>
     <span class='ocr_line' id='line_1_8' title="bbox 143 491 877 532; baseline -0.001 -10"><span class='ocrx_word' id='word_1_45' title='bbox 143 491 244 522; x_wconf 82' lang='lat' dir='ltr'>decet</span> <span class='ocrx_word' id='word_1_46' title='bbox 273 492 371 530; x_wconf 80' lang='lat' dir='ltr'>viros,</span> <span class='ocrx_word' id='word_1_47' title='bbox 401 496 577 532; x_wconf 84' lang='lat' dir='ltr'>propterea</span> <span class='ocrx_word' id='word_1_48' title='bbox 606 493 751 531; x_wconf 69' lang='lat' dir='ltr'>dignitas</span> <span class='ocrx_word' id='word_1_49' title='bbox 774 491 877 521; x_wconf 70' lang='lat' dir='ltr'>etiam</span> 
     </span>
     <span class='ocr_line' id='line_1_9' title="bbox 145 534 876 576; baseline 0.001 -12"><span class='ocrx_word' id='word_1_50' title='bbox 145 535 187 564; x_wconf 89' lang='lat' dir='ltr'>de</span> <span class='ocrx_word' id='word_1_51' title='bbox 223 535 471 576; x_wconf 81' lang='lat' dir='ltr'>pulchritudine</span> <span class='ocrx_word' id='word_1_52' title='bbox 505 537 574 566; x_wconf 83' lang='lat' dir='ltr'>viro</span> <span class='ocrx_word' id='word_1_53' title='bbox 605 535 711 574; x_wconf 79' lang='lat' dir='ltr'>digna.</span> <span class='ocrx_word' id='word_1_54' title='bbox 742 534 876 565; x_wconf 85' lang='lat' dir='ltr'>dicitur.</span> 
     </span>
     <span class='ocr_line' id='line_1_10' title="bbox 142 578 878 617; baseline -0.004 -8"><span class='ocrx_word' id='word_1_55' title='bbox 142 578 255 610; x_wconf 73' lang='lat' dir='ltr'>offii.</span> <span class='ocrx_word' id='word_1_56' title='bbox 279 583 331 611; x_wconf 86' lang='lat'>30.</span> <span class='ocrx_word' id='word_1_57' title='bbox 355 581 389 610; x_wconf 90' lang='lat' dir='ltr'>in</span> <span class='ocrx_word' id='word_1_58' title='bbox 414 579 520 609; x_wconf 78' lang='lat' dir='ltr'>somna</span> <span class='ocrx_word' id='word_1_59' title='bbox 550 580 695 617; x_wconf 68' lang='lat' dir='ltr'>dignitas</span> <span class='ocrx_word' id='word_1_60' title='bbox 717 583 753 607; x_wconf 87' lang='lat' dir='ltr'>et</span> <span class='ocrx_word' id='word_1_61' title='bbox 774 587 878 607; x_wconf 87' lang='lat' dir='ltr'>venu-</span> 
     </span>
     <span class='ocr_line' id='line_1_11' title="bbox 144 620 876 660; baseline -0.003 -7"><span class='ocrx_word' id='word_1_62' title='bbox 144 627 226 653; x_wconf 82' lang='lat' dir='ltr'>stas.</span> <span class='ocrx_word' id='word_1_63' title='bbox 249 623 291 653; x_wconf 80' lang='lat' dir='ltr'>cf.</span> <span class='ocrx_word' id='word_1_64' title='bbox 315 623 447 653; x_wconf 80' lang='lat' dir='ltr'>Invent.</span> <span class='ocrx_word' id='word_1_65' title='bbox 473 623 505 652; x_wconf 87' lang='lat' dir='ltr'>ii.</span> <span class='ocrx_word' id='word_1_66' title='bbox 526 626 553 652; x_wconf 91' lang='lat'>1.</span> <span class='ocrx_word' id='word_1_67' title='bbox 579 632 685 660; x_wconf 85' lang='lat' dir='ltr'>neque</span> <span class='ocrx_word' id='word_1_68' title='bbox 709 620 818 651; x_wconf 88' lang='lat' dir='ltr'>solum</span> <span class='ocrx_word' id='word_1_69' title='bbox 835 621 876 651; x_wconf 91' lang='lat' dir='ltr'>de</span> 
     </span>
     <span class='ocr_line' id='line_1_12' title="bbox 142 665 877 706; baseline -0.003 -10"><span class='ocrx_word' id='word_1_70' title='bbox 142 666 395 706; x_wconf 81' lang='lat' dir='ltr'>pulchritudine</span> <span class='ocrx_word' id='word_1_71' title='bbox 417 666 533 696; x_wconf 82' lang='lat' dir='ltr'>formae</span> <span class='ocrx_word' id='word_1_72' title='bbox 557 665 727 702; x_wconf 84' lang='lat' dir='ltr'>humanae,</span> <span class='ocrx_word' id='word_1_73' title='bbox 751 665 810 695; x_wconf 88' lang='lat' dir='ltr'>sed</span> <span class='ocrx_word' id='word_1_74' title='bbox 842 675 877 694; x_wconf 89' lang='lat' dir='ltr'>e-</span> 
     </span>
     <span class='ocr_line' id='line_1_13' title="bbox 140 708 875 741; baseline -0.004 0"><span class='ocrx_word' id='word_1_75' title='bbox 140 710 228 740; x_wconf 80' lang='lat' dir='ltr'>tiam</span> <span class='ocrx_word' id='word_1_76' title='bbox 259 710 399 741; x_wconf 74' lang='lat' dir='ltr'>aliarum</span> <span class='ocrx_word' id='word_1_77' title='bbox 424 719 547 739; x_wconf 84' lang='lat' dir='ltr'>rerum.</span> <span class='ocrx_word' id='word_1_78' title='bbox 571 709 629 739; x_wconf 84' lang='lat' dir='ltr'>Or.</span> <span class='ocrx_word' id='word_1_79' title='bbox 654 709 675 739; x_wconf 91' lang='lat' dir='ltr'>i.</span> <span class='ocrx_word' id='word_1_80' title='bbox 700 711 753 739; x_wconf 87' lang='grc'>31.</span> <span class='ocrx_word' id='word_1_81' title='bbox 777 708 817 738; x_wconf 86' lang='lat' dir='ltr'>de</span> <span class='ocrx_word' id='word_1_82' title='bbox 841 718 875 738; x_wconf 95' lang='lat'>0-</span> 
     </span>
     <span class='ocr_line' id='line_1_14' title="bbox 142 752 877 792; baseline -0.004 -8"><span class='ocrx_word' id='word_1_83' title='bbox 142 758 276 784; x_wconf 77' lang='lat' dir='ltr'>ratore:</span> <span class='ocrx_word' id='word_1_84' title='bbox 305 763 402 792; x_wconf 75' lang='lat' dir='ltr'>agere</span> <span class='ocrx_word' id='word_1_85' title='bbox 427 763 504 782; x_wconf 79' lang='lat' dir='ltr'>cuin</span> <span class='ocrx_word' id='word_1_86' title='bbox 527 752 691 791; x_wconf 73' lang='lat' dir='ltr'>dignitate</span> <span class='ocrx_word' id='word_1_87' title='bbox 713 757 749 781; x_wconf 87' lang='lat' dir='ltr'>et</span> <span class='ocrx_word' id='word_1_88' title='bbox 770 762 877 782; x_wconf 81' lang='lat' dir='ltr'>venu-</span> 
     </span>
     <span class='ocr_line' id='line_1_15' title="bbox 131 793 875 838; baseline -0.003 -11"><span class='ocrx_word' id='word_1_89' title='bbox 131 800 239 827; x_wconf 63' lang='lat' dir='ltr'>mtate.</span> <span class='ocrx_word' id='word_1_90' title='bbox 266 797 379 836; x_wconf 77' lang='lat' dir='ltr'>Ipsum</span> <span class='ocrx_word' id='word_1_91' title='bbox 398 796 540 834; x_wconf 84' lang='lat' dir='ltr'>denique</span> <span class='ocrx_word' id='word_1_92' title='bbox 556 794 675 838; x_wconf 61' lang='lat' dir='ltr'>vei-rou,</span> <span class='ocrx_word' id='word_1_93' title='bbox 691 793 762 829; x_wconf 65' lang='grc' dir='ltr'>ἦθος</span> <span class='ocrx_word' id='word_1_94' title='bbox 786 796 875 835; x_wconf 81' lang='lat' dir='ltr'>quod</span> 
     </span>
     <span class='ocr_line' id='line_1_16' title="bbox 141 839 874 878; baseline -0.003 -7"><span class='ocrx_word' id='word_1_95' title='bbox 141 840 290 871; x_wconf 79' lang='lat' dir='ltr'>rhetores</span> <span class='ocrx_word' id='word_1_96' title='bbox 315 840 444 877; x_wconf 76' lang='lat' dir='ltr'>dieunt,</span> <span class='ocrx_word' id='word_1_97' title='bbox 467 840 614 878; x_wconf 78' lang='lat' dir='ltr'>dignitas</span> <span class='ocrx_word' id='word_1_98' title='bbox 645 843 794 870; x_wconf 86' lang='lat' dir='ltr'>vocatur.</span> <span class='ocrx_word' id='word_1_99' title='bbox 819 839 874 869; x_wconf 73' lang='lat' dir='ltr'>In·</span> 
     </span>
     <span class='ocr_line' id='line_1_17' title="bbox 138 883 873 924; baseline 0 -11"><span class='ocrx_word' id='word_1_100' title='bbox 138 889 230 914; x_wconf 61' lang='lat' dir='ltr'>vent.</span> <span class='ocrx_word' id='word_1_101' title='bbox 246 885 267 914; x_wconf 87' lang='lat' dir='ltr'>i.</span> <span class='ocrx_word' id='word_1_102' title='bbox 283 885 336 915; x_wconf 76' lang='lat'>21.</span> <span class='ocrx_word' id='word_1_103' title='bbox 359 893 578 924; x_wconf 84' lang='lat' dir='ltr'>personarum</span> <span class='ocrx_word' id='word_1_104' title='bbox 603 883 780 923; x_wconf 77' lang='lat' dir='ltr'><em>dignitates</em></span> <span class='ocrx_word' id='word_1_105' title='bbox 805 893 873 913; x_wconf 86' lang='lat' dir='ltr'>scr-</span> 
     </span>
     <span class='ocr_line' id='line_1_18' title="bbox 138 935 229 957; baseline 0.011 -1"><span class='ocrx_word' id='word_1_106' title='bbox 138 935 229 957; x_wconf 69' lang='lat' dir='ltr'>vare.</span> 
     </span>
    </p>

    <p class='ocr_par' dir='ltr' id='par_1_2' title="bbox 134 967 873 1965">
     <span class='ocr_line' id='line_1_19' title="bbox 184 967 871 1010; baseline -0.003 -8"><span class='ocrx_word' id='word_1_107' title='bbox 184 970 332 1010; x_wconf 72' lang='lat' dir='ltr'>Dignus.</span> <span class='ocrx_word' id='word_1_108' title='bbox 357 969 442 1000; x_wconf 81' lang='lat' dir='ltr'>Phil.</span> <span class='ocrx_word' id='word_1_109' title='bbox 466 970 512 1000; x_wconf 85' lang='lat' dir='ltr'>iii.</span> <span class='ocrx_word' id='word_1_110' title='bbox 535 974 565 1004; x_wconf 85' lang='lat'>9.</span> <span class='ocrx_word' id='word_1_111' title='bbox 600 979 641 1000; x_wconf 74' lang='lat' dir='ltr'>ex</span> <span class='ocrx_word' id='word_1_112' title='bbox 675 969 785 1000; x_wconf 89' lang='lat' dir='ltr'>edicto</span> <span class='ocrx_word' id='word_1_113' title='bbox 823 967 871 1000; x_wconf 87' lang='lat' dir='ltr'>M.</span> 
     </span>
     <span class='ocr_line' id='line_1_20' title="bbox 139 1013 870 1052; baseline -0.003 -8"><span class='ocrx_word' id='word_1_114' title='bbox 139 1013 300 1045; x_wconf 84' lang='lat' dir='ltr'><strong>Antonii:</strong></span> <span class='ocrx_word' id='word_1_115' title='bbox 324 1013 429 1044; x_wconf 86' lang='lat' dir='ltr'>Nulla</span> <span class='ocrx_word' id='word_1_116' title='bbox 451 1014 658 1043; x_wconf 83' lang='lat' dir='ltr'>contumelia</span> <span class='ocrx_word' id='word_1_117' title='bbox 681 1019 744 1050; x_wconf 85' lang='lat' dir='ltr'>est,</span> <span class='ocrx_word' id='word_1_118' title='bbox 770 1023 870 1052; x_wconf 83' lang='lat' dir='ltr'>quam</span> 
     </span>
     <span class='ocr_line' id='line_1_21' title="bbox 139 1056 873 1096; baseline -0.003 -8"><span class='ocrx_word' id='word_1_119' title='bbox 139 1058 224 1088; x_wconf 83' lang='lat' dir='ltr'>facit</span> <span class='ocrx_word' id='word_1_120' title='bbox 245 1059 377 1096; x_wconf 76' lang='lat' dir='ltr'>dignus.</span> <span class='ocrx_word' id='word_1_121' title='bbox 424 1056 525 1087; x_wconf 87' lang='lat' dir='ltr'>Hunc</span> <span class='ocrx_word' id='word_1_122' title='bbox 548 1056 674 1094; x_wconf 86' lang='lat' dir='ltr'>locum,</span> <span class='ocrx_word' id='word_1_123' title='bbox 699 1057 741 1086; x_wconf 89' lang='lat' dir='ltr'>ab</span> <span class='ocrx_word' id='word_1_124' title='bbox 763 1057 873 1086; x_wconf 87' lang='lat' dir='ltr'>omni-</span> 
     </span>
     <span class='ocr_line' id='line_1_22' title="bbox 139 1101 872 1141; baseline -0.003 -9"><span class='ocrx_word' id='word_1_125' title='bbox 139 1101 202 1132; x_wconf 85' lang='lat' dir='ltr'>bus</span> <span class='ocrx_word' id='word_1_126' title='bbox 233 1101 320 1131; x_wconf 86' lang='lat' dir='ltr'>male</span> <span class='ocrx_word' id='word_1_127' title='bbox 351 1101 578 1138; x_wconf 69' lang='lat' dir='ltr'>intellectum,</span> <span class='ocrx_word' id='word_1_128' title='bbox 612 1101 740 1141; x_wconf 87' lang='lat' dir='ltr'>primus</span> <span class='ocrx_word' id='word_1_129' title='bbox 779 1110 872 1139; x_wconf 80' lang='lat' dir='ltr'>egre-</span> 
     </span>
     <span class='ocr_line' id='line_1_23' title="bbox 139 1144 872 1185; baseline -0.001 -10"><span class='ocrx_word' id='word_1_130' title='bbox 139 1146 194 1184; x_wconf 84' lang='lat' dir='ltr'>gie</span> <span class='ocrx_word' id='word_1_131' title='bbox 217 1145 396 1185; x_wconf 82' lang='lat' dir='ltr'>explicavit</span> <span class='ocrx_word' id='word_1_132' title='bbox 424 1144 457 1175; x_wconf 84' lang='lat' dir='ltr'>J.</span> <span class='ocrx_word' id='word_1_133' title='bbox 483 1145 534 1176; x_wconf 84' lang='lat' dir='ltr'>Fr.</span> <span class='ocrx_word' id='word_1_134' title='bbox 558 1144 701 1174; x_wconf 86' lang='lat' dir='ltr'>Gronov.</span> <span class='ocrx_word' id='word_1_135' title='bbox 725 1154 872 1174; x_wconf 82' lang='lat' dir='ltr'>comme-</span> 
     </span>
     <span class='ocr_line' id='line_1_24' title="bbox 136 1187 870 1229; baseline -0.004 -9"><span class='ocrx_word' id='word_1_136' title='bbox 136 1189 276 1220; x_wconf 88' lang='lat' dir='ltr'>moratis</span> <span class='ocrx_word' id='word_1_137' title='bbox 290 1189 500 1229; x_wconf 79' lang='lat' dir='ltr'>superiorum</span> <span class='ocrx_word' id='word_1_138' title='bbox 517 1189 704 1219; x_wconf 77' lang='lat' dir='ltr'>sententiis.</span> <span class='ocrx_word' id='word_1_139' title='bbox 729 1187 870 1218; x_wconf 87' lang='lat' dir='ltr'>Observ.</span> 
     </span>
     <span class='ocr_line' id='line_1_25' title="bbox 139 1231 871 1272; baseline -0.003 -9"><span class='ocrx_word' id='word_1_140' title='bbox 139 1233 189 1263; x_wconf 88' lang='lat' dir='ltr'>iii.</span> <span class='ocrx_word' id='word_1_141' title='bbox 213 1236 244 1264; x_wconf 81' lang='lat'>8.</span> <span class='ocrx_word' id='word_1_142' title='bbox 270 1233 326 1263; x_wconf 89' lang='lat' dir='ltr'>ubi</span> <span class='ocrx_word' id='word_1_143' title='bbox 349 1233 511 1269; x_wconf 85' lang='lat' dir='ltr'>ostendit,</span> <span class='ocrx_word' id='word_1_144' title='bbox 527 1232 666 1272; x_wconf 79' lang='lat' dir='ltr'>dignum</span> <span class='ocrx_word' id='word_1_145' title='bbox 689 1241 760 1262; x_wconf 87' lang='lat' dir='ltr'>esse</span> <span class='ocrx_word' id='word_1_146' title='bbox 784 1231 816 1261; x_wconf 93' lang='lat' dir='ltr'>h.</span> <span class='ocrx_word' id='word_1_147' title='bbox 849 1231 871 1262; x_wconf 87' lang='lat' dir='ltr'>l.</span> 
     </span>
     <span class='ocr_line' id='line_1_26' title="bbox 138 1275 873 1316; baseline -0.003 -9"><span class='ocrx_word' id='word_1_148' title='bbox 138 1277 196 1316; x_wconf 88' lang='lat' dir='ltr'>qui</span> <span class='ocrx_word' id='word_1_149' title='bbox 224 1277 303 1316; x_wconf 86' lang='lat' dir='ltr'>jure</span> <span class='ocrx_word' id='word_1_150' title='bbox 337 1281 373 1306; x_wconf 88' lang='lat' dir='ltr'>et</span> <span class='ocrx_word' id='word_1_151' title='bbox 406 1277 528 1307; x_wconf 80' lang='lat' dir='ltr'>merito</span> <span class='ocrx_word' id='word_1_152' title='bbox 550 1279 586 1306; x_wconf 85' lang='lat' dir='ltr'>et</span> <span class='ocrx_word' id='word_1_153' title='bbox 607 1277 678 1306; x_wconf 86' lang='lat' dir='ltr'>sine</span> <span class='ocrx_word' id='word_1_154' title='bbox 701 1275 801 1316; x_wconf 86' lang='lat' dir='ltr'>culpa</span> <span class='ocrx_word' id='word_1_155' title='bbox 822 1275 873 1305; x_wconf 81' lang='lat' dir='ltr'>fa-</span> 
     </span>
     <span class='ocr_line' id='line_1_27' title="bbox 137 1320 872 1359; baseline -0.001 -9"><span class='ocrx_word' id='word_1_156' title='bbox 137 1320 219 1357; x_wconf 83' lang='lat' dir='ltr'>ciat,</span> <span class='ocrx_word' id='word_1_157' title='bbox 242 1321 300 1359; x_wconf 87' lang='lat' dir='ltr'>qui</span> <span class='ocrx_word' id='word_1_158' title='bbox 323 1320 442 1351; x_wconf 81' lang='lat' dir='ltr'>debeat</span> <span class='ocrx_word' id='word_1_159' title='bbox 464 1320 586 1358; x_wconf 79' lang='lat' dir='ltr'>faeere,</span> <span class='ocrx_word' id='word_1_160' title='bbox 609 1329 669 1350; x_wconf 87' lang='lat' dir='ltr'>seu</span> <span class='ocrx_word' id='word_1_161' title='bbox 686 1320 778 1359; x_wconf 84' lang='lat' dir='ltr'>jure,</span> <span class='ocrx_word' id='word_1_162' title='bbox 811 1328 872 1349; x_wconf 86' lang='lat' dir='ltr'>seu</span> 
     </span>
     <span class='ocr_line' id='line_1_28' title="bbox 138 1364 871 1402; baseline -0.003 -8"><span class='ocrx_word' id='word_1_163' title='bbox 138 1364 301 1402; x_wconf 82' lang='lat' dir='ltr'>irritatus,</span> <span class='ocrx_word' id='word_1_164' title='bbox 315 1374 375 1394; x_wconf 84' lang='lat' dir='ltr'>seu</span> <span class='ocrx_word' id='word_1_165' title='bbox 395 1365 436 1394; x_wconf 89' lang='lat' dir='ltr'>ob</span> <span class='ocrx_word' id='word_1_166' title='bbox 461 1373 568 1394; x_wconf 84' lang='lat' dir='ltr'>mores</span> <span class='ocrx_word' id='word_1_167' title='bbox 590 1368 700 1401; x_wconf 81' lang='lat' dir='ltr'>notos,</span> <span class='ocrx_word' id='word_1_168' title='bbox 715 1372 774 1393; x_wconf 83' lang='lat' dir='ltr'>seu</span> <span class='ocrx_word' id='word_1_169' title='bbox 791 1372 871 1402; x_wconf 89' lang='lat' dir='ltr'>qua-</span> 
     </span>
     <span class='ocr_line' id='line_1_29' title="bbox 137 1406 872 1447; baseline -0.003 -9"><span class='ocrx_word' id='word_1_170' title='bbox 137 1418 282 1447; x_wconf 84' lang='lat' dir='ltr'>cumque</span> <span class='ocrx_word' id='word_1_171' title='bbox 307 1408 346 1438; x_wconf 86' lang='lat' dir='ltr'>de</span> <span class='ocrx_word' id='word_1_172' title='bbox 370 1418 483 1446; x_wconf 86' lang='lat' dir='ltr'>eausa,</span> <span class='ocrx_word' id='word_1_173' title='bbox 507 1407 595 1446; x_wconf 91' lang='lat' dir='ltr'>quod</span> <span class='ocrx_word' id='word_1_174' title='bbox 624 1407 652 1438; x_wconf 85' lang='lat' dir='ltr'>si</span> <span class='ocrx_word' id='word_1_175' title='bbox 675 1407 759 1437; x_wconf 91' lang='lat' dir='ltr'>alius</span> <span class='ocrx_word' id='word_1_176' title='bbox 783 1406 872 1437; x_wconf 85' lang='lat' dir='ltr'>face-</span> 
     </span>
     <span class='ocr_line' id='line_1_30' title="bbox 137 1450 871 1492; baseline -0.001 -11"><span class='ocrx_word' id='word_1_177' title='bbox 137 1455 201 1489; x_wconf 86' lang='lat' dir='ltr'>ret,</span> <span class='ocrx_word' id='word_1_178' title='bbox 226 1451 433 1482; x_wconf 83' lang='lat' dir='ltr'>contumclia</span> <span class='ocrx_word' id='word_1_179' title='bbox 462 1454 648 1492; x_wconf 85' lang='lat' dir='ltr'>putaretur.</span> <span class='ocrx_word' id='word_1_180' title='bbox 678 1451 698 1470; x_wconf 45' lang='grc' dir='ltr'>’ἕ</span> <span class='ocrx_word' id='word_1_181' title='bbox 714 1450 756 1481; x_wconf 86' lang='lat' dir='ltr'>ad</span> <span class='ocrx_word' id='word_1_182' title='bbox 793 1450 871 1481; x_wconf 93' lang='lat' dir='ltr'>Div.</span> 
     </span>
     <span class='ocr_line' id='line_1_31' title="bbox 136 1495 871 1534; baseline -0.001 -9"><span class='ocrx_word' id='word_1_183' title='bbox 136 1496 181 1526; x_wconf 85' lang='lat' dir='ltr'>xi.</span> <span class='ocrx_word' id='word_1_184' title='bbox 205 1498 236 1526; x_wconf 79' lang='grc'>3.</span> <span class='ocrx_word' id='word_1_185' title='bbox 261 1495 367 1525; x_wconf 73' lang='lat' dir='ltr'>literae</span> <span class='ocrx_word' id='word_1_186' title='bbox 391 1505 457 1526; x_wconf 89' lang='lat' dir='ltr'>non</span> <span class='ocrx_word' id='word_1_187' title='bbox 480 1495 689 1534; x_wconf 75' lang='lat' dir='ltr'>dignoe‚quae</span> <span class='ocrx_word' id='word_1_188' title='bbox 712 1504 731 1525; x_wconf 86' lang='lat' dir='ltr'>a</span> <span class='ocrx_word' id='word_1_189' title='bbox 753 1498 787 1524; x_wconf 88' lang='lat' dir='ltr'>te</span> <span class='ocrx_word' id='word_1_190' title='bbox 812 1503 871 1524; x_wconf 89' lang='lat' dir='ltr'>no-</span> 
     </span>
     <span class='ocr_line' id='line_1_32' title="bbox 137 1535 870 1577; baseline -0.003 -8"><span class='ocrx_word' id='word_1_191' title='bbox 137 1539 187 1569; x_wconf 81' lang='lat' dir='ltr'>bis</span> <span class='ocrx_word' id='word_1_192' title='bbox 213 1540 450 1570; x_wconf 68' lang='lat' dir='ltr'>mitterentur:</span> <span class='ocrx_word' id='word_1_193' title='bbox 474 1539 508 1569; x_wconf 87' lang='lat' dir='ltr'>h.</span> <span class='ocrx_word' id='word_1_194' title='bbox 532 1549 561 1569; x_wconf 83' lang='lat' dir='ltr'>e.</span> <span class='ocrx_word' id='word_1_195' title='bbox 584 1548 727 1577; x_wconf 86' lang='lat' dir='ltr'>quarum</span> <span class='ocrx_word' id='word_1_196' title='bbox 749 1535 870 1568; x_wconf 78' lang='lat' dir='ltr'>contu-</span> 
     </span>
     <span class='ocr_line' id='line_1_33' title="bbox 137 1582 869 1622; baseline -0.003 -10"><span class='ocrx_word' id='word_1_197' title='bbox 137 1582 246 1613; x_wconf 84' lang='lat' dir='ltr'>meliis</span> <span class='ocrx_word' id='word_1_198' title='bbox 270 1582 400 1622; x_wconf 78' lang='lat' dir='ltr'>indigni</span> <span class='ocrx_word' id='word_1_199' title='bbox 423 1592 550 1613; x_wconf 83' lang='lat' dir='ltr'>sumus.</span> <span class='ocrx_word' id='word_1_200' title='bbox 573 1582 593 1601; x_wconf 64' lang='lat'>¹*</span> <span class='ocrx_word' id='word_1_201' title='bbox 610 1592 688 1612; x_wconf 90' lang='lat' dir='ltr'>cum</span> <span class='ocrx_word' id='word_1_202' title='bbox 711 1582 869 1621; x_wconf 83' lang='lat' dir='ltr'>genitivo.</span> 
     </span>
     <span class='ocr_line' id='line_1_34' title="bbox 135 1626 869 1666; baseline -0.001 -10"><span class='ocrx_word' id='word_1_203' title='bbox 135 1626 208 1657; x_wconf 80' lang='lat' dir='ltr'>Att.</span> <span class='ocrx_word' id='word_1_204' title='bbox 231 1626 299 1656; x_wconf 85' lang='lat' dir='ltr'>viii.</span> <span class='ocrx_word' id='word_1_205' title='bbox 334 1629 382 1657; x_wconf 76' lang='lat'>15.</span> <span class='ocrx_word' id='word_1_206' title='bbox 411 1626 558 1656; x_wconf 78' lang='lat' dir='ltr'>Balbus:</span> <span class='ocrx_word' id='word_1_207' title='bbox 592 1626 722 1666; x_wconf 80' lang='lat' dir='ltr'>suscipe</span> <span class='ocrx_word' id='word_1_208' title='bbox 754 1635 869 1656; x_wconf 79' lang='lat' dir='ltr'>curam</span> 
     </span>
     <span class='ocr_line' id='line_1_35' title="bbox 137 1669 869 1709; baseline -0.001 -10"><span class='ocrx_word' id='word_1_209' title='bbox 137 1675 173 1700; x_wconf 92' lang='lat' dir='ltr'>et</span> <span class='ocrx_word' id='word_1_210' title='bbox 197 1670 439 1709; x_wconf 74' lang='lat' dir='ltr'>cogitationem</span> <span class='ocrx_word' id='word_1_211' title='bbox 460 1671 690 1709; x_wconf 73' lang='lat' dir='ltr'>dignissimam</span> <span class='ocrx_word' id='word_1_212' title='bbox 709 1676 779 1699; x_wconf 79' lang='lat' dir='ltr'>tuae</span> <span class='ocrx_word' id='word_1_213' title='bbox 805 1669 869 1698; x_wconf 87' lang='lat' dir='ltr'>vir-</span> 
     </span>
     <span class='ocr_line' id='line_1_36' title="bbox 134 1711 870 1754; baseline -0.004 -10"><span class='ocrx_word' id='word_1_214' title='bbox 134 1714 232 1744; x_wconf 78' lang='lat' dir='ltr'>tutis.</span> <span class='ocrx_word' id='word_1_215' title='bbox 274 1713 366 1744; x_wconf 82' lang='lat' dir='ltr'>Balb.</span> <span class='ocrx_word' id='word_1_216' title='bbox 391 1715 421 1744; x_wconf 70' lang='grc' dir='ltr'>Ξ).</span> <span class='ocrx_word' id='word_1_217' title='bbox 462 1725 521 1754; x_wconf 84' lang='lat' dir='ltr'>pro</span> <span class='ocrx_word' id='word_1_218' title='bbox 558 1711 800 1753; x_wconf 65' lang='lat' dir='ltr'>dignum‘reQ</span> <span class='ocrx_word' id='word_1_219' title='bbox 834 1713 870 1742; x_wconf 88' lang='lat' dir='ltr'>in</span> 
     </span>
     <span class='ocr_line' id='line_1_37' title="bbox 136 1756 872 1796; baseline -0.001 -9"><span class='ocrx_word' id='word_1_220' title='bbox 136 1757 217 1787; x_wconf 87' lang='lat' dir='ltr'>Cod.</span> <span class='ocrx_word' id='word_1_221' title='bbox 234 1757 363 1788; x_wconf 85' lang='lat' dir='ltr'>Erford.</span> <span class='ocrx_word' id='word_1_222' title='bbox 384 1761 459 1788; x_wconf 87' lang='lat' dir='ltr'>erat</span> <span class='ocrx_word' id='word_1_223' title='bbox 480 1758 619 1796; x_wconf 68' lang='lat' dir='ltr'>dig-num</span> <span class='ocrx_word' id='word_1_224' title='bbox 641 1757 701 1788; x_wconf 86' lang='lat' dir='ltr'>rei.</span> <span class='ocrx_word' id='word_1_225' title='bbox 725 1756 872 1796; x_wconf 62' lang='lat' dir='ltr'>Han-usp.</span> 
     </span>
     <span class='ocr_line' id='line_1_38' title="bbox 136 1800 868 1841; baseline -0.004 -9"><span class='ocrx_word' id='word_1_226' title='bbox 136 1800 236 1841; x_wconf 83' lang='lat' dir='ltr'>Resp.</span> <span class='ocrx_word' id='word_1_227' title='bbox 268 1803 320 1832; x_wconf 72' lang='lat'>24.</span> <span class='ocrx_word' id='word_1_228' title='bbox 346 1811 451 1831; x_wconf 80' lang='lat' dir='ltr'>unuin</span> <span class='ocrx_word' id='word_1_229' title='bbox 475 1811 546 1831; x_wconf 87' lang='lat' dir='ltr'>esse</span> <span class='ocrx_word' id='word_1_230' title='bbox 570 1801 605 1830; x_wconf 84' lang='lat' dir='ltr'>in</span> <span class='ocrx_word' id='word_1_231' title='bbox 637 1800 702 1831; x_wconf 84' lang='lat' dir='ltr'>hae</span> <span class='ocrx_word' id='word_1_232' title='bbox 733 1801 868 1830; x_wconf 82' lang='lat' dir='ltr'>civitate</span> 
     </span>
     <span class='ocr_line' id='line_1_39' title="bbox 134 1844 869 1885; baseline -0.001 -11"><span class='ocrx_word' id='word_1_233' title='bbox 134 1845 277 1883; x_wconf 75' lang='lat' dir='ltr'>dignum</span> <span class='ocrx_word' id='word_1_234' title='bbox 300 1844 398 1884; x_wconf 80' lang='lat' dir='ltr'>hujus</span> <span class='ocrx_word' id='word_1_235' title='bbox 421 1845 577 1885; x_wconf 76' lang='lat' dir='ltr'>imperii;</span> <span class='ocrx_word' id='word_1_236' title='bbox 600 1845 659 1875; x_wconf 86' lang='lat' dir='ltr'>ubi</span> <span class='ocrx_word' id='word_1_237' title='bbox 681 1844 745 1874; x_wconf 85' lang='lat' dir='ltr'>vid.</span> <span class='ocrx_word' id='word_1_238' title='bbox 762 1844 869 1874; x_wconf 75' lang='lat' dir='ltr'>Graev.</span> 
     </span>
     <span class='ocr_line' id='line_1_40' title="bbox 136 1888 871 1929; baseline 0 -11"><span class='ocrx_word' id='word_1_239' title='bbox 136 1889 225 1919; x_wconf 83' lang='lat' dir='ltr'>eonf.</span> <span class='ocrx_word' id='word_1_240' title='bbox 248 1889 347 1929; x_wconf 80' lang='lat' dir='ltr'>impr.</span> <span class='ocrx_word' id='word_1_241' title='bbox 370 1889 487 1919; x_wconf 81' lang='lat' dir='ltr'>Heius.</span> <span class='ocrx_word' id='word_1_242' title='bbox 511 1889 554 1919; x_wconf 88' lang='lat' dir='ltr'>ad</span> <span class='ocrx_word' id='word_1_243' title='bbox 575 1888 670 1919; x_wconf 86' lang='lat' dir='ltr'>Ovid.</span> <span class='ocrx_word' id='word_1_244' title='bbox 699 1888 802 1919; x_wconf 85' lang='lat' dir='ltr'>Trist.</span> <span class='ocrx_word' id='word_1_245' title='bbox 826 1888 871 1918; x_wconf 84' lang='lat' dir='ltr'>iv.</span> 
     </span>
     <span class='ocr_line' id='line_1_41' title="bbox 136 1935 237 1965; baseline -0.03 0"><span class='ocrx_word' id='word_1_246' title='bbox 136 1935 167 1965; x_wconf 85' lang='lat'>3.</span> <span class='ocrx_word' id='word_1_247' title='bbox 186 1935 237 1965; x_wconf 81' lang='lat'>57.</span> 
     </span>
    </p>

    <p class='ocr_par' dir='ltr' id='par_1_3' title="bbox 129 1974 870 2623">
     <span class='ocr_line' id='line_1_42' title="bbox 179 1974 869 2016; baseline -0.003 -10"><span class='ocrx_word' id='word_1_248' title='bbox 179 1975 337 2015; x_wconf 63' lang='lat' dir='ltr'>Digwedz‘,</span> <span class='ocrx_word' id='word_1_249' title='bbox 360 1976 542 2016; x_wconf 78' lang='lat' dir='ltr'>opponitur</span> <span class='ocrx_word' id='word_1_250' title='bbox 564 1976 608 2015; x_wconf 62' lang='grc' dir='ltr'>τῷ·</span> <span class='ocrx_word' id='word_1_251' title='bbox 623 1974 792 2014; x_wconf 78' lang='lat' dir='ltr'>congredi,</span> <span class='ocrx_word' id='word_1_252' title='bbox 817 1975 869 2005; x_wconf 90' lang='lat' dir='ltr'>uti</span> 
     </span>
     <span class='ocr_line' id='line_1_43' title="bbox 134 2019 868 2059; baseline 0 -11"><span class='ocrx_word' id='word_1_253' title='bbox 134 2028 167 2050; x_wconf 79' lang='lat' dir='ltr'>v.</span> <span class='ocrx_word' id='word_1_254' title='bbox 189 2030 219 2049; x_wconf 89' lang='lat' dir='ltr'>c.</span> <span class='ocrx_word' id='word_1_255' title='bbox 240 2020 282 2059; x_wconf 73' lang='grc' dir='ltr'>Ω.</span> <span class='ocrx_word' id='word_1_256' title='bbox 308 2019 358 2049; x_wconf 85' lang='lat' dir='ltr'>Fr.</span> <span class='ocrx_word' id='word_1_257' title='bbox 376 2020 398 2049; x_wconf 90' lang='lat' dir='ltr'>i.</span> <span class='ocrx_word' id='word_1_258' title='bbox 416 2022 447 2050; x_wconf 84' lang='lat'>3.</span> <span class='ocrx_word' id='word_1_259' title='bbox 473 2019 661 2059; x_wconf 77' lang='lat' dir='ltr'>congressio</span> <span class='ocrx_word' id='word_1_260' title='bbox 685 2022 720 2048; x_wconf 87' lang='lat' dir='ltr'>et</span> <span class='ocrx_word' id='word_1_261' title='bbox 741 2019 868 2057; x_wconf 74' lang='lat' dir='ltr'>digres-</span> 
     </span>
     <span class='ocr_line' id='line_1_44' title="bbox 134 2062 870 2102; baseline 0 -9"><span class='ocrx_word' id='word_1_262' title='bbox 134 2064 190 2093; x_wconf 80' lang='lat' dir='ltr'>sio.</span> <span class='ocrx_word' id='word_1_263' title='bbox 216 2062 338 2102; x_wconf 78' lang='lat' dir='ltr'>ltaque</span> <span class='ocrx_word' id='word_1_264' title='bbox 370 2063 428 2093; x_wconf 85' lang='lat' dir='ltr'>ubi</span> <span class='ocrx_word' id='word_1_265' title='bbox 461 2062 527 2093; x_wconf 82' lang='lat' dir='ltr'>alio</span> <span class='ocrx_word' id='word_1_266' title='bbox 565 2072 666 2092; x_wconf 89' lang='lat' dir='ltr'>sensu</span> <span class='ocrx_word' id='word_1_267' title='bbox 703 2063 870 2102; x_wconf 84' lang='lat' dir='ltr'>reperitur</span> 
     </span>
     <span class='ocr_line' id='line_1_45' title="bbox 135 2105 868 2146; baseline -0.001 -10"><span class='ocrx_word' id='word_1_268' title='bbox 135 2107 276 2146; x_wconf 77' lang='lat' dir='ltr'>digredi,</span> <span class='ocrx_word' id='word_1_269' title='bbox 308 2110 344 2136; x_wconf 83' lang='lat' dir='ltr'>et</span> <span class='ocrx_word' id='word_1_270' title='bbox 371 2107 537 2145; x_wconf 78' lang='lat' dir='ltr'>digressio,</span> <span class='ocrx_word' id='word_1_271' title='bbox 565 2105 779 2136; x_wconf 79' lang='lat' dir='ltr'>scribendum</span> <span class='ocrx_word' id='word_1_272' title='bbox 813 2105 868 2135; x_wconf 91' lang='lat' dir='ltr'>de-</span> 
     </span>
     <span class='ocr_line' id='line_1_46' title="bbox 137 2148 868 2190; baseline -0.001 -10"><span class='ocrx_word' id='word_1_273' title='bbox 137 2150 244 2189; x_wconf 84' lang='lat' dir='ltr'>gredi,</span> <span class='ocrx_word' id='word_1_274' title='bbox 267 2150 444 2190; x_wconf 76' lang='lat' dir='ltr'>degressio.</span> <span class='ocrx_word' id='word_1_275' title='bbox 478 2160 510 2180; x_wconf 86' lang='lat' dir='ltr'>v.</span> <span class='ocrx_word' id='word_1_276' title='bbox 540 2149 671 2180; x_wconf 86' lang='lat' dir='ltr'>Duker.</span> <span class='ocrx_word' id='word_1_277' title='bbox 707 2149 751 2179; x_wconf 88' lang='lat' dir='ltr'>ad</span> <span class='ocrx_word' id='word_1_278' title='bbox 783 2148 868 2180; x_wconf 87' lang='lat' dir='ltr'>Flor.</span> 
     </span>
     <span class='ocr_line' id='line_1_47' title="bbox 134 2192 870 2234; baseline -0.003 -10"><span class='ocrx_word' id='word_1_279' title='bbox 134 2194 181 2225; x_wconf 87' lang='lat' dir='ltr'>iii.</span> <span class='ocrx_word' id='word_1_280' title='bbox 210 2194 259 2224; x_wconf 81' lang='lat'>16.</span> <span class='ocrx_word' id='word_1_281' title='bbox 283 2199 368 2224; x_wconf 81' lang='lat' dir='ltr'>extr.</span> <span class='ocrx_word' id='word_1_282' title='bbox 382 2194 464 2225; x_wconf 84' lang='lat' dir='ltr'>Har.</span> <span class='ocrx_word' id='word_1_283' title='bbox 488 2193 588 2234; x_wconf 82' lang='lat' dir='ltr'>Resp.</span> <span class='ocrx_word' id='word_1_284' title='bbox 607 2195 636 2224; x_wconf 70' lang='lat'>2.</span> <span class='ocrx_word' id='word_1_285' title='bbox 661 2193 718 2231; x_wconf 86' lang='lat' dir='ltr'>qui</span> <span class='ocrx_word' id='word_1_286' title='bbox 742 2192 870 2223; x_wconf 79' lang='lat' dir='ltr'>hester-</span> 
     </span>
     <span class='ocr_line' id='line_1_48' title="bbox 135 2236 868 2268; baseline -0.001 -1"><span class='ocrx_word' id='word_1_287' title='bbox 135 2247 178 2267; x_wconf 93' lang='lat' dir='ltr'>no</span> <span class='ocrx_word' id='word_1_288' title='bbox 201 2238 255 2268; x_wconf 89' lang='lat' dir='ltr'>die</span> <span class='ocrx_word' id='word_1_289' title='bbox 285 2237 396 2268; x_wconf 90' lang='lat' dir='ltr'>dolore</span> <span class='ocrx_word' id='word_1_290' title='bbox 426 2248 480 2268; x_wconf 86' lang='lat' dir='ltr'>me</span> <span class='ocrx_word' id='word_1_291' title='bbox 508 2237 635 2267; x_wconf 85' lang='lat' dir='ltr'>elatum</span> <span class='ocrx_word' id='word_1_292' title='bbox 669 2240 703 2266; x_wconf 81' lang='lat' dir='ltr'>et</span> <span class='ocrx_word' id='word_1_293' title='bbox 736 2236 868 2266; x_wconf 87' lang='lat' dir='ltr'>iracun-</span> 
     </span>
     <span class='ocr_line' id='line_1_49' title="bbox 135 2280 867 2321; baseline -0.001 -10"><span class='ocrx_word' id='word_1_294' title='bbox 135 2281 190 2312; x_wconf 85' lang='lat' dir='ltr'>dia</span> <span class='ocrx_word' id='word_1_295' title='bbox 235 2281 368 2321; x_wconf 81' lang='lat' dir='ltr'>longius</span> <span class='ocrx_word' id='word_1_296' title='bbox 415 2282 600 2321; x_wconf 76' lang='lat' dir='ltr'>digressum</span> <span class='ocrx_word' id='word_1_297' title='bbox 648 2280 867 2318; x_wconf 80' lang='lat' dir='ltr'>arbitrantur,</span> 
     </span>
     <span class='ocr_line' id='line_1_50' title="bbox 133 2324 868 2365; baseline -0.001 -11"><span class='ocrx_word' id='word_1_298' title='bbox 133 2335 235 2364; x_wconf 82' lang='lat' dir='ltr'>quam</span> <span class='ocrx_word' id='word_1_299' title='bbox 258 2324 404 2355; x_wconf 85' lang='lat' dir='ltr'>hominis</span> <span class='ocrx_word' id='word_1_300' title='bbox 426 2326 584 2365; x_wconf 80' lang='lat' dir='ltr'>sapientis</span> <span class='ocrx_word' id='word_1_301' title='bbox 617 2325 763 2363; x_wconf 79' lang='lat' dir='ltr'>cogitata</span> <span class='ocrx_word' id='word_1_302' title='bbox 794 2334 868 2364; x_wconf 90' lang='lat' dir='ltr'>pro-</span> 
     </span>
     <span class='ocr_line' id='line_1_51' title="bbox 133 2367 868 2408; baseline 0 -11"><span class='ocrx_word' id='word_1_303' title='bbox 133 2378 174 2408; x_wconf 84' lang='lat' dir='ltr'>pe</span> <span class='ocrx_word' id='word_1_304' title='bbox 199 2369 283 2398; x_wconf 78' lang='lat' dir='ltr'>ratio</span> <span class='ocrx_word' id='word_1_305' title='bbox 306 2368 510 2408; x_wconf 78' lang='lat' dir='ltr'>postularet:</span> <span class='ocrx_word' id='word_1_306' title='bbox 537 2369 599 2398; x_wconf 82' lang='lat' dir='ltr'>int.</span> <span class='ocrx_word' id='word_1_307' title='bbox 622 2371 797 2406; x_wconf 75' lang='lat' dir='ltr'>tamquam</span> <span class='ocrx_word' id='word_1_308' title='bbox 827 2367 868 2398; x_wconf 88' lang='lat' dir='ltr'>de</span> 
     </span>
     <span class='ocr_line' id='line_1_52' title="bbox 133 2411 869 2452; baseline 0.001 -10"><span class='ocrx_word' id='word_1_309' title='bbox 133 2413 197 2442; x_wconf 74' lang='lat' dir='ltr'>via.</span> <span class='ocrx_word' id='word_1_310' title='bbox 212 2411 278 2442; x_wconf 82' lang='lat' dir='ltr'>Alii</span> <span class='ocrx_word' id='word_1_311' title='bbox 296 2412 398 2442; x_wconf 81' lang='lat' dir='ltr'>Codd.</span> <span class='ocrx_word' id='word_1_312' title='bbox 414 2412 541 2443; x_wconf 85' lang='lat' dir='ltr'>habent</span> <span class='ocrx_word' id='word_1_313' title='bbox 557 2421 778 2452; x_wconf 76' lang='lat' dir='ltr'>progressum.</span> <span class='ocrx_word' id='word_1_314' title='bbox 804 2411 869 2443; x_wconf 81' lang='lat' dir='ltr'>Sed</span> 
     </span>
     <span class='ocr_line' id='line_1_53' title="bbox 130 2455 869 2494; baseline 0.001 -9"><span class='ocrx_word' id='word_1_315' title='bbox 130 2455 315 2494; x_wconf 70' lang='lat' dir='ltr'>digressum</span> <span class='ocrx_word' id='word_1_316' title='bbox 350 2456 500 2486; x_wconf 84' lang='lat' dir='ltr'>defendit</span> <span class='ocrx_word' id='word_1_317' title='bbox 544 2455 704 2485; x_wconf 75' lang='lat' dir='ltr'>Graevius.</span> <span class='ocrx_word' id='word_1_318' title='bbox 751 2455 802 2486; x_wconf 76' lang='lat' dir='ltr'>Ex</span> <span class='ocrx_word' id='word_1_319' title='bbox 829 2465 869 2486; x_wconf 80' lang='lat' dir='ltr'>ca</span> 
     </span>
     <span class='ocr_line' id='line_1_54' title="bbox 129 2498 869 2539; baseline 0 -11"><span class='ocrx_word' id='word_1_320' title='bbox 129 2504 248 2529; x_wconf 83' lang='lat' dir='ltr'>autem</span> <span class='ocrx_word' id='word_1_321' title='bbox 263 2499 391 2539; x_wconf 84' lang='lat' dir='ltr'>regula,</span> <span class='ocrx_word' id='word_1_322' title='bbox 404 2510 504 2538; x_wconf 73' lang='lat' dir='ltr'>quam</span> <span class='ocrx_word' id='word_1_323' title='bbox 522 2499 602 2537; x_wconf 85' lang='lat' dir='ltr'>dixi,</span> <span class='ocrx_word' id='word_1_324' title='bbox 620 2504 654 2529; x_wconf 84' lang='lat' dir='ltr'>et</span> <span class='ocrx_word' id='word_1_325' title='bbox 669 2508 769 2538; x_wconf 82' lang='lat' dir='ltr'>quam</span> <span class='ocrx_word' id='word_1_326' title='bbox 782 2498 869 2528; x_wconf 76' lang='lat' dir='ltr'>niul-</span> 
     </span>
     <span class='ocr_line' id='line_1_55' title="bbox 130 2541 868 2584; baseline -0.003 -11"><span class='ocrx_word' id='word_1_327' title='bbox 130 2543 176 2573; x_wconf 76' lang='lat' dir='ltr'>tis</span> <span class='ocrx_word' id='word_1_328' title='bbox 191 2542 272 2573; x_wconf 87' lang='lat' dir='ltr'>locis</span> <span class='ocrx_word' id='word_1_329' title='bbox 297 2549 397 2582; x_wconf 81' lang='lat' dir='ltr'>urget</span> <span class='ocrx_word' id='word_1_330' title='bbox 420 2545 489 2584; x_wconf 81' lang='lat' dir='ltr'>ipse</span> <span class='ocrx_word' id='word_1_331' title='bbox 506 2543 668 2580; x_wconf 63' lang='lat' dir='ltr'>Gran-ius,</span> <span class='ocrx_word' id='word_1_332' title='bbox 687 2541 868 2582; x_wconf 80' lang='lat' dir='ltr'>legendum</span> 
     </span>
     <span class='ocr_line' id='line_1_56' title="bbox 134 2586 340 2625; baseline 0 -9"><span class='ocrx_word' id='word_1_333' title='bbox 134 2586 340 2625; x_wconf 60' lang='lat' dir='ltr'>degressum.</span> 
     </span>
    </p>

    <p class='ocr_par' dir='ltr' id='par_1_4' title="bbox 131 2628 869 2749">
     <span class='ocr_line' id='line_1_57' title="bbox 175 2628 869 2671; baseline -0.001 -10"><span class='ocrx_word' id='word_1_334' title='bbox 175 2628 391 2671; x_wconf 67' lang='lat' dir='ltr'>Dijudicatio.</span> <span class='ocrx_word' id='word_1_335' title='bbox 424 2630 534 2669; x_wconf 47' lang='lat' dir='ltr'>Legss</span> <span class='ocrx_word' id='word_1_336' title='bbox 527 2641 548 2660; x_wconf 85' lang='lat'>1.</span> <span class='ocrx_word' id='word_1_337' title='bbox 573 2632 627 2661; x_wconf 68' lang='lat'>531.</span> <span class='ocrx_word' id='word_1_338' title='bbox 649 2629 716 2660; x_wconf 85' lang='lat' dir='ltr'>ista</span> <span class='ocrx_word' id='word_1_339' title='bbox 746 2638 869 2668; x_wconf 78' lang='lat' dir='ltr'>magna</span> 
     </span>
     <span class='ocr_line' id='line_1_58' title="bbox 132 2663 866 2715; baseline -0.003 -11"><span class='ocrx_word' id='word_1_340' title='bbox 132 2672 322 2715; x_wconf 67' lang='lat' dir='ltr'>dijudicatio</span> <span class='ocrx_word' id='word_1_341' title='bbox 338 2678 407 2703; x_wconf 81' lang='lat' dir='ltr'>est:</span> <span class='ocrx_word' id='word_1_342' title='bbox 432 2674 465 2703; x_wconf 89' lang='lat' dir='ltr'>h.</span> <span class='ocrx_word' id='word_1_343' title='bbox 483 2684 512 2704; x_wconf 83' lang='lat' dir='ltr'>e</span> <span class='ocrx_word' id='word_1_344' title='bbox 528 2674 628 2713; x_wconf 82' lang='lat' dir='ltr'>hujus</span> <span class='ocrx_word' id='word_1_345' title='bbox 643 2673 690 2703; x_wconf 86' lang='lat' dir='ltr'>rei</span> <span class='ocrx_word' id='word_1_346' title='bbox 706 2663 866 2714; x_wconf 67' lang='lat' dir='ltr'>dijudica-</span> 
     </span>
     <span class='ocr_line' id='line_1_59' title="bbox 131 2717 562 2756; baseline -0.005 -8"><span class='ocrx_word' id='word_1_347' title='bbox 131 2719 175 2749; x_wconf 78' lang='lat' dir='ltr'>tio</span> <span class='ocrx_word' id='word_1_348' title='bbox 188 2717 303 2756; x_wconf 85' lang='lat' dir='ltr'>magni</span> <span class='ocrx_word' id='word_1_349' title='bbox 320 2722 371 2747; x_wconf 84' lang='lat' dir='ltr'>est</span> <span class='ocrx_word' id='word_1_350' title='bbox 386 2718 562 2748; x_wconf 77' lang='lat' dir='ltr'>momenti.</span> 
     </span>
    </p>

    <p class='ocr_par' dir='ltr' id='par_1_5' title="bbox 129 2758 867 2879">
     <span class='ocr_line' id='line_1_60' title="bbox 174 2758 866 2801; baseline -0.001 -10"><span class='ocrx_word' id='word_1_351' title='bbox 174 2758 368 2801; x_wconf 51' lang='lat' dir='ltr'>Dijzmctum·</span> <span class='ocrx_word' id='word_1_352' title='bbox 392 2760 492 2790; x_wconf 77' lang='lat' dir='ltr'>Acad.</span> <span class='ocrx_word' id='word_1_353' title='bbox 516 2762 558 2790; x_wconf 89' lang='lat' dir='ltr'>iv.</span> <span class='ocrx_word' id='word_1_354' title='bbox 575 2762 627 2791; x_wconf 77' lang='grc' dir='ltr'>ι20.</span> <span class='ocrx_word' id='word_1_355' title='bbox 651 2760 736 2790; x_wconf 87' lang='lat' dir='ltr'>nihil</span> <span class='ocrx_word' id='word_1_356' title='bbox 759 2763 810 2790; x_wconf 88' lang='lat' dir='ltr'>est</span> <span class='ocrx_word' id='word_1_357' title='bbox 825 2759 866 2790; x_wconf 86' lang='lat' dir='ltr'>ab</span> 
     </span>
     <span class='ocr_line' id='line_1_61' title="bbox 129 2802 867 2845; baseline -0.001 -11"><span class='ocrx_word' id='word_1_358' title='bbox 129 2814 170 2834; x_wconf 84' lang='lat' dir='ltr'>ea</span> <span class='ocrx_word' id='word_1_359' title='bbox 186 2804 389 2843; x_wconf 80' lang='lat' dir='ltr'>cogitatione</span> <span class='ocrx_word' id='word_1_360' title='bbox 412 2802 602 2845; x_wconf 60' lang='lat' dir='ltr'>illlum-lius,</span> <span class='ocrx_word' id='word_1_361' title='bbox 623 2805 644 2834; x_wconf 84' lang='lat' dir='ltr'>i.</span> <span class='ocrx_word' id='word_1_362' title='bbox 667 2814 695 2834; x_wconf 89' lang='lat' dir='ltr'>e.</span> <span class='ocrx_word' id='word_1_363' title='bbox 713 2805 742 2833; x_wconf 87' lang='lat' dir='ltr'>ei</span> <span class='ocrx_word' id='word_1_364' title='bbox 761 2804 867 2843; x_wconf 77' lang='lat' dir='ltr'>inagis</span> 
     </span>
     <span class='ocr_line' id='line_1_62' title="bbox 130 2848 350 2879; baseline -0.014 0"><span class='ocrx_word' id='word_1_365' title='bbox 130 2848 350 2879; x_wconf 71' lang='lat' dir='ltr'>eontrarium.</span> 
     </span>
    </p>

    <p class='ocr_par' dir='ltr' id='par_1_6' title="bbox 164 2889 867 2935">
     <span class='ocr_line' id='line_1_63' title="bbox 164 2889 867 2935; baseline -0.001 -14"><span class='ocrx_word' id='word_1_366' title='bbox 164 2889 339 2935; x_wconf 53' lang='lat' dir='ltr'>Diiunge,</span> <span class='ocrx_word' id='word_1_367' title='bbox 364 2900 531 2930; x_wconf 80' lang='lat' dir='ltr'>removeo,</span> <span class='ocrx_word' id='word_1_368' title='bbox 547 2891 697 2931; x_wconf 72' lang='lat' dir='ltr'>sejungo.</span> <span class='ocrx_word' id='word_1_369' title='bbox 722 2890 764 2922; x_wconf 85' lang='lat' dir='ltr'>ad</span> <span class='ocrx_word' id='word_1_370' title='bbox 786 2889 867 2921; x_wconf 90' lang='lat' dir='ltr'>Div.</span> 
     </span>
    </p>
   </div>
   <div class='ocr_carea' id='block_1_2' title="bbox 653 96 1117 128">
    <p class='ocr_par' dir='ltr' id='par_1_7' title="bbox 653 96 1117 128">
     <span class='ocr_line' id='line_1_64' title="bbox 653 96 1117 128; baseline -0.004 0"><span class='ocrx_word' id='word_1_371' title='bbox 653 98 800 128; x_wconf 75' lang='lat' dir='ltr'>INDEX</span> <span class='ocrx_word' id='word_1_372' title='bbox 819 96 1117 128; x_wconf 74' lang='lat' dir='ltr'>LATINITATIS.</span> 
     </span>
    </p>
   </div>
   <div class='ocr_carea' id='block_1_3' title="bbox 911 185 1657 2930">
    <p class='ocr_par' dir='ltr' id='par_1_8' title="bbox 926 185 1655 261">
     <span class='ocr_line' id='line_1_65' title="bbox 927 185 1655 231; baseline 0.005 -14"><span class='ocrx_word' id='word_1_373' title='bbox 927 187 948 217; x_wconf 86' lang='lat' dir='ltr'>i.</span> <span class='ocrx_word' id='word_1_374' title='bbox 971 191 1005 221; x_wconf 83' lang='lat'>9.</span> <span class='ocrx_word' id='word_1_375' title='bbox 1035 190 1120 218; x_wconf 79' lang='lat' dir='ltr'>extr.</span> <span class='ocrx_word' id='word_1_376' title='bbox 1143 187 1184 218; x_wconf 82' lang='lat' dir='ltr'>ab</span> <span class='ocrx_word' id='word_1_377' title='bbox 1206 185 1411 218; x_wconf 74' lang='lat' dir='ltr'>oratiom&#39;bus</span> <span class='ocrx_word' id='word_1_378' title='bbox 1441 187 1583 231; x_wconf 53' lang='lat' dir='ltr'>dijungo</span> <span class='ocrx_word' id='word_1_379' title='bbox 1599 197 1655 224; x_wconf 73' lang='lat' dir='ltr'>me</span> 
     </span>
     <span class='ocr_line' id='line_1_66' title="bbox 926 231 1005 261; baseline 0 -1"><span class='ocrx_word' id='word_1_380' title='bbox 926 231 1005 261; x_wconf 84' lang='lat' dir='ltr'>fere.</span> 
     </span>
    </p>

    <p class='ocr_par' dir='ltr' id='par_1_9' title="bbox 920 272 1657 748">
     <span class='ocr_line' id='line_1_67' title="bbox 965 272 1654 315; baseline 0.003 -10"><span class='ocrx_word' id='word_1_381' title='bbox 965 272 1091 305; x_wconf 82' lang='lat' dir='ltr'>Dilabi.</span> <span class='ocrx_word' id='word_1_382' title='bbox 1122 273 1273 305; x_wconf 78' lang='lat' dir='ltr'>Marcell.</span> <span class='ocrx_word' id='word_1_383' title='bbox 1305 276 1335 306; x_wconf 87' lang='grc'>8.</span> <span class='ocrx_word' id='word_1_384' title='bbox 1359 274 1485 313; x_wconf 86' lang='lat' dir='ltr'>omnia,</span> <span class='ocrx_word' id='word_1_385' title='bbox 1508 285 1581 315; x_wconf 82' lang='lat' dir='ltr'>quae</span> <span class='ocrx_word' id='word_1_386' title='bbox 1605 276 1654 307; x_wconf 82' lang='lat' dir='ltr'>di-</span> 
     </span>
     <span class='ocr_line' id='line_1_68' title="bbox 921 317 1652 360; baseline 0.005 -13"><span class='ocrx_word' id='word_1_387' title='bbox 921 317 1015 357; x_wconf 80' lang='lat' dir='ltr'>lapsa</span> <span class='ocrx_word' id='word_1_388' title='bbox 1044 319 1117 356; x_wconf 84' lang='lat' dir='ltr'>jam</span> <span class='ocrx_word' id='word_1_389' title='bbox 1152 319 1334 356; x_wconf 86' lang='lat' dir='ltr'>fluxerunt,</span> <span class='ocrx_word' id='word_1_390' title='bbox 1368 319 1489 349; x_wconf 83' lang='lat' dir='ltr'>severis</span> <span class='ocrx_word' id='word_1_391' title='bbox 1521 318 1652 360; x_wconf 70' lang='lat' dir='ltr'>legibus</span> 
     </span>
     <span class='ocr_line' id='line_1_69' title="bbox 920 361 1655 401; baseline 0.005 -11"><span class='ocrx_word' id='word_1_392' title='bbox 920 361 1108 392; x_wconf 78' lang='lat' dir='ltr'>vincienda.</span> <span class='ocrx_word' id='word_1_393' title='bbox 1153 361 1256 392; x_wconf 89' lang='lat' dir='ltr'>Codd.</span> <span class='ocrx_word' id='word_1_394' title='bbox 1287 362 1332 392; x_wconf 87' lang='lat' dir='ltr'>ibi</span> <span class='ocrx_word' id='word_1_395' title='bbox 1364 362 1499 401; x_wconf 87' lang='lat' dir='ltr'>quidam</span> <span class='ocrx_word' id='word_1_396' title='bbox 1528 361 1655 394; x_wconf 82' lang='lat' dir='ltr'>habent</span> 
     </span>
     <span class='ocr_line' id='line_1_70' title="bbox 921 403 1655 445; baseline 0.004 -12"><span class='ocrx_word' id='word_1_397' title='bbox 921 403 1052 444; x_wconf 77' lang='lat' dir='ltr'>delapsa</span> <span class='ocrx_word' id='word_1_398' title='bbox 1066 417 1076 436; x_wconf 91' lang='lat'>.·</span> <span class='ocrx_word' id='word_1_399' title='bbox 1116 405 1175 435; x_wconf 87' lang='lat' dir='ltr'>sed</span> <span class='ocrx_word' id='word_1_400' title='bbox 1212 405 1339 445; x_wconf 76' lang='lat' dir='ltr'>dilapsa</span> <span class='ocrx_word' id='word_1_401' title='bbox 1376 411 1467 436; x_wconf 78' lang='lat' dir='ltr'>recte</span> <span class='ocrx_word' id='word_1_402' title='bbox 1503 405 1655 437; x_wconf 76' lang='lat' dir='ltr'>defendit</span> 
     </span>
     <span class='ocr_line' id='line_1_71' title="bbox 922 446 1656 480; baseline 0.005 -4"><span class='ocrx_word' id='word_1_403' title='bbox 922 446 1080 478; x_wconf 77' lang='lat' dir='ltr'>Graevius.</span> <span class='ocrx_word' id='word_1_404' title='bbox 1106 449 1163 479; x_wconf 86' lang='lat' dir='ltr'>sed</span> <span class='ocrx_word' id='word_1_405' title='bbox 1197 449 1281 479; x_wconf 83' lang='lat' dir='ltr'>Phil.</span> <span class='ocrx_word' id='word_1_406' title='bbox 1316 449 1384 479; x_wconf 88' lang='lat' dir='ltr'>xiii.</span> <span class='ocrx_word' id='word_1_407' title='bbox 1420 452 1450 480; x_wconf 89' lang='lat'>5.</span> <span class='ocrx_word' id='word_1_408' title='bbox 1479 454 1560 480; x_wconf 85' lang='lat' dir='ltr'>sunt</span> <span class='ocrx_word' id='word_1_409' title='bbox 1595 449 1656 480; x_wconf 80' lang='lat' dir='ltr'>alii</span> 
     </span>
     <span class='ocr_line' id='line_1_72' title="bbox 920 489 1650 529; baseline 0.005 -10"><span class='ocrx_word' id='word_1_410' title='bbox 920 489 1045 529; x_wconf 82' lang='lat' dir='ltr'>plures,</span> <span class='ocrx_word' id='word_1_411' title='bbox 1069 492 1127 522; x_wconf 79' lang='lat' dir='ltr'>scd</span> <span class='ocrx_word' id='word_1_412' title='bbox 1150 493 1313 522; x_wconf 88' lang='lat' dir='ltr'>memoria</span> <span class='ocrx_word' id='word_1_413' title='bbox 1343 502 1419 523; x_wconf 84' lang='lat' dir='ltr'>mea</span> <span class='ocrx_word' id='word_1_414' title='bbox 1447 493 1650 524; x_wconf 78' lang='lat' dir='ltr'>dilabuntur.</span> 
     </span>
     <span class='ocr_line' id='line_1_73' title="bbox 921 533 1653 572; baseline 0.007 -10"><span class='ocrx_word' id='word_1_415' title='bbox 921 533 1114 572; x_wconf 80' lang='lat' dir='ltr'>legendnm,</span> <span class='ocrx_word' id='word_1_416' title='bbox 1147 535 1359 566; x_wconf 85' lang='lat' dir='ltr'>delabuntur.</span> <span class='ocrx_word' id='word_1_417' title='bbox 1409 536 1653 567; x_wconf 75' lang='lat' dir='ltr'>,Dilabi&#39;enim</span> 
     </span>
     <span class='ocr_line' id='line_1_74' title="bbox 921 578 1654 620; baseline 0.007 -14"><span class='ocrx_word' id='word_1_418' title='bbox 921 585 988 606; x_wconf 89' lang='lat' dir='ltr'>non</span> <span class='ocrx_word' id='word_1_419' title='bbox 1013 582 1065 607; x_wconf 82' lang='lat' dir='ltr'>est</span> <span class='ocrx_word' id='word_1_420' title='bbox 1087 578 1245 617; x_wconf 83' lang='lat' dir='ltr'>defluere,</span> <span class='ocrx_word' id='word_1_421' title='bbox 1269 580 1327 609; x_wconf 89' lang='lat' dir='ltr'>sed</span> <span class='ocrx_word' id='word_1_422' title='bbox 1360 579 1530 618; x_wconf 86' lang='lat' dir='ltr'>diffluere;</span> <span class='ocrx_word' id='word_1_423' title='bbox 1565 579 1654 620; x_wconf 82' lang='lat' dir='ltr'>quod</span> 
     </span>
     <span class='ocr_line' id='line_1_75' title="bbox 921 620 1657 660; baseline 0.007 -11"><span class='ocrx_word' id='word_1_424' title='bbox 921 620 1022 650; x_wconf 82' lang='lat' dir='ltr'>etiam</span> <span class='ocrx_word' id='word_1_425' title='bbox 1047 621 1082 650; x_wconf 88' lang='lat' dir='ltr'>in</span> <span class='ocrx_word' id='word_1_426' title='bbox 1106 620 1242 660; x_wconf 86' lang='lat' dir='ltr'>reliquis</span> <span class='ocrx_word' id='word_1_427' title='bbox 1271 623 1352 654; x_wconf 79' lang='lat' dir='ltr'>locis</span> <span class='ocrx_word' id='word_1_428' title='bbox 1384 624 1565 654; x_wconf 86' lang='lat' dir='ltr'>scribendis</span> <span class='ocrx_word' id='word_1_429' title='bbox 1602 629 1657 654; x_wconf 87' lang='lat' dir='ltr'>te-</span> 
     </span>
     <span class='ocr_line' id='line_1_76' title="bbox 921 664 1652 698; baseline 0.01 -6"><span class='ocrx_word' id='word_1_430' title='bbox 921 664 1081 694; x_wconf 77' lang='lat' dir='ltr'>mudum.</span> <span class='ocrx_word' id='word_1_431' title='bbox 1111 664 1131 683; x_wconf 64' lang='lat'>³*</span> <span class='ocrx_word' id='word_1_432' title='bbox 1146 665 1296 696; x_wconf 86' lang='lat' dir='ltr'>Herenn.</span> <span class='ocrx_word' id='word_1_433' title='bbox 1334 667 1369 697; x_wconf 86' lang='lat' dir='ltr'>ii.</span> <span class='ocrx_word' id='word_1_434' title='bbox 1409 669 1462 698; x_wconf 75' lang='lat'>25.</span> <span class='ocrx_word' id='word_1_435' title='bbox 1504 668 1652 698; x_wconf 81' lang='lat' dir='ltr'>maxima</span> 
     </span>
     <span class='ocr_line' id='line_1_77' title="bbox 921 708 1426 749; baseline 0.008 -13"><span class='ocrx_word' id='word_1_436' title='bbox 921 713 1060 747; x_wconf 80' lang='lat' dir='ltr'>peecata</span> <span class='ocrx_word' id='word_1_437' title='bbox 1075 708 1212 749; x_wconf 84' lang='lat' dir='ltr'>impune</span> <span class='ocrx_word' id='word_1_438' title='bbox 1229 709 1426 741; x_wconf 63' lang='lat' dir='ltr'>dilabenemu</span> 
     </span>
    </p>

    <p class='ocr_par' dir='ltr' id='par_1_10' title="bbox 917 750 1651 966">
     <span class='ocr_line' id='line_1_78' title="bbox 961 750 1650 792; baseline 0.007 -12"><span class='ocrx_word' id='word_1_439' title='bbox 961 750 1129 800; x_wconf 44' lang='lat' dir='ltr'>Bilistage</span> <span class='ocrx_word' id='word_1_440' title='bbox 1147 752 1306 782; x_wconf 76' lang='lat' dir='ltr'>Par.ad0x</span> <span class='ocrx_word' id='word_1_441' title='bbox 1320 763 1456 792; x_wconf 86' lang='lat' dir='ltr'>prooem.</span> <span class='ocrx_word' id='word_1_442' title='bbox 1475 753 1558 784; x_wconf 88' lang='lat' dir='ltr'>Cato</span> <span class='ocrx_word' id='word_1_443' title='bbox 1575 753 1650 784; x_wconf 90' lang='lat' dir='ltr'>nul-</span> 
     </span>
     <span class='ocr_line' id='line_1_79' title="bbox 917 792 1651 837; baseline 0.005 -13"><span class='ocrx_word' id='word_1_444' title='bbox 917 792 989 824; x_wconf 88' lang='lat' dir='ltr'>lum</span> <span class='ocrx_word' id='word_1_445' title='bbox 1005 795 1097 834; x_wconf 75' lang='lat' dir='ltr'>sequi</span> <span class='ocrx_word' id='word_1_446' title='bbox 1090 803 1157 826; x_wconf 80' lang='lat' dir='ltr'>tur</span> <span class='ocrx_word' id='word_1_447' title='bbox 1171 796 1284 826; x_wconf 84' lang='lat' dir='ltr'>florem</span> <span class='ocrx_word' id='word_1_448' title='bbox 1301 797 1471 834; x_wconf 85' lang='lat' dir='ltr'>orationis,</span> <span class='ocrx_word' id='word_1_449' title='bbox 1482 807 1590 837; x_wconf 86' lang='lat' dir='ltr'>neque</span> <span class='ocrx_word' id='word_1_450' title='bbox 1601 799 1651 828; x_wconf 82' lang='lat' dir='ltr'>di-</span> 
     </span>
     <span class='ocr_line' id='line_1_80' title="bbox 918 839 1649 880; baseline 0.005 -13"><span class='ocrx_word' id='word_1_451' title='bbox 918 839 1004 868; x_wconf 69' lang='lat' dir='ltr'>catat</span> <span class='ocrx_word' id='word_1_452' title='bbox 1020 846 1258 878; x_wconf 75' lang='lat' dir='ltr'>argumentum</span> <span class='ocrx_word' id='word_1_453' title='bbox 1273 852 1280 870; x_wconf 92' lang='lat'><strong>:</strong></span> <span class='ocrx_word' id='word_1_454' title='bbox 1300 840 1321 870; x_wconf 91' lang='lat' dir='ltr'>i.</span> <span class='ocrx_word' id='word_1_455' title='bbox 1333 849 1362 870; x_wconf 83' lang='lat' dir='ltr'>e.</span> <span class='ocrx_word' id='word_1_456' title='bbox 1378 839 1575 880; x_wconf 84' lang='lat' dir='ltr'>amplificat,</span> <span class='ocrx_word' id='word_1_457' title='bbox 1591 851 1649 871; x_wconf 83' lang='lat' dir='ltr'>au-</span> 
     </span>
     <span class='ocr_line' id='line_1_81' title="bbox 917 883 1651 922; baseline 0.005 -12"><span class='ocrx_word' id='word_1_458' title='bbox 917 888 974 920; x_wconf 82' lang='lat' dir='ltr'>get</span> <span class='ocrx_word' id='word_1_459' title='bbox 988 883 1147 913; x_wconf 67' lang='lat' dir='ltr'>ornando.</span> <span class='ocrx_word' id='word_1_460' title='bbox 1169 883 1266 913; x_wconf 88' lang='lat' dir='ltr'>Brut.</span> <span class='ocrx_word' id='word_1_461' title='bbox 1282 887 1334 916; x_wconf 79' lang='lat'>74.</span> <span class='ocrx_word' id='word_1_462' title='bbox 1357 884 1500 914; x_wconf 80' lang='lat' dir='ltr'>dilatare</span> <span class='ocrx_word' id='word_1_463' title='bbox 1523 883 1651 922; x_wconf 77' lang='lat' dir='ltr'>literas,</span> 
     </span>
     <span class='ocr_line' id='line_1_82' title="bbox 918 926 1420 966; baseline 0.006 -12"><span class='ocrx_word' id='word_1_464' title='bbox 918 929 969 955; x_wconf 88' lang='lat' dir='ltr'>est</span> <span class='ocrx_word' id='word_1_465' title='bbox 986 926 1105 956; x_wconf 78' lang='lat' dir='ltr'>vitium</span> <span class='ocrx_word' id='word_1_466' title='bbox 1122 927 1420 966; x_wconf 83' lang='lat' dir='ltr'>pronunciationis.</span> 
     </span>
    </p>

    <p class='ocr_par' dir='ltr' id='par_1_11' title="bbox 914 967 1651 1261">
     <span class='ocr_line' id='line_1_83' title="bbox 958 967 1651 1010; baseline 0.003 -12"><span class='ocrx_word' id='word_1_467' title='bbox 958 967 1125 1008; x_wconf 71' lang='lat' dir='ltr'>Diligens,</span> <span class='ocrx_word' id='word_1_468' title='bbox 1150 980 1281 1010; x_wconf 84' lang='lat' dir='ltr'>parcus,</span> <span class='ocrx_word' id='word_1_469' title='bbox 1305 971 1354 1001; x_wconf 86' lang='lat' dir='ltr'>rei</span> <span class='ocrx_word' id='word_1_470' title='bbox 1375 969 1548 1001; x_wconf 84' lang='lat' dir='ltr'>familiaris</span> <span class='ocrx_word' id='word_1_471' title='bbox 1573 980 1651 1000; x_wconf 82' lang='lat' dir='ltr'>eon-</span> 
     </span>
     <span class='ocr_line' id='line_1_84' title="bbox 915 1013 1649 1054; baseline 0.004 -13"><span class='ocrx_word' id='word_1_472' title='bbox 915 1013 1084 1043; x_wconf 82' lang='lat' dir='ltr'>servandae</span> <span class='ocrx_word' id='word_1_473' title='bbox 1108 1017 1142 1043; x_wconf 83' lang='lat' dir='ltr'>et</span> <span class='ocrx_word' id='word_1_474' title='bbox 1164 1014 1324 1054; x_wconf 72' lang='lat' dir='ltr'>augendae</span> <span class='ocrx_word' id='word_1_475' title='bbox 1349 1014 1529 1045; x_wconf 84' lang='lat' dir='ltr'>studiosus.</span> <span class='ocrx_word' id='word_1_476' title='bbox 1552 1013 1649 1045; x_wconf 89' lang='lat' dir='ltr'>Verr.</span> 
     </span>
     <span class='ocr_line' id='line_1_85' title="bbox 916 1056 1650 1095; baseline 0.003 -9"><span class='ocrx_word' id='word_1_477' title='bbox 916 1056 936 1086; x_wconf 59' lang='lat' dir='ltr'>ii</span> <span class='ocrx_word' id='word_1_478' title='bbox 960 1058 1014 1087; x_wconf 78' lang='lat'>43.</span> <span class='ocrx_word' id='word_1_479' title='bbox 1039 1057 1096 1095; x_wconf 86' lang='lat' dir='ltr'>qui</span> <span class='ocrx_word' id='word_1_480' title='bbox 1119 1057 1154 1087; x_wconf 88' lang='lat' dir='ltr'>in</span> <span class='ocrx_word' id='word_1_481' title='bbox 1179 1067 1212 1087; x_wconf 86' lang='lat' dir='ltr'>re</span> <span class='ocrx_word' id='word_1_482' title='bbox 1242 1058 1429 1088; x_wconf 83' lang='lat' dir='ltr'>adventicia</span> <span class='ocrx_word' id='word_1_483' title='bbox 1463 1061 1497 1087; x_wconf 85' lang='lat' dir='ltr'>et</span> <span class='ocrx_word' id='word_1_484' title='bbox 1519 1057 1650 1088; x_wconf 81' lang='lat' dir='ltr'>heredi-</span> 
     </span>
     <span class='ocr_line' id='line_1_86' title="bbox 914 1099 1650 1140; baseline 0.004 -11"><span class='ocrx_word' id='word_1_485' title='bbox 914 1099 1001 1130; x_wconf 88' lang='lat' dir='ltr'>taria</span> <span class='ocrx_word' id='word_1_486' title='bbox 1022 1105 1092 1130; x_wconf 83' lang='lat' dir='ltr'>tam</span> <span class='ocrx_word' id='word_1_487' title='bbox 1127 1101 1267 1140; x_wconf 83' lang='lat' dir='ltr'>diligens</span> <span class='ocrx_word' id='word_1_488' title='bbox 1300 1105 1336 1132; x_wconf 83' lang='lat' dir='ltr'>et</span> <span class='ocrx_word' id='word_1_489' title='bbox 1365 1106 1515 1132; x_wconf 83' lang='lat' dir='ltr'>attentus</span> <span class='ocrx_word' id='word_1_490' title='bbox 1549 1106 1650 1132; x_wconf 80' lang='lat' dir='ltr'>esset.</span> 
     </span>
     <span class='ocr_line' id='line_1_87' title="bbox 916 1143 1650 1184; baseline 0.003 -11"><span class='ocrx_word' id='word_1_491' title='bbox 916 1143 994 1174; x_wconf 81' lang='lat' dir='ltr'>ibid.</span> <span class='ocrx_word' id='word_1_492' title='bbox 1025 1148 1057 1177; x_wconf 90' lang='lat'>9.</span> <span class='ocrx_word' id='word_1_493' title='bbox 1092 1145 1156 1174; x_wconf 86' lang='lat' dir='ltr'>eris</span> <span class='ocrx_word' id='word_1_494' title='bbox 1187 1145 1337 1184; x_wconf 72' lang='lat' dir='ltr'>diligens,</span> <span class='ocrx_word' id='word_1_495' title='bbox 1365 1155 1419 1175; x_wconf 90' lang='lat' dir='ltr'>ne.</span> <span class='ocrx_word' id='word_1_496' title='bbox 1452 1145 1474 1175; x_wconf 86' lang='lat' dir='ltr'>i.</span> <span class='ocrx_word' id='word_1_497' title='bbox 1499 1155 1529 1174; x_wconf 86' lang='lat' dir='ltr'>e.</span> <span class='ocrx_word' id='word_1_498' title='bbox 1555 1155 1650 1175; x_wconf 84' lang='lat' dir='ltr'>cave-</span> 
     </span>
     <span class='ocr_line' id='line_1_88' title="bbox 915 1187 977 1217; baseline -0.016 0"><span class='ocrx_word' id='word_1_499' title='bbox 915 1187 977 1217; x_wconf 87' lang='lat' dir='ltr'>bis.</span> 
     </span>
     <span class='ocr_line' id='line_1_89' title="bbox 918 1231 973 1261; baseline 0.018 -1"><span class='ocrx_word' id='word_1_500' title='bbox 918 1231 973 1261; x_wconf 85' lang='lat' dir='ltr'>cii.</span> 
     </span>
    </p>

    <p class='ocr_par' dir='ltr' id='par_1_12' title="bbox 911 1274 1650 2276">
     <span class='ocr_line' id='line_1_90' title="bbox 957 1274 1649 1316; baseline 0.001 -11"><span class='ocrx_word' id='word_1_501' title='bbox 957 1274 1157 1314; x_wconf 75' lang='lat' dir='ltr'>Diligentia,</span> <span class='ocrx_word' id='word_1_502' title='bbox 1190 1274 1412 1316; x_wconf 86' lang='lat' dir='ltr'>providentia.</span> <span class='ocrx_word' id='word_1_503' title='bbox 1456 1274 1573 1315; x_wconf 81' lang='lat' dir='ltr'>Agrar.</span> <span class='ocrx_word' id='word_1_504' title='bbox 1611 1275 1649 1306; x_wconf 87' lang='lat' dir='ltr'>ii.</span> 
     </span>
     <span class='ocr_line' id='line_1_91' title="bbox 915 1319 1650 1359; baseline 0 -9"><span class='ocrx_word' id='word_1_505' title='bbox 915 1320 970 1352; x_wconf 73' lang='lat'>27.</span> <span class='ocrx_word' id='word_1_506' title='bbox 1009 1325 1060 1349; x_wconf 84' lang='lat' dir='ltr'>est</span> <span class='ocrx_word' id='word_1_507' title='bbox 1097 1329 1205 1359; x_wconf 76' lang='lat' dir='ltr'>operae</span> <span class='ocrx_word' id='word_1_508' title='bbox 1243 1319 1402 1359; x_wconf 85' lang='lat' dir='ltr'>pretium,</span> <span class='ocrx_word' id='word_1_509' title='bbox 1436 1319 1650 1358; x_wconf 73' lang='lat' dir='ltr'>diligentiam</span> 
     </span>
     <span class='ocr_line' id='line_1_92' title="bbox 915 1362 1648 1402; baseline 0.001 -10"><span class='ocrx_word' id='word_1_510' title='bbox 915 1363 1082 1402; x_wconf 86' lang='lat' dir='ltr'>majorum</span> <span class='ocrx_word' id='word_1_511' title='bbox 1114 1363 1290 1393; x_wconf 84' lang='lat' dir='ltr'>recordari.</span> <span class='ocrx_word' id='word_1_512' title='bbox 1329 1362 1403 1393; x_wconf 82' lang='lat' dir='ltr'>Mil.</span> <span class='ocrx_word' id='word_1_513' title='bbox 1437 1364 1490 1394; x_wconf 76' lang='lat'>24.</span> <span class='ocrx_word' id='word_1_514' title='bbox 1531 1362 1648 1393; x_wconf 84' lang='lat' dir='ltr'>lauda-</span> 
     </span>
     <span class='ocr_line' id='line_1_93' title="bbox 916 1405 1650 1446; baseline 0 -10"><span class='ocrx_word' id='word_1_515' title='bbox 916 1406 992 1436; x_wconf 89' lang='lat' dir='ltr'>bam</span> <span class='ocrx_word' id='word_1_516' title='bbox 1023 1407 1230 1445; x_wconf 70' lang='lat' dir='ltr'>diligentiam</span> <span class='ocrx_word' id='word_1_517' title='bbox 1255 1407 1315 1437; x_wconf 90' lang='lat' dir='ltr'>Cn.</span> <span class='ocrx_word' id='word_1_518' title='bbox 1341 1406 1502 1446; x_wconf 82' lang='lat' dir='ltr'>Pompeii.</span> <span class='ocrx_word' id='word_1_519' title='bbox 1535 1405 1554 1425; x_wconf 54' lang='grc' dir='ltr'>*ἓ</span> <span class='ocrx_word' id='word_1_520' title='bbox 1577 1410 1650 1437; x_wconf 81' lang='lat' dir='ltr'>stu-</span> 
     </span>
     <span class='ocr_line' id='line_1_94' title="bbox 915 1449 1649 1489; baseline 0 -9"><span class='ocrx_word' id='word_1_521' title='bbox 915 1450 1009 1480; x_wconf 87' lang='lat' dir='ltr'>dium</span> <span class='ocrx_word' id='word_1_522' title='bbox 1033 1450 1194 1489; x_wconf 79' lang='lat' dir='ltr'>augendae</span> <span class='ocrx_word' id='word_1_523' title='bbox 1218 1455 1253 1480; x_wconf 85' lang='lat' dir='ltr'>et</span> <span class='ocrx_word' id='word_1_524' title='bbox 1279 1449 1448 1480; x_wconf 79' lang='lat' dir='ltr'>servandae</span> <span class='ocrx_word' id='word_1_525' title='bbox 1472 1449 1520 1480; x_wconf 90' lang='lat' dir='ltr'>rei</span> <span class='ocrx_word' id='word_1_526' title='bbox 1549 1449 1649 1480; x_wconf 85' lang='lat' dir='ltr'>fami·</span> 
     </span>
     <span class='ocr_line' id='line_1_95' title="bbox 914 1492 1648 1533; baseline 0 -10"><span class='ocrx_word' id='word_1_527' title='bbox 914 1493 1016 1523; x_wconf 84' lang='lat' dir='ltr'>liaris.</span> <span class='ocrx_word' id='word_1_528' title='bbox 1053 1494 1132 1533; x_wconf 84' lang='lat' dir='ltr'>Agr.</span> <span class='ocrx_word' id='word_1_529' title='bbox 1166 1494 1202 1524; x_wconf 89' lang='lat' dir='ltr'>ii.</span> <span class='ocrx_word' id='word_1_530' title='bbox 1236 1497 1289 1525; x_wconf 85' lang='lat'>30.</span> <span class='ocrx_word' id='word_1_531' title='bbox 1322 1493 1413 1523; x_wconf 89' lang='lat' dir='ltr'>vobis</span> <span class='ocrx_word' id='word_1_532' title='bbox 1447 1492 1543 1524; x_wconf 86' lang='lat' dir='ltr'>nulla</span> <span class='ocrx_word' id='word_1_533' title='bbox 1578 1492 1648 1532; x_wconf 82' lang='lat' dir='ltr'>gle-</span> 
     </span>
     <span class='ocr_line' id='line_1_96' title="bbox 913 1537 1649 1577; baseline 0 -10"><span class='ocrx_word' id='word_1_534' title='bbox 913 1537 956 1567; x_wconf 86' lang='lat' dir='ltr'>ba</span> <span class='ocrx_word' id='word_1_535' title='bbox 989 1537 1029 1567; x_wconf 91' lang='lat' dir='ltr'>de</span> <span class='ocrx_word' id='word_1_536' title='bbox 1062 1539 1209 1577; x_wconf 86' lang='lat' dir='ltr'>paternis</span> <span class='ocrx_word' id='word_1_537' title='bbox 1240 1542 1275 1567; x_wconf 89' lang='lat' dir='ltr'>et</span> <span class='ocrx_word' id='word_1_538' title='bbox 1307 1538 1403 1567; x_wconf 84' lang='lat' dir='ltr'>avitis</span> <span class='ocrx_word' id='word_1_539' title='bbox 1432 1537 1649 1577; x_wconf 82' lang='lat' dir='ltr'>possessioni-</span> 
     </span>
     <span class='ocr_line' id='line_1_97' title="bbox 913 1581 1649 1620; baseline -0.001 -9"><span class='ocrx_word' id='word_1_540' title='bbox 913 1581 974 1611; x_wconf 86' lang='lat' dir='ltr'>bus</span> <span class='ocrx_word' id='word_1_541' title='bbox 999 1581 1232 1620; x_wconf 78' lang='lat' dir='ltr'>relinquetur3</span> <span class='ocrx_word' id='word_1_542' title='bbox 1267 1591 1305 1611; x_wconf 84' lang='lat' dir='ltr'>ac</span> <span class='ocrx_word' id='word_1_543' title='bbox 1335 1584 1470 1610; x_wconf 86' lang='lat' dir='ltr'>tantum</span> <span class='ocrx_word' id='word_1_544' title='bbox 1493 1581 1649 1612; x_wconf 78' lang='lat' dir='ltr'>intererit</span> 
     </span>
     <span class='ocr_line' id='line_1_98' title="bbox 914 1624 1645 1665; baseline 0 -11"><span class='ocrx_word' id='word_1_545' title='bbox 914 1625 1004 1655; x_wconf 82' lang='lat' dir='ltr'>inter</span> <span class='ocrx_word' id='word_1_546' title='bbox 1026 1630 1168 1655; x_wconf 79' lang='lat' dir='ltr'>vestram</span> <span class='ocrx_word' id='word_1_547' title='bbox 1201 1633 1236 1654; x_wconf 85' lang='lat' dir='ltr'>et</span> <span class='ocrx_word' id='word_1_548' title='bbox 1269 1625 1476 1665; x_wconf 71' lang='lat' dir='ltr'>privatorum</span> <span class='ocrx_word' id='word_1_549' title='bbox 1506 1624 1645 1663; x_wconf 75' lang='lat' dir='ltr'>diligen·</span> 
     </span>
     <span class='ocr_line' id='line_1_99' title="bbox 913 1667 1647 1702; baseline 0 -4"><span class='ocrx_word' id='word_1_550' title='bbox 913 1670 994 1699; x_wconf 76' lang='lat' dir='ltr'>tiam</span> <span class='ocrx_word' id='word_1_551' title='bbox 1026 1670 1087 1698; x_wconf 68' lang='grc' dir='ltr'>δερ.</span> <span class='ocrx_word' id='word_1_552' title='bbox 1122 1668 1223 1698; x_wconf 69' lang='lat' dir='ltr'>*Offi</span> <span class='ocrx_word' id='word_1_553' title='bbox 1257 1669 1279 1698; x_wconf 88' lang='lat' dir='ltr'>i.</span> <span class='ocrx_word' id='word_1_554' title='bbox 1311 1671 1364 1702; x_wconf 86' lang='lat'>39.</span> <span class='ocrx_word' id='word_1_555' title='bbox 1399 1667 1647 1698; x_wconf 78' lang='lat' dir='ltr'>commoditatis</span> 
     </span>
     <span class='ocr_line' id='line_1_100' title="bbox 913 1708 1647 1751; baseline -0.001 -9"><span class='ocrx_word' id='word_1_556' title='bbox 913 1712 1097 1751; x_wconf 70' lang='lat' dir='ltr'>diligentia.</span> <span class='ocrx_word' id='word_1_557' title='bbox 1119 1711 1224 1742; x_wconf 55' lang='lat' dir='ltr'>*Imm</span> <span class='ocrx_word' id='word_1_558' title='bbox 1240 1712 1262 1742; x_wconf 82' lang='lat' dir='ltr'>i.</span> <span class='ocrx_word' id='word_1_559' title='bbox 1282 1714 1331 1742; x_wconf 89' lang='lat' dir='ltr'>ll.</span> <span class='ocrx_word' id='word_1_560' title='bbox 1354 1711 1541 1751; x_wconf 82' lang='lat' dir='ltr'>Negotialis</span> <span class='ocrx_word' id='word_1_561' title='bbox 1565 1708 1647 1742; x_wconf 53' lang='lat' dir='ltr'>eonss</span> 
     </span>
     <span class='ocr_line' id='line_1_101' title="bbox 913 1754 1647 1794; baseline 0 -10"><span class='ocrx_word' id='word_1_562' title='bbox 913 1757 1046 1786; x_wconf 68' lang='lat' dir='ltr'>stitutio</span> <span class='ocrx_word' id='word_1_563' title='bbox 1069 1759 1132 1793; x_wconf 83' lang='lat' dir='ltr'>est,</span> <span class='ocrx_word' id='word_1_564' title='bbox 1163 1756 1198 1785; x_wconf 88' lang='lat' dir='ltr'>in</span> <span class='ocrx_word' id='word_1_565' title='bbox 1221 1765 1300 1794; x_wconf 88' lang='lat' dir='ltr'>qua,</span> <span class='ocrx_word' id='word_1_566' title='bbox 1322 1754 1402 1793; x_wconf 89' lang='lat' dir='ltr'>quid</span> <span class='ocrx_word' id='word_1_567' title='bbox 1418 1755 1506 1793; x_wconf 85' lang='lat' dir='ltr'>juris</span> <span class='ocrx_word' id='word_1_568' title='bbox 1527 1764 1570 1786; x_wconf 75' lang='lat' dir='ltr'>ex</span> <span class='ocrx_word' id='word_1_569' title='bbox 1598 1754 1647 1784; x_wconf 82' lang='lat' dir='ltr'>ci-</span> 
     </span>
     <span class='ocr_line' id='line_1_102' title="bbox 911 1798 1647 1838; baseline 0 -10"><span class='ocrx_word' id='word_1_570' title='bbox 911 1799 968 1829; x_wconf 83' lang='lat' dir='ltr'>vili</span> <span class='ocrx_word' id='word_1_571' title='bbox 993 1810 1084 1830; x_wconf 88' lang='lat' dir='ltr'>more</span> <span class='ocrx_word' id='word_1_572' title='bbox 1100 1804 1135 1829; x_wconf 80' lang='lat' dir='ltr'>et</span> <span class='ocrx_word' id='word_1_573' title='bbox 1149 1800 1307 1838; x_wconf 86' lang='lat' dir='ltr'>aequitate</span> <span class='ocrx_word' id='word_1_574' title='bbox 1322 1799 1378 1835; x_wconf 83' lang='lat' dir='ltr'>sit,</span> <span class='ocrx_word' id='word_1_575' title='bbox 1394 1798 1647 1836; x_wconf 58' lang='lat' dir='ltr'>consideratum</span> 
     </span>
     <span class='ocr_line' id='line_1_103' title="bbox 914 1842 1646 1883; baseline -0.001 -10"><span class='ocrx_word' id='word_1_576' title='bbox 914 1844 968 1874; x_wconf 86' lang='lat' dir='ltr'>cui</span> <span class='ocrx_word' id='word_1_577' title='bbox 991 1844 1167 1882; x_wconf 72' lang='lat' dir='ltr'>diligemioe</span> <span class='ocrx_word' id='word_1_578' title='bbox 1200 1853 1340 1883; x_wconf 77' lang='lat' dir='ltr'>praeesse</span> <span class='ocrx_word' id='word_1_579' title='bbox 1363 1842 1452 1883; x_wconf 83' lang='lat' dir='ltr'>apud</span> <span class='ocrx_word' id='word_1_580' title='bbox 1485 1851 1544 1873; x_wconf 83' lang='lat' dir='ltr'>nos</span> <span class='ocrx_word' id='word_1_581' title='bbox 1565 1842 1646 1873; x_wconf 82' lang='lat' dir='ltr'>JCti</span> 
     </span>
     <span class='ocr_line' id='line_1_104' title="bbox 912 1886 1644 1925; baseline 0 -9"><span class='ocrx_word' id='word_1_582' title='bbox 912 1888 1159 1918; x_wconf 73' lang='lat' dir='ltr'>existimantur.</span> <span class='ocrx_word' id='word_1_583' title='bbox 1189 1888 1208 1905; x_wconf 48' lang='grc' dir='ltr'>*ἓ</span> <span class='ocrx_word' id='word_1_584' title='bbox 1224 1886 1395 1917; x_wconf 85' lang='lat' dir='ltr'>Industria.</span> <span class='ocrx_word' id='word_1_585' title='bbox 1415 1889 1451 1916; x_wconf 86' lang='lat' dir='ltr'>et</span> <span class='ocrx_word' id='word_1_586' title='bbox 1471 1886 1644 1925; x_wconf 71' lang='lat' dir='ltr'>diligentia</span> 
     </span>
     <span class='ocr_line' id='line_1_105' title="bbox 915 1929 1644 1969; baseline 0 -8"><span class='ocrx_word' id='word_1_587' title='bbox 915 1931 1081 1969; x_wconf 85' lang='lat' dir='ltr'>quomodo</span> <span class='ocrx_word' id='word_1_588' title='bbox 1108 1931 1276 1967; x_wconf 84' lang='lat' dir='ltr'>differant,</span> <span class='ocrx_word' id='word_1_589' title='bbox 1300 1929 1446 1969; x_wconf 86' lang='lat' dir='ltr'>intelligi</span> <span class='ocrx_word' id='word_1_590' title='bbox 1469 1934 1581 1969; x_wconf 89' lang='lat' dir='ltr'>potest</span> <span class='ocrx_word' id='word_1_591' title='bbox 1601 1940 1644 1961; x_wconf 77' lang='lat' dir='ltr'>ex</span> 
     </span>
     <span class='ocr_line' id='line_1_106' title="bbox 913 1973 1644 2014; baseline -0.001 -10"><span class='ocrx_word' id='word_1_592' title='bbox 913 1973 1006 2005; x_wconf 90' lang='lat' dir='ltr'>Verr.</span> <span class='ocrx_word' id='word_1_593' title='bbox 1031 1975 1052 2004; x_wconf 90' lang='lat' dir='ltr'>i.</span> <span class='ocrx_word' id='word_1_594' title='bbox 1076 1975 1107 2005; x_wconf 81' lang='lat'>6.</span> <span class='ocrx_word' id='word_1_595' title='bbox 1137 1984 1202 2014; x_wconf 89' lang='lat' dir='ltr'>quo</span> <span class='ocrx_word' id='word_1_596' title='bbox 1225 1975 1260 2004; x_wconf 89' lang='lat' dir='ltr'>in</span> <span class='ocrx_word' id='word_1_597' title='bbox 1284 1973 1420 2013; x_wconf 87' lang='lat' dir='ltr'>negotio</span> <span class='ocrx_word' id='word_1_598' title='bbox 1443 1973 1644 2005; x_wconf 87' lang='lat' dir='ltr'>industriam</span> 
     </span>
     <span class='ocr_line' id='line_1_107' title="bbox 915 2016 1643 2056; baseline -0.003 -8"><span class='ocrx_word' id='word_1_599' title='bbox 915 2027 1024 2048; x_wconf 85' lang='lat' dir='ltr'>meam</span> <span class='ocrx_word' id='word_1_600' title='bbox 1052 2018 1203 2048; x_wconf 80' lang='lat' dir='ltr'>celeritas</span> <span class='ocrx_word' id='word_1_601' title='bbox 1225 2017 1412 2054; x_wconf 84' lang='lat' dir='ltr'>reditionis,</span> <span class='ocrx_word' id='word_1_602' title='bbox 1437 2016 1643 2056; x_wconf 76' lang='lat' dir='ltr'>diligentiam</span> 
     </span>
     <span class='ocr_line' id='line_1_108' title="bbox 914 2060 1641 2092; baseline -0.003 0"><span class='ocrx_word' id='word_1_603' title='bbox 914 2061 1098 2092; x_wconf 82' lang='lat' dir='ltr'>multitudo</span> <span class='ocrx_word' id='word_1_604' title='bbox 1122 2061 1297 2092; x_wconf 86' lang='lat' dir='ltr'>literarum</span> <span class='ocrx_word' id='word_1_605' title='bbox 1319 2064 1354 2090; x_wconf 83' lang='lat' dir='ltr'>et</span> <span class='ocrx_word' id='word_1_606' title='bbox 1374 2060 1516 2091; x_wconf 83' lang='lat' dir='ltr'>testium</span> <span class='ocrx_word' id='word_1_607' title='bbox 1531 2060 1641 2091; x_wconf 84' lang='lat' dir='ltr'>decla.-</span> 
     </span>
     <span class='ocr_line' id='line_1_109' title="bbox 913 2103 1641 2146; baseline -0.001 -11"><span class='ocrx_word' id='word_1_608' title='bbox 913 2106 1010 2136; x_wconf 86' lang='lat' dir='ltr'>ravit.</span> <span class='ocrx_word' id='word_1_609' title='bbox 1055 2106 1185 2146; x_wconf 82' lang='lat' dir='ltr'>Nempe</span> <span class='ocrx_word' id='word_1_610' title='bbox 1207 2105 1380 2144; x_wconf 65' lang='lat' dir='ltr'>diligentia</span> <span class='ocrx_word' id='word_1_611' title='bbox 1393 2108 1444 2135; x_wconf 83' lang='lat' dir='ltr'>est</span> <span class='ocrx_word' id='word_1_612' title='bbox 1460 2113 1533 2144; x_wconf 84' lang='lat' dir='ltr'>quae</span> <span class='ocrx_word' id='word_1_613' title='bbox 1550 2103 1641 2134; x_wconf 84' lang='lat' dir='ltr'>Grae·</span> 
     </span>
     <span class='ocr_line' id='line_1_110' title="bbox 913 2129 1643 2192; baseline -0.003 -13"><span class='ocrx_word' id='word_1_614' title='bbox 913 2150 959 2179; x_wconf 87' lang='lat' dir='ltr'>cis</span> <span class='ocrx_word' id='word_1_615' title='bbox 990 2149 1136 2192; x_wconf 42' lang='lat' dir='ltr'>timiam,</span> <span class='ocrx_word' id='word_1_616' title='bbox 1164 2129 1510 2189; x_wconf 65' lang='lat' dir='ltr'>cura‚⁰provide11tia,</span> <span class='ocrx_word' id='word_1_617' title='bbox 1544 2147 1643 2178; x_wconf 86' lang='lat' dir='ltr'>indu-</span> 
     </span>
     <span class='ocr_line' id='line_1_111' title="bbox 912 2190 1640 2225; baseline 0 -3"><span class='ocrx_word' id='word_1_618' title='bbox 912 2194 994 2223; x_wconf 84' lang='lat' dir='ltr'>stria</span> <span class='ocrx_word' id='word_1_619' title='bbox 1009 2200 1059 2223; x_wconf 88' lang='lat' dir='ltr'>est</span> <span class='ocrx_word' id='word_1_620' title='bbox 1075 2193 1230 2223; x_wconf 84' lang='lat' dir='ltr'>alacritas</span> <span class='ocrx_word' id='word_1_621' title='bbox 1246 2196 1280 2222; x_wconf 82' lang='lat' dir='ltr'>et</span> <span class='ocrx_word' id='word_1_622' title='bbox 1295 2191 1445 2222; x_wconf 81' lang='lat' dir='ltr'>studium</span> <span class='ocrx_word' id='word_1_623' title='bbox 1468 2191 1503 2222; x_wconf 91' lang='lat' dir='ltr'>in</span> <span class='ocrx_word' id='word_1_624' title='bbox 1527 2190 1640 2225; x_wconf 77' lang='lat' dir='ltr'>labore</span> 
     </span>
     <span class='ocr_line' id='line_1_112' title="bbox 914 2234 1577 2286; baseline -0.005 -19"><span class='ocrx_word' id='word_1_625' title='bbox 914 2236 1137 2276; x_wconf 73' lang='lat' dir='ltr'>suscipiendo,</span> <span class='ocrx_word' id='word_1_626' title='bbox 1153 2235 1303 2286; x_wconf 79' lang='lat' dir='ltr'>urgendo</span> <span class='ocrx_word' id='word_1_627' title='bbox 1319 2240 1355 2265; x_wconf 88' lang='lat' dir='ltr'>et</span> <span class='ocrx_word' id='word_1_628' title='bbox 1368 2234 1577 2275; x_wconf 83' lang='lat' dir='ltr'>perferendo.</span> 
     </span>
    </p>

    <p class='ocr_par' dir='ltr' id='par_1_13' title="bbox 912 2277 1643 2669">
     <span class='ocr_line' id='line_1_113' title="bbox 957 2277 1643 2318; baseline -0.004 -8"><span class='ocrx_word' id='word_1_629' title='bbox 957 2280 1048 2318; x_wconf 72' lang='lat' dir='ltr'>Dilig</span> <span class='ocrx_word' id='word_1_630' title='bbox 1039 2281 1228 2318; x_wconf 73' lang='lat' dir='ltr'>entissime,</span> <span class='ocrx_word' id='word_1_631' title='bbox 1245 2279 1279 2309; x_wconf 90' lang='lat' dir='ltr'>in</span> <span class='ocrx_word' id='word_1_632' title='bbox 1296 2277 1599 2317; x_wconf 84' lang='lat' dir='ltr'>commendando,</span> <span class='ocrx_word' id='word_1_633' title='bbox 1590 2288 1643 2310; x_wconf 40' lang='grc' dir='ltr'>ωε·</span> 
     </span>
     <span class='ocr_line' id='line_1_114' title="bbox 912 2323 1643 2363; baseline -0.001 -10"><span class='ocrx_word' id='word_1_634' title='bbox 912 2323 1127 2361; x_wconf 75' lang='lat' dir='ltr'>tercedendo,</span> <span class='ocrx_word' id='word_1_635' title='bbox 1151 2323 1358 2363; x_wconf 83' lang='lat' dir='ltr'>deprecando</span> <span class='ocrx_word' id='word_1_636' title='bbox 1381 2326 1444 2360; x_wconf 84' lang='lat' dir='ltr'>est,</span> <span class='ocrx_word' id='word_1_637' title='bbox 1459 2331 1538 2352; x_wconf 86' lang='lat' dir='ltr'>cum</span> <span class='ocrx_word' id='word_1_638' title='bbox 1560 2331 1643 2353; x_wconf 73' lang='lat' dir='ltr'>eura</span> 
     </span>
     <span class='ocr_line' id='line_1_115' title="bbox 913 2366 1642 2397; baseline -0.003 0"><span class='ocrx_word' id='word_1_639' title='bbox 913 2372 949 2397; x_wconf 88' lang='lat' dir='ltr'>et</span> <span class='ocrx_word' id='word_1_640' title='bbox 971 2377 1048 2397; x_wconf 85' lang='lat' dir='ltr'>cum</span> <span class='ocrx_word' id='word_1_641' title='bbox 1069 2367 1202 2397; x_wconf 82' lang='lat' dir='ltr'>delectu</span> <span class='ocrx_word' id='word_1_642' title='bbox 1216 2367 1393 2397; x_wconf 84' lang='lat' dir='ltr'>verborum</span> <span class='ocrx_word' id='word_1_643' title='bbox 1409 2370 1445 2396; x_wconf 89' lang='lat' dir='ltr'>et</span> <span class='ocrx_word' id='word_1_644' title='bbox 1457 2366 1642 2396; x_wconf 83' lang='lat' dir='ltr'>sententia-</span> 
     </span>
     <span class='ocr_line' id='line_1_116' title="bbox 915 2408 1642 2450; baseline -0.003 -9"><span class='ocrx_word' id='word_1_645' title='bbox 915 2421 1003 2448; x_wconf 87' lang='lat' dir='ltr'>rum,</span> <span class='ocrx_word' id='word_1_646' title='bbox 1027 2422 1068 2441; x_wconf 83' lang='lat' dir='ltr'>ex</span> <span class='ocrx_word' id='word_1_647' title='bbox 1092 2411 1226 2450; x_wconf 82' lang='lat' dir='ltr'>quibus,</span> <span class='ocrx_word' id='word_1_648' title='bbox 1249 2415 1415 2450; x_wconf 83' lang='lat' dir='ltr'>quantum</span> <span class='ocrx_word' id='word_1_649' title='bbox 1437 2408 1564 2448; x_wconf 89' lang='lat' dir='ltr'>aliquid</span> <span class='ocrx_word' id='word_1_650' title='bbox 1585 2419 1642 2439; x_wconf 86' lang='lat' dir='ltr'>ve-</span> 
     </span>
     <span class='ocr_line' id='line_1_117' title="bbox 915 2453 1642 2494; baseline -0.003 -9"><span class='ocrx_word' id='word_1_651' title='bbox 915 2454 1028 2491; x_wconf 77' lang='lat' dir='ltr'>limus,</span> <span class='ocrx_word' id='word_1_652' title='bbox 1042 2454 1185 2494; x_wconf 84' lang='lat' dir='ltr'>intelligi</span> <span class='ocrx_word' id='word_1_653' title='bbox 1199 2459 1321 2494; x_wconf 80' lang='lat' dir='ltr'>potest.</span> <span class='ocrx_word' id='word_1_654' title='bbox 1333 2464 1364 2484; x_wconf 87' lang='lat' dir='ltr'>v.</span> <span class='ocrx_word' id='word_1_655' title='bbox 1375 2463 1405 2483; x_wconf 88' lang='lat' dir='ltr'>c.</span> <span class='ocrx_word' id='word_1_656' title='bbox 1422 2453 1462 2483; x_wconf 86' lang='lat' dir='ltr'>ad</span> <span class='ocrx_word' id='word_1_657' title='bbox 1479 2453 1555 2484; x_wconf 91' lang='lat' dir='ltr'>Div.</span> <span class='ocrx_word' id='word_1_658' title='bbox 1570 2453 1642 2493; x_wconf 67' lang='lat' dir='ltr'>xiii,</span> 
     </span>
     <span class='ocr_line' id='line_1_118' title="bbox 918 2497 1642 2537; baseline -0.003 -8"><span class='ocrx_word' id='word_1_659' title='bbox 918 2501 966 2529; x_wconf 89' lang='lat'>10.</span> <span class='ocrx_word' id='word_1_660' title='bbox 990 2499 1232 2537; x_wconf 79' lang='lat' dir='ltr'>diligentissime</span> <span class='ocrx_word' id='word_1_661' title='bbox 1254 2498 1409 2528; x_wconf 87' lang='lat' dir='ltr'>scribere.</span> <span class='ocrx_word' id='word_1_662' title='bbox 1437 2497 1457 2515; x_wconf 67' lang='lat'>³*</span> <span class='ocrx_word' id='word_1_663' title='bbox 1473 2506 1552 2526; x_wconf 88' lang='lat' dir='ltr'>cum</span> <span class='ocrx_word' id='word_1_664' title='bbox 1573 2497 1642 2528; x_wconf 88' lang='lat' dir='ltr'>sin-</span> 
     </span>
     <span class='ocr_line' id='line_1_119' title="bbox 914 2539 1641 2582; baseline -0.001 -10"><span class='ocrx_word' id='word_1_665' title='bbox 914 2541 1022 2582; x_wconf 73' lang='lat' dir='ltr'>gulari</span> <span class='ocrx_word' id='word_1_666' title='bbox 1045 2542 1182 2572; x_wconf 79' lang='lat' dir='ltr'>dilectu.</span> <span class='ocrx_word' id='word_1_667' title='bbox 1212 2541 1307 2572; x_wconf 90' lang='lat' dir='ltr'>Verr.</span> <span class='ocrx_word' id='word_1_668' title='bbox 1330 2541 1363 2570; x_wconf 88' lang='lat' dir='ltr'>ii.</span> <span class='ocrx_word' id='word_1_669' title='bbox 1388 2543 1440 2571; x_wconf 88' lang='grc'>53.</span> <span class='ocrx_word' id='word_1_670' title='bbox 1471 2539 1526 2570; x_wconf 86' lang='lat' dir='ltr'>ille</span> <span class='ocrx_word' id='word_1_671' title='bbox 1549 2540 1641 2572; x_wconf 77' lang='lat' dir='ltr'>enim</span> 
     </span>
     <span class='ocr_line' id='line_1_120' title="bbox 914 2584 1640 2624; baseline -0.001 -9"><span class='ocrx_word' id='word_1_672' title='bbox 914 2591 966 2615; x_wconf 80' lang='lat' dir='ltr'>est</span> <span class='ocrx_word' id='word_1_673' title='bbox 982 2585 1211 2624; x_wconf 80' lang='lat' dir='ltr'>magistratus,</span> <span class='ocrx_word' id='word_1_674' title='bbox 1223 2585 1279 2624; x_wconf 89' lang='lat' dir='ltr'>qui</span> <span class='ocrx_word' id='word_1_675' title='bbox 1292 2584 1532 2624; x_wconf 76' lang='lat' dir='ltr'>diligentissime</span> <span class='ocrx_word' id='word_1_676' title='bbox 1545 2593 1640 2615; x_wconf 78' lang='lat' dir='ltr'>man·</span> 
     </span>
     <span class='ocr_line' id='line_1_121' title="bbox 916 2628 1200 2669; baseline 0 -9"><span class='ocrx_word' id='word_1_677' title='bbox 916 2628 1015 2660; x_wconf 86' lang='lat' dir='ltr'>datur</span> <span class='ocrx_word' id='word_1_678' title='bbox 1031 2639 1049 2659; x_wconf 84' lang='lat' dir='ltr'>a</span> <span class='ocrx_word' id='word_1_679' title='bbox 1065 2628 1200 2669; x_wconf 81' lang='lat' dir='ltr'>popuIO.</span> 
     </span>
    </p>

    <p class='ocr_par' dir='ltr' id='par_1_14' title="bbox 911 2670 1642 2930">
     <span class='ocr_line' id='line_1_122' title="bbox 957 2670 1642 2711; baseline 0 -8"><span class='ocrx_word' id='word_1_680' title='bbox 957 2672 1121 2711; x_wconf 78' lang='lat' dir='ltr'>Diligere‚</span> <span class='ocrx_word' id='word_1_681' title='bbox 1137 2672 1226 2702; x_wconf 84' lang='lat' dir='ltr'>idem</span> <span class='ocrx_word' id='word_1_682' title='bbox 1242 2675 1294 2702; x_wconf 88' lang='lat' dir='ltr'>est</span> <span class='ocrx_word' id='word_1_683' title='bbox 1308 2671 1439 2711; x_wconf 84' lang='lat' dir='ltr'>proprie</span> <span class='ocrx_word' id='word_1_684' title='bbox 1455 2671 1543 2710; x_wconf 87' lang='lat' dir='ltr'>quod</span> <span class='ocrx_word' id='word_1_685' title='bbox 1559 2670 1642 2704; x_wconf 61' lang='lat' dir='ltr'>deli».</span> 
     </span>
     <span class='ocr_line' id='line_1_123' title="bbox 913 2714 1638 2755; baseline 0.001 -10"><span class='ocrx_word' id='word_1_686' title='bbox 913 2725 1002 2755; x_wconf 84' lang='lat' dir='ltr'>gere.</span> <span class='ocrx_word' id='word_1_687' title='bbox 1041 2715 1111 2746; x_wconf 87' lang='lat' dir='ltr'>Fin.</span> <span class='ocrx_word' id='word_1_688' title='bbox 1140 2715 1186 2745; x_wconf 81' lang='lat' dir='ltr'>iii.</span> <span class='ocrx_word' id='word_1_689' title='bbox 1217 2718 1246 2746; x_wconf 86' lang='lat'>5.</span> <span class='ocrx_word' id='word_1_690' title='bbox 1281 2714 1406 2745; x_wconf 86' lang='lat' dir='ltr'>animal</span> <span class='ocrx_word' id='word_1_691' title='bbox 1435 2714 1546 2754; x_wconf 85' lang='lat' dir='ltr'>ipsum</span> <span class='ocrx_word' id='word_1_692' title='bbox 1575 2715 1638 2746; x_wconf 84' lang='lat' dir='ltr'>sibi</span> 
     </span>
     <span class='ocr_line' id='line_1_124' title="bbox 913 2758 1642 2795; baseline 0.001 -6"><span class='ocrx_word' id='word_1_693' title='bbox 913 2759 1140 2789; x_wconf 79' lang='lat' dir='ltr'>commendari</span> <span class='ocrx_word' id='word_1_694' title='bbox 1164 2758 1206 2788; x_wconf 88' lang='lat' dir='ltr'>ad</span> <span class='ocrx_word' id='word_1_695' title='bbox 1229 2768 1263 2788; x_wconf 85' lang='lat' dir='ltr'>se</span> <span class='ocrx_word' id='word_1_696' title='bbox 1283 2758 1642 2795; x_wconf 82' lang='lat' dir='ltr'>conservandum,—et</span> 
     </span>
     <span class='ocr_line' id='line_1_125' title="bbox 913 2802 1641 2842; baseline 0.001 -10"><span class='ocrx_word' id='word_1_697' title='bbox 913 2803 956 2833; x_wconf 85' lang='lat' dir='ltr'>ad</span> <span class='ocrx_word' id='word_1_698' title='bbox 978 2813 1029 2840; x_wconf 84' lang='lat' dir='ltr'>ea,</span> <span class='ocrx_word' id='word_1_699' title='bbox 1046 2811 1120 2842; x_wconf 86' lang='lat' dir='ltr'>quae</span> <span class='ocrx_word' id='word_1_700' title='bbox 1141 2805 1222 2832; x_wconf 84' lang='lat' dir='ltr'>sunt</span> <span class='ocrx_word' id='word_1_701' title='bbox 1244 2802 1477 2832; x_wconf 79' lang='lat' dir='ltr'>conservantia</span> <span class='ocrx_word' id='word_1_702' title='bbox 1497 2802 1548 2832; x_wconf 76' lang='lat' dir='ltr'>sui</span> <span class='ocrx_word' id='word_1_703' title='bbox 1571 2811 1641 2834; x_wconf 64' lang='lat' dir='ltr'>sta÷</span> 
     </span>
     <span class='ocr_line' id='line_1_126' title="bbox 912 2844 1639 2885; baseline 0 -9"><span class='ocrx_word' id='word_1_704' title='bbox 912 2853 968 2876; x_wconf 88' lang='lat' dir='ltr'>tus</span> <span class='ocrx_word' id='word_1_705' title='bbox 991 2845 1166 2885; x_wconf 74' lang='lat' dir='ltr'>diligenda.</span> <span class='ocrx_word' id='word_1_706' title='bbox 1220 2844 1310 2875; x_wconf 82' lang='lat' dir='ltr'>Hinc</span> <span class='ocrx_word' id='word_1_707' title='bbox 1332 2845 1468 2884; x_wconf 74' lang='lat' dir='ltr'>diligere</span> <span class='ocrx_word' id='word_1_708' title='bbox 1492 2844 1639 2884; x_wconf 82' lang='lat' dir='ltr'>aliquem</span> 
     </span>
     <span class='ocr_line' id='line_1_127' title="bbox 911 2889 1642 2930; baseline -0.003 -9"><span class='ocrx_word' id='word_1_709' title='bbox 911 2896 975 2928; x_wconf 76' lang='lat' dir='ltr'>cst,</span> <span class='ocrx_word' id='word_1_710' title='bbox 990 2894 1126 2930; x_wconf 75' lang='lat' dir='ltr'>propter</span> <span class='ocrx_word' id='word_1_711' title='bbox 1139 2889 1281 2921; x_wconf 76' lang='lat' dir='ltr'>virtutes</span> <span class='ocrx_word' id='word_1_712' title='bbox 1295 2889 1367 2929; x_wconf 77' lang='lat' dir='ltr'>ejus</span> <span class='ocrx_word' id='word_1_713' title='bbox 1383 2898 1403 2922; x_wconf 77' lang='lat' dir='ltr'>a</span> <span class='ocrx_word' id='word_1_714' title='bbox 1417 2889 1514 2923; x_wconf 66' lang='lat' dir='ltr'>nabis¹</span> <span class='ocrx_word' id='word_1_715' title='bbox 1527 2889 1642 2929; x_wconf 74' lang='lat' dir='ltr'>cogni·</span> 
     </span>
    </p>
   </div>
   <div class='ocr_carea' id='block_1_4' title="bbox 1000 1186 1648 1228">
    <p class='ocr_par' dir='ltr' id='par_1_15' title="bbox 1000 1186 1648 1228">
     <span class='ocr_line' id='line_1_128' title="bbox 1000 1186 1648 1228; baseline 0.003 -11"><span class='ocrx_word' id='word_1_716' title='bbox 1000 1186 1081 1218; x_wconf 84' lang='lat' dir='ltr'>Coel.</span> <span class='ocrx_word' id='word_1_717' title='bbox 1095 1190 1149 1218; x_wconf 84' lang='lat'>31.</span> <span class='ocrx_word' id='word_1_718' title='bbox 1172 1188 1439 1228; x_wconf 76' lang='lat' dir='ltr'>diligentissimus</span> <span class='ocrx_word' id='word_1_719' title='bbox 1452 1188 1562 1219; x_wconf 91' lang='lat' dir='ltr'>omnis</span> <span class='ocrx_word' id='word_1_720' title='bbox 1576 1189 1648 1219; x_wconf 84' lang='lat' dir='ltr'>offi-</span> 
     </span>
    </p>
   </div>
  </div>
 </body>
</html>
