1800 3131
87 177 170 218 254

89 277 280 316 AEbufium,
305 287 404 318 quam
435 288 477 309 ne
500 278 539 309 de
564 289 603 310 eo
627 285 819 311 contemtus

92 331 162 352 esse
192 321 355 352 videatur.
400 322 464 352 Sed
490 333 521 353 ν.
547 328 618 354 not.
648 325 719 355 Att.
750 325 818 355 xiii.

91 369 144 397 31.
167 366 206 396 de
222 365 303 395 Pilio
319 366 410 396 emit.

134 409 250 440 Debeo.
282 410 324 439 ad
355 409 430 439 Div.
461 410 481 440 i.
517 413 544 440 1.
581 414 664 441 extr.
694 421 753 441 nos
784 412 819 440 in

92 461 192 483 causa
204 453 414 483 auctoritatis
426 453 537 484 minus
551 453 722 491 habemus,
733 455 821 493 quod

91 496 154 527 tibi
191 497 351 534 debemus,
380 496 452 528 scil.
485 502 620 537 propter
657 497 821 527 beneficia

91 542 164 570 tua.

135 583 330 614 Debiliture.
364 583 469 613 Flacc.
486 587 539 613 30.
570 583 719 613 membra
738 584 822 613 dela·-

94 627 192 657 lz'tare
215 626 393 667 lapidibus,
409 627 573 664 fustibu53
601 631 653 656 est
675 627 820 656 confrin-

93 679 184 709 gere,
207 676 243 700 et
269 680 384 700 eorum
412 680 509 700 usum
537 669 677 699 auferre.
733 669 819 699 Nam

92 713 207 744 debiles
236 713 406 750 dicuutur,
439 714 493 752 qui
523 713 634 751 aliquo
673 714 822 743 membro

92 757 238 797 corporis
255 758 345 797 capti
361 760 452 786 sunt.
479 767 508 785 v.
526 756 632 786 Graev.
650 755 691 785 ad
706 756 822 796 Agrar.

92 799 127 830 ii.
143 803 195 831 33.

136 843 311 880 Debilem,
329 842 368 872 de
393 842 583 882 corporibus
602 847 698 883 parte
713 843 824 882 aliqua

92 887 270 918 truncatis.
295 887 394 917 Tusc.
412 887 458 916 iii.
475 889 526 916 34.
553 887 622 916 Fin.
641 896 669 916 v.
686 889 738 918 28.
768 888 824 917 bo-

96 940 178 960 num
198 931 371 969 integritas
396 930 554 970 corporis,
571 930 694 960 misera
715 931 825 961 debili-

94 978 146 1004 tas
161 978 223 1003 est.
619 985 622 989 ·

137 1017 348 1048 Debilitatus.
378 1017 494 1057 Quint.
514 1020 542 1047 l.
573 1018 695 1047 veritas
716 1017 824 1048 debili-

94 1064 166 1091 tata
189 1065 378 1098 recreatum
409 1071 487 1090 cum
513 1070 670 1100 oppressa
691 1061 824 1098 suisset,

95 1104 250 1143 emergit,
274 1109 309 1134 et
333 1105 555 1143 cognoscitur.
584 1104 825 1144 ²¹¹²pe1·territus.

94 1148 152 1178 Or.
168 1147 202 1177 ii.
219 1151 271 1178 33.
304 1148 463 1178 debilitati
485 1158 505 1178 a
521 1149 599 1186 jure
623 1158 825 1187 cognoscen-

95 1191 149 1228 do,
166 1190 374 1221 voluntatem
391 1191 540 1222 discendi
554 1191 654 1221 simul
674 1202 750 1222 cum
767 1202 825 1232 spe

94 1234 305 1274 perdiscendi
321 1235 551 1273 abjiceremus.
600 1236 753 1265 Pearcius
769 1236 826 1266 ad-

88 1278 275 1316 jiciendum
297 1283 414 1319 putat:
441 1284 556 1316 metu;
582 1279 670 1317 quod
686 1279 720 1308 in
746 1279 825 1309 duo-

95 1322 155 1352 bus
173 1322 266 1352 MSS.
283 1323 420 1362 reperit,
437 1326 474 1352 ut
491 1327 542 1352 est
559 1323 630 1352 aliis
647 1322 738 1353 locis.
762 1323 827 1352 Sed

95 1365 377 1404 quemadmodum
414 1365 580 1396 vulnerati
611 1371 645 1396 et
676 1367 826 1396 membro

95 1409 207 1448 aliquo
223 1409 313 1449 capti
336 1409 535 1449 simpliciter
552 1410 728 1446 debilitari,
743 1411 828 1440 debi-

96 1453 184 1483 litatc'
220 1452 391 1490 dicuntur,
425 1454 546 1483 omisso
584 1454 729 1493 corporis
768 1458 828 1483 aut

97 1496 237 1526 membri
261 1497 409 1533 nomine,
428 1506 494 1535 quo
517 1497 747 1529 debilitantur,-
780 1498 826 1527 sic

95 1539 199 1569 etiam
215 1540 347 1570 animus
363 1541 545 1571 debilitatus
568 1540 766 1580 simpliciter
781 1541 831 1571 di-

97 1584 127 1613 ci
150 1589 274 1623 potest,
291 1593 351 1624 pro
374 1591 470 1614 metu
493 1585 687 1614 debilitatus.
719 1584 828 1623 *Agn

97 1627 130 1656 ii.
149 1630 201 1658 33.
231 1628 339 1657 nervis
363 1627 518 1657 omnibus
539 1627 693 1665 exsectis,
710 1628 827 1658 urbem

95 1670 200 1710 ipsam
226 1670 370 1701 solutam
399 1681 437 1701 ac
463 1671 662 1701 debilitatam
687 1671 831 1710 relique-

97 1719 188 1744 runt.
217 1714 322 1744 ducta
343 1714 541 1754 metaphora
563 1715 603 1744 ab
627 1724 667 1744 ea
681 1715 770 1744 verbi
787 1715 830 1744 si-

99 1758 327 1797 gnificatione,
345 1758 384 1788 de
400 1768 466 1797 qua
482 1758 548 1788 dixi
565 1759 598 1788 in
616 1758 795 1788 debilitare.

141 1801 271 1832 Debitio
286 1803 449 1841 pecuniae.
474 1801 588 1831 Plane.
604 1804 656 1832 28.

143 1845 343 1876 Decantare.
388 1846 445 1875 Or.
475 1845 509 1874 ii.
544 1848 592 1876 18.
634 1845 833 1885 pervulgata

97 1892 268 1928 praecepta
297 1889 482 1919 decantare.
525 1889 695 1919 *cantum
722 1889 831 1919 finire.

98 1932 198 1963 'rusa
215 1933 261 1962 iii.
285 1933 337 1963 22.
361 1934 434 1972 jam
459 1933 731 1966 decantaverant,-
763 1938 834 1963 tro-

98 1976 183 2015 pice.

144 2019 364 2056 Decantatus,
382 2020 550 2058 cognitus,
569 2019 734 2059 planeque
758 2030 833 2060 per-

99 2068 245 2103 spectus.
275 2064 334 2094 Or.
353 2063 387 2092 ii.
408 2065 460 2094 32.
491 2073 607 2093 omnes
631 2064 832 2102 quaestiones

101 2116 274 2146 percursas
306 2107 419 2136 animo
447 2116 485 2136 ac
510 2117 613 2147 prope
643 2107 834 2138 decantatas

99 2149 221 2180 habere
238 2151 372 2180 debent.

142 2193 317 2224 Deccdere.
349 2194 443 2224 Verr.
461 2193 495 2224 ii.
511 2195 564 2225 20.
596 2193 713 2233 ltaque
737 2193 833 2224 Sthe-

102 2237 264 2267 nius—de
295 2237 466 2278 provincia
493 2238 632 2268 decessit.
684 2237 833 2268 Graevius

100 2281 261 2320 probabat
279 2282 510 2320 conjecturam
534 2281 759 2319 Hotomanni,
777 2282 833 2320 qui

101 2324 252 2355 discessit
274 2324 455 2364 legendum
479 2325 635 2364 putabat,
653 2325 740 2364 quod
764 2335 835 2354 ma-

102 2368 260 2406 gistratus
290 2372 428 2398 tantum
456 2368 604 2398 decedere
631 2368 835 2398 dicerentur.

104 2411 230 2441 Eodem
254 2412 353 2442 modo
375 2412 523 2441 tentavit
546 2411 694 2441 Graevius
723 2411 835 2442 locum

102 2453 196 2485 Verr.
221 2455 267 2484 iii.
293 2458 347 2486 41.
386 2455 613 2494 negotiatores
644 2455 740 2485 inviti
771 2455 837 2485 Ro-

103 2507 194 2528 mam
218 2508 358 2538 raroque
382 2499 549 2529 decedunt.
595 2498 660 2528 Sed
683 2499 710 2528 si
726 2502 836 2528 atten-

103 2540 206 2571 disset
229 2542 279 2572 vir
302 2542 527 2579 doctissimus,
553 2541 651 2572 facile
677 2551 836 2581 magnam

103 2585 234 2624 copiam
258 2585 406 2616 locorum
430 2586 466 2615 in
482 2586 554 2625 ipso
569 2585 728 2616 Cicerone
747 2585 840 2615 colli-

104 2637 182 2667 gere
197 2630 375 2668 potuisset,
395 2629 450 2658 ubi
465 2629 614 2659 decedere
636 2629 676 2659 de
700 2629 837 2669 privatis

104 2672 239 2702 dicitur.
284 2672 410 2702 Paucos
450 2671 489 2702 de
528 2672 646 2702 multis
682 2671 836 2702 laudasse

103 2715 284 2745 suffecerit.
315 2715 409 2746 Verr.
435 2716 470 2745 ii.
497 2717 550 2749 27.
579 2716 722 2747 Romam
749 2716 838 2746 dece·-

104 2759 179 2789 dere
206 2767 340 2788 mecum
379 2759 559 2799 cupierunt
596 2759 773 2789 Heraclius
802 2764 839 2789 et

104 2800 289 2841 Epicrates.
319 2802 399 2832 ibid.
414 2803 468 2833 65.
499 2809 537 2833 ut
556 2802 659 2832 Siculi
675 2803 736 2832 sibi
752 2813 770 2832 e
787 2803 838 2833 Si-

104 2845 182 2875 cilia
209 2845 425 2875 det-edendnm
443 2845 661 2876 arbitrentur.
688 2846 767 2877 ibid.
784 2849 838 2880 77.

104 2887 280 2919 Verrutius
307 2889 369 2919 iste
398 2889 433 2919 in
460 2889 574 2919 Sicilia
604 2890 661 2928 sit,
682 2890 755 2929 jam
786 2890 841 2920 de·

104 2933 242 2962 cesserit.
260 2931 331 2962 Att.
343 2942 374 2961 v.
388 2935 440 2963 21.
456 2933 584 2971 equites
601 2943 641 2963 ex
660 2933 768 2973 Cypro
786 2934 840 2964 de-

104 2976 214 3018 cedere
230 2976 328 3016 jussi.
373 2976 428 3006 Sic
451 2979 504 3005 est
525 2976 627 3007 etiam
651 2977 731 3007 ibid.
747 2977 791 3008 vi.
811 2980 839 3007 1.

605 189 751 219 ῐ-ΝΒΕΧ
781 189 1077 220 LATmlTATIS.

863 284 894 312 3.
926 281 967 311 ad
982 281 1057 311 Div.
1083 280 1117 310 ii.
1135 281 1186 310 11.
1217 289 1249 309 x.
1266 278 1317 310 32.
1347 277 1404 310 xii.
1427 280 1481 311 30.
1503 283 1590 311 extr.

864 325 923 354 διο.
968 324 1086 363 Neque
1114 323 1221 354 solum
1246 322 1285 352 de
1310 324 1480 362 provincia
1504 324 1592 354 dece-

863 368 938 398 dere
961 368 1096 406 dicitur,
1113 367 1170 398 sed
1189 368 1295 397 Roma
1312 367 1425 396 etiam.
1455 366 1497 397 ad
1511 367 1591 397 Div.

863 411 932 441 viii.
954 414 1001 441 10.
1021 416 1106 441 extr.
1136 411 1200 441 mei
1219 410 1317 440 officii
1341 415 1404 447 est,
1422 410 1593 440 meminis-

864 463 912 491 se,
925 464 991 493 qua
1006 454 1227 484 obtestatione
1243 453 1392 484 decedens
1404 453 1485 483 mihi
1498 463 1594 484 man-

865 497 962 527 daris.
1008 498 1116 536 Atque
1137 498 1217 527 adeo
1242 506 1300 536 pro
1322 497 1489 527 discedere
1513 496 1596 526 dici-

864 545 932 570 tur.
964 541 1042 570 ibid.
1065 544 1091 571 l.
1118 541 1206 580 quod
1224 542 1285 570 tibi
1302 541 1451 571 decedens
1466 540 1596 580 pollici-

865 588 920 613 tus
945 593 1032 621 sum,
1050 584 1082 614 h.
1106 595 1135 614 e.
1158 584 1329 614 discedens
1353 595 1372 614 a
1394 591 1441 622 te,
1458 593 1537 614 cum
1560 587 1596 614 te

867 627 1046 656 abeuntem
1076 628 1110 657 in
1136 629 1340 667 provinciam
1367 636 1594 667 prosequerer.

867 670 923 699 ubi
941 681 970 700 v.
987 669 1120 700 Manut.
1150 671 1168 690 ¹*
1182 670 1223 701 ad
1247 672 1321 702 Div.
1339 672 1407 701 xiii.
1425 671 1476 702 56.
1507 671 1596 701 dece-

867 714 941 743 dere
952 714 991 743 de
1008 714 1214 753 hypothecis,
1227 720 1290 752 est,
1305 714 1507 755 hypothecas
1525 724 1596 745 cre-

868 756 967 787 ditori
990 757 1134 794 tradere,
1159 764 1197 787 ut
1223 767 1277 788 eas
1301 767 1368 788 non
1391 758 1597 798 hypotheca-

868 809 955 838 rum,
974 801 1031 830 sed
1047 800 1185 830 dominii
1197 801 1274 837 jure
1291 801 1421 832 habeat.
1437 801 1528 832 *Ate
1540 802 1597 832 vii.

867 846 897 874 2.
929 849 1094 883 quartana
1115 845 1254 874 decessit.
1285 844 1462 875 *decedere
1480 845 1597 875 dicun-

867 891 924 918 tur
949 888 1043 918 nobis
1069 888 1169 925 obvii,
1194 888 1249 927 qui
1277 888 1410 918 honoris
1434 897 1535 918 causa
1556 888 1597 918 de

870 932 921 961 via
943 932 1127 969 declinant,
1145 941 1186 961 ne
1209 932 1303 962 nobis
1326 931 1361 961 id
1382 930 1491 961 facere
1514 941 1597 972 opus

868 975 922 1005 sit.
948 974 1030 1005 Cato
1050 977 1099 1006 18.

906 1018 1136 1058 ,Decemprimz'
1151 1018 1312 1049 dicuntur
1327 1017 1440 1048 decem
1453 1018 1599 1048 seniores

869 1065 904 1091 et
933 1063 1100 1102 principes
1137 1067 1306 1092 senatores
1341 1062 1376 1091 in
1407 1062 1599 1102 municipiis

870 1105 1007 1144 aliisque
1032 1105 1221 1136 civitatibus
1254 1106 1379 1142 liberis,
1402 1106 1458 1144 qui
1493 1106 1599 1145 magi-

870 1152 994 1179 stratus
1017 1149 1166 1189 proxime
1189 1154 1387 1188 sequuntur.
1408 1150 1506 1180 Rosc.
1522 1149 1599 1179 Am.

870 1197 900 1227 9.
919 1193 975 1222 ubi
992 1203 1022 1223 v.
1037 1193 1145 1222 Graev.
1175 1191 1266 1222 Verr.
1290 1192 1323 1222 ii.
1340 1193 1391 1227 67.
1423 1193 1601 1232 magistra-

869 1240 926 1266 tus
942 1240 976 1266 et
991 1237 1198 1276 decempri‘mz‘
1208 1247 1218 1265 :
1241 1235 1354 1266 Livius
1369 1236 1457 1266 xxix.
1477 1239 1528 1266 15.
1543 1235 1602 1266 de⁴

872 1290 944 1309 cem
962 1280 1127 1320 principes
1150 1279 1315 1319 appellat:
1340 1279 1414 1310 add.
1431 1279 1543 1310 Noris.
1559 1279 1602 1311 ad

874 1323 1061 1364 Cenotaph.
1081 1324 1146 1353 Pis.
1163 1323 1252 1354 Diss.
1270 1323 1291 1353 i.
1309 1333 1337 1353 e.
1354 1326 1386 1354 3.

917 1367 1113 1397 Decemviri.
1136 1370 1161 1397 l.
1176 1367 1348 1397 decemviri
1363 1365 1510 1396 stlitibus
1530 1366 1602 1408 (an-

872 1410 978 1449 tique,
994 1421 1052 1451 pro
1076 1409 1205 1449 litibus)
1225 1410 1429 1450 judicandis,
1449 1414 1529 1440 sunt
1545 1411 1604 1449 ju-

873 1454 961 1484 dices
978 1463 1153 1484 causarum
1174 1455 1391 1493 privatarum,
1410 1453 1512 1483 creati
1536 1462 1604 1484 non

873 1497 983 1528 multo
1007 1503 1082 1537 post
1105 1501 1284 1537 praffturam
1301 1497 1527 1537 peregrinam,
1544 1506 1604 1527 au-

874 1545 965 1571 ctore
996 1542 1179 1581 Pomponio
1210 1542 1245 1571 in
1275 1542 1391 1580 Origg.
1417 1540 1527 1570 duris:
1563 1540 1605 1571 de

874 1585 993 1624 quibus
1009 1585 1074 1615 vid.
1091 1585 1243 1615 Siccama
1259 1584 1298 1614 de
1315 1584 1425 1614 audie.
1441 1584 1606 1614 Centum-

873 1629 933 1658 vir.
950 1639 978 1658 c.
995 1633 1025 1662 9.
1043 1635 1078 1659 et
1096 1632 1145 1659 10.
1173 1628 1326 1667 Sigonius
1351 1627 1391 1658 de
1407 1627 1548 1657 Judieiis
1572 1630 1607 1658 et

875 1671 960 1702 lntt.
979 1673 1162 1712 Pomponii.
1190 1672 1291 1701 Dom.
1309 1673 1360 1705 29.
1390 1671 1417 1700 si
1433 1671 1608 1701 decemviri

875 1723 1123 1746 sacramentum
1132 1715 1519 1754 injustumjudicassent.
1534 1714 1607 1744 Cae-

877 1760 942 1789 cin.
964 1759 1016 1793 33.
1048 1769 1125 1789 cum
1148 1759 1313 1789 Arretinae
1336 1757 1485 1788 mulieris
1508 1757 1609 1788 liber-

874 1807 981 1832 tatem
1000 1803 1225 1839 defenderem,
1242 1807 1277 1832 et
1301 1801 1402 1832 Cotta
1420 1802 1608 1832 decemviris

876 1846 1072 1885 religionem
1090 1846 1272 1885 injecisset,
1290 1855 1358 1875 non
1379 1854 1475 1885 posse
1498 1854 1608 1875 sacra-

878 1892 1030 1920 mentum
1051 1895 1203 1919 nostrum
1223 1889 1354 1928 justum
1372 1888 1530 1927 judicari.
1559 1889 1605 1919 Ο-

876 1938 939 1963 rat.
951 1934 1006 1964 46.
1037 1934 1289 1963 decemvirorum
1309 1932 1424 1962 litibus
1451 1933 1491 1972 (s.
1507 1931 1609 1962 stliti-

877 1977 950 2014 bus,
967 1982 1007 2007 ut
1030 1977 1185 2008 Muretus
1210 1977 1244 2007 in
1268 1976 1340 2007 MS.
1360 1973 1504 2014 invenit)
1517 1975 1610 2015 judi-

877 2021 1004 2057 candis,
1029 2021 1103 2051 dico
1127 2030 1312 2059 nunquam.
1343 2022 1375 2051 2.
1391 2019 1609 2058 magistratus

876 2064 1156 2094 extraordinarius
1201 2063 1316 2103 legum
1357 2062 1608 2093 scribendarum

878 2118 979 2138 eausa
1000 2108 1071 2138 sine
1095 2107 1333 2138 intercessione
1357 2110 1501 2137 creatus.
1517 2116 1548 2137 a.
1564 2105 1609 2136 U.

880 2160 1000 2182 eccui.
1033 2151 1105 2182 Liv.
1132 2151 1180 2182 iii.
1204 2154 1257 2183 33.
1286 2150 1345 2181 Or.
1366 2150 1390 2180 i.
1417 2152 1467 2180 13.
1504 2149 1609 2180 nostri

878 2196 1063 2232 decemviri,
1087 2195 1143 2233 qui
1167 2195 1222 2225 xii.
1251 2194 1382 2225 tabulas
1405 2193 1611 2233 scripserunt

878 2239 939 2269 &c.
971 2241 1002 2270 3.
1017 2238 1057 2269 de
1074 2238 1277 2270 Decemviris
1290 2236 1456 2269 Rullianis
1479 2245 1509 2266 v.
1529 2235 1608 2277 Agr.

880 2283 913 2312 ii.
931 2285 963 2316 7.
988 2291 1059 2321 sqq.

924 2325 1094 2357 Dec-entia.
1131 2325 1212 2357 Nat.
1234 2325 1277 2356 D.
1303 2324 1338 2354 ii.
1366 2326 1417 2355 58.
1454 2325 1612 2353 venusta-

879 2373 964 2407 tem,
986 2369 1153 2407 ordinem,
1177 2371 1213 2399 et
1235 2372 1275 2399 ut
1297 2368 1346 2399 ita
1368 2367 1478 2398 dicam
1499 2367 1612 2397 decen·

883 2414 980 2450 tiam,
995 2413 1085 2443 oculi
1094 2412 1263 2452 judicant.

925 2456 1085 2487 Deeerno.
1109 2455 1227 2496 Quint.
1245 2458 1276 2486 8.
1288 2457 1342 2486 20.
1366 2457 1490 2494 praetor
1503 2452 1611 2484 decer·

882 2501 951 2530 nit.-
975 2510 1054 2530 cum
1070 2510 1110 2530 ex
1125 2499 1234 2529 edicto
1251 2498 1308 2538 jus
1332 2497 1425 2528 dicit.
1445 2506 1476 2526 v.
1492 2506 1521 2528 c.
1539 2506 1614 2536 pos-

882 2544 1076 2580 sessionem,
1099 2546 1159 2573 aut
1182 2541 1403 2572 interdictum
1426 2540 1497 2578 dat,
1521 2539 1615 2571 addi-

884 2587 930 2617 cit
946 2587 1006 2617 ὅτε.
1038 2587 1238 2617 *decernere
1259 2593 1358 2626 porro
1380 2584 1540 2615 dicuntur
1558 2583 1615 2612 Se·-

883 2634 1017 2660 natores
1033 2630 1066 2660 in
1084 2629 1259 2660 sententiis
1281 2627 1443 2665 dicendis,
1459 2627 1548 2667 quod
1565 2626 1617 2657 di-

884 2678 979 2711 cunt,
1011 2674 1092 2712 quid
1121 2684 1142 2703 a
1170 2674 1298 2703 Senatu
1332 2671 1462 2701 decerni
1497 2670 1616 2700 velint.

883 2716 956 2747 Mil.
973 2718 1005 2748 6.
1035 2727 1097 2757 ego
1119 2717 1189 2758 ipse
1211 2715 1347 2746 decrevi.
1378 2714 1420 2745 ad
1441 2714 1518 2745 Div.
1537 2714 1560 2744 i.
1587 2716 1616 2744 1.

886 2760 1023 2791 Crassus
1058 2765 1128 2791 tres
1172 2760 1300 2799 legatos
1342 2758 1494 2789 decernit.
1541 2756 1618 2787 add.

884 2803 1029 2834 Gronov.
1053 2803 1095 2834 ad
1117 2804 1189 2835 Liv.
1211 2802 1310 2833 xxvii.
1334 2804 1386 2832 20.
1416 2801 1486 2841 ²¹⁵2.
1510 2800 1562 2831 Fr.
1582 2800 1619 2830 ii.

888 2849 937 2879 12.
977 2847 1215 2878 decernendum
1246 2845 1330 2876 nihil
1358 2854 1496 2875 censeo:
1535 2844 1557 2874 i.
1588 2852 1619 2873 e.

884 2900 955 2921 rem
971 2890 1186 2928 rejiciendam
1204 2893 1298 2930 puto.
1329 2888 1350 2907 ²*
1361 2892 1454 2929 puto.
1484 2886 1527 2918 ad
1541 2886 1618 2917 Div.

885 2935 919 2964 ii.
936 2935 967 2965 6.
997 2935 1032 2964 in
1050 2944 1114 2973 quo
1130 2933 1240 2974 posita
1254 2932 1369 2963 omnia
1384 2941 1461 2962 mea
1476 2940 1547 2961 esse
1564 2929 1623 2960 de-

883 2979 982 3009 crevi.
1011 2977 1083 3008 Att.
1099 2977 1147 3008 iii.
1169 2980 1220 3010 15.
1250 2976 1340 3016 quod
1354 2976 1390 3007 in
1409 2985 1464 3007 me
1479 2975 1551 3015 ipso
1564 2982 1618 3004 sa-
