1800 3131
207 62 263 99 64

248 160 426 191 Antiochus
445 160 601 191 Antiochi
617 161 657 191 X.
683 161 732 193 Pii
747 167 782 194 et
799 163 925 195 Selenes

211 205 255 243 (v.
272 202 345 241 inf.)
358 204 470 244 filius,
491 204 616 235 Seleuci
643 204 834 245 Cybio-metis
843 207 926 252 fm-

207 251 268 278 ter.
289 247 382 278 Verr.
405 248 446 278 iv.
461 249 514 281 27.
542 248 682 279 Romam
706 251 810 287 venit,
833 252 925 290 regni

208 292 343 331 AEgypti
367 291 500 331 petendi
524 301 636 330 causa,
651 298 685 323 et
700 303 759 334 per
778 294 924 325 Siciliam

206 335 373 366 transiens
388 345 408 365 a
420 335 522 365 Verre
537 335 714 376 expilatur.
738 337 803 368 Est
816 339 855 375 is,
870 339 926 378 qui

204 380 304 418 vulgo
325 378 490 409 Asiaticus
513 379 655 410 dicitnr:
678 382 732 411 cuz'
752 380 926 421 Pompeius

204 431 347 461 regnum
374 422 480 462 Syrio?
500 422 634 460 ademit,
654 428 686 454 et
707 425 808 454 sola-m
836 424 926 455 Com-

207 475 378 507 magenen,
401 475 476 496 cnm
496 467 664 506 particula
689 467 926 507 Mesopotamia·

205 511 351 550 reliquit,
367 510 452 540 unde
473 509 544 540 Rex
568 509 815 549 Commagenus
833 521 926 541 voea-

204 557 264 583 ίαν
286 552 327 583 ad
350 553 424 584 Div.
448 562 500 583 xv.
527 556 554 583 1.
583 554 674 583 Nam
696 554 832 584 cundem
847 563 924 591 csse,

204 601 245 627 ut
267 596 459 627 Valenti'de
484 597 526 627 N
526 597 608 626 umis
635 595 758 627 Selene.
781 597 924 635 videtur,

204 644 385 680 tempmmn
413 641 498 670 ratio
533 641 658 678 arguit.
693 637 759 672 ssDe
793 641 926 679 regibus

210 684 433 722 Commagenis
467 687 514 713 est
550 683 676 713 libellus
711 683 855 715 Massam·
889 685 924 715 in

204 727 334 766 Haymi
351 725 442 757 Thes.
459 726 617 757 Britann.
635 725 672 757 Τ.
688 727 718 758 Ι.

247 771 422 801 Antiochus
436 769 641 808 Ascalonita,
653 769 755 801 Acad.
770 770 792 801 i.
807 774 837 802 3.
853 781 923 802 ma-

203 814 308 854 gister
331 813 378 843 M.
402 813 571 850 Varronis,
596 823 615 844 e
640 823 725 844 nova
744 814 925 845 Academia

203 858 364 896 remigrat
393 857 429 887 in
465 862 626 895 veterem,
654 858 771 888 scribit
806 863 924 888 contra

203 901 389 931 Philonem.
405 901 501 931 Brut.
513 904 562 934 19.
583 900 772 931 Academiae
788 901 923 932 nobilis-

202 945 321 979 simus,
336 944 472 975 auditur
491 955 511 973 a
530 943 702 974 Cicerone.
726 945 828 975 Acad.
844 945 886 975 iv.
903 948 920 977 5

203 991 299 1019 -18,
318 987 563 1028 Disputationis
579 988 648 1026 ejus
665 994 783 1018 contra
796 987 922 1019 Acade-

203 1033 306 1062 miam
327 1041 447 1062 novam
467 1031 716 1071 compendium,
734 1031 814 1071 Cap.
841 1035 923 1067 19—-

203 1078 256 1106 229.
285 1075 513 1105 inconstantia
536 1076 606 1115 ejus
624 1076 660 1105 in
674 1075 862 1113 sentiendo,
878 1077 920 1106 iv.

200 1122 254 1150 43.
284 1119 555 1158 germanissimus
584 1118 727 1156 Stoicus,
757 1120 783 1149 si
814 1129 922 1159 pauca

202 1167 377 1193 mutasset.
392 1164 412 1192 i.
428 1165 458 1193 4.
485 1162 606 1193 librum
619 1168 738 1193 contra
747 1162 920 1194 Philonem

201 1207 315 1237 scribit
339 1207 473 1236 nomine
497 1206 605 1236 Sosus.
630 1207 671 1237 iv.
695 1211 726 1241 9.
755 1207 920 1245 quomodo

199 1251 386 1281 ostenderit
408 1250 660 1280 concedendum
683 1259 754 1280 esse
777 1251 818 1281 ab
837 1250 920 1280 Aca-

200 1294 353 1332 demicis,
381 1298 576 1334 perceptum
610 1303 680 1324 esse
717 1293 800 1323 hoc:
837 1295 922 1324 nihil

193 1340 321 1378 percipi
330 1346 429 1377 posse.
452 1338 532 1368 Nat.
548 1338 591 1367 D.
608 1338 627 1367 i.
644 1341 674 1371 7.
703 1336 825 1368 librum
841 1338 920 1368 scri-

199 1382 250 1411 bit
266 1382 307 1412 ad
321 1381 474 1412 Balbum.
502 1380 552 1411 Ab
575 1391 614 1411 eo
636 1381 795 1411 dicuntur
808 1382 920 1412 Antio-

198 1427 303 1456 china’
319 1429 445 1465 partes,
462 1424 504 1454 ad
525 1425 653 1455 Divers.
669 1425 712 1454 ix.
728 1427 758 1455 8.
788 1425 848 1455 Ea·
871 1427 920 1455 his

194 1473 289 1510 potet
330 1479 402 1499 vere
443 1467 583 1498 Section
625 1468 759 1508 Empir.
797 1469 919 1509 Hypot.

200 1512 328 1551 Pyrrh.
343 1513 364 1542 i.
381 1515 433 1543 33.
454 1515 538 1542 extr.
559 1513 720 1551 scripsisse
732 1524 741 1540 .-
763 1512 797 1542 ‘O
808 1512 918 1542 Ἀντίο-

198 1568 255 1596 χος
272 1557 323 1590 τὴν
337 1555 404 1589 cosin
417 1555 590 1595 μετήγαγεν
605 1555 642 1588 εἷς
657 1555 708 1588 τὴν
721 1553 914 1594 Ἀκαδημίαν.

241 1601 432 1637 Antiochus,
448 1598 570 1628 Caecin.
587 1601 616 1629 8.
639 1599 723 1628 servi
738 1608 873 1629 nomen.

241 1644 432 1680 Antiochus,
448 1642 554 1672 Flac-c.
571 1643 622 1673 36.
645 1642 796 1672 libertus.

241 1688 419 1718 Antiochus
429 1686 602 1724 Gabinius,
612 1685 684 1717 Att.
696 1686 739 1717 iv.
758 1686 806 1717 16.
820 1686 918 1717 liber-

197 1734 254 1762 tus
269 1731 414 1761 Gabinii.

242 1776 394 1814 Antiopa,
409 1774 489 1804 Nat.
503 1774 547 1804 D.
562 1773 608 1803 iii.
630 1776 683 1805 21.
711 1783 794 1804 uxor
818 1774 916 1812 Pieri,

198 1823 309 1849 mater
323 1817 502 1848 Pieridum.
518 1817 589 1848 Pin.
604 1817 625 1848 i.
641 1819 672 1848 2.
700 1822 731 1848 et
750 1818 828 1848 alibi
847 1822 917 1848 tra-

198 1863 307 1901 goedia
321 1861 465 1892 Pacuvii.

243 1905 284 1936 L.
312 1906 499 1944 Antipater,
539 1902 689 1946 (Coelius)
728 1904 825 1936 Brut.
862 1906 915 1936 96.

196 1950 340 1989 scriptor
353 1948 651 1990 luculenmS,juris
662 1948 764 1979 civilis
776 1949 915 1989 peritus,

197 1993 236 2023 L.
268 1993 374 2023 Crassi
405 1991 574 2031 magister.
603 1993 696 2023 Orat.
726 1992 760 2022 ii.
789 1994 838 2023 12.
877 1992 914 2023 L.

199 2036 308 2066 Crassi
328 2036 476 2066 Oratoris
490 2035 674 2073 familiaris,
690 2036 823 2076 scripsit
837 2035 915 2066 belli

197 2079 314 2110 Punici
350 2080 383 2110 ii.
410 2078 597 2117 historiam,
625 2079 781 2110 disertius
814 2089 917 2119 quam

196 2124 395 2163 superiores,
422 2123 486 2152 etsi
514 2132 581 2153 non
613 2123 712 2163 plane
744 2123 914 2163 probetur.

197 2166 300 2206 Legg.
323 2167 343 2197 i.
367 2169 397 2197 2².
425 2166 602 2197 historicus
618 2166 774 2205 Latinus,
789 2167 916 2197 Fannio

197 2211 345 2250 aequalis,
371 2210 559 2240 accuratius
583 2211 716 2251 scripsit
739 2211 916 2250 superiori-

196 2254 271 2292 bus,
284 2258 401 2284 tamen
419 2254 490 2284 sine
513 2255 632 2285 nitore.
659 2255 714 2288 De
735 2254 916 2294 compendio

195 2295 268 2336 ejus
281 2308 303 2328 a
317 2298 366 2328 ΙΙΙ.
381 2296 589 2336 Brutofizeio
608 2308 639 2328 v.
658 2300 691 2328 in
706 2297 756 2328 M.
771 2298 914 2329 Brutus.

196 2341 235 2371 (le
249 2351 282 2370 co
296 2341 364 2371 vid.
377 2340 521 2371 Vossiun.»
537 2342 576 2371 dc
591 2342 680 2373 Hist.
696 2341 774 2372 Lat.
789 2341 810 2371 i.
827 2344 857 2372 8.

238 2385 413 2424 Antipater
443 2383 649 2422 Cyrenaicus,
671 2385 769 2415 Tuse.
789 2395 819 2414 v.
840 2387 913 2419 377.

195 2437 303 2458 eaecus
317 2428 394 2458 fuit.
417 2429 456 2459 de
469 2438 501 2456 eo
518 2429 579 2458 vid.
596 2428 709 2459 Laert.
725 2428 759 2458 ii.
775 2428 827 2459 36.

236 2473 412 2512 Antipater
426 2471 592 2511 Derbetes,
608 2472 650 2503 ad
671 2473 747 2504 Div.
769 2472 837 2502 xiii.
860 2476 879 2507 7
883 2476 913 2504 3.

193 2514 367 2545 familiaris
383 2515 563 2545 Ciceronis.

236 2559 411 2599 Antipater
440 2557 604 2595 Sidonius,
633 2558 690 2589 Or.
718 2559 765 2589 iii.
791 2562 842 2590 50.
872 2559 912 2590 de

194 2602 274 2632 Fato
289 2604 319 2633 ⁶2.
345 2606 457 2642 poeta,
472 2603 528 2642 qui
543 2608 675 2641 poterat
688 2601 800 2633 versus
812 2602 913 2633 hexa-

194 2650 318 2676 metros
343 2645 490 2684 aiiosque
518 2646 613 2676 variis
639 2646 745 2676 modis
771 2646 912 2677 fundere

192 2699 232 2718 ex
246 2694 409 2729 tempore.
434 2687 552 2728 Hujus
565 2690 732 2729 Antipatri
745 2691 912 2730 epigram-

194 2737 284 2763 mata
303 2737 382 2763 sant
400 2734 549 2772 quaedam
566 2733 600 2762 in.
618 2733 826 2772 Anthologia,
841 2744 914 2774 qnoe

189 2780 347 2815 suggeret
367 2776 472 2807 Indesc
484 2777 666 2808 Azcctornm
685 2777 816 2808 Anthol.
837 2778 912 2809 sub-

181 2816 304 2859 jectus.

232 2863 420 2904 Antipater,
434 2863 529 2896 Offic.
544 2863 578 2895 ii.
593 2865 646 2896 24.
673 2863 807 2907 Tyrius,
824 2864 912 2897 Stoi-

733 72 878 102 INDEX
908 72 1185 102 Hls'romcus.

968 173 1038 200 cus,
1079 163 1236 195 Ciceronis
1271 163 1464 204 temporibus
1495 163 1620 205 floruit
1659 170 1692 197 et

939 234 943 236 .
960 209 1075 246 paullo
1088 211 1163 238 ante
1179 211 1327 238 rum-tuns
1341 211 1400 244 est,
1415 217 1516 248 quam
1525 208 1626 248 fitius
1639 208 1690 240 M.

972 250 1129 281 Ciceronis
1150 251 1294 282 Athenas
1314 252 1459 281 venisset.
1503 251 1564 282 Ex
1581 252 1690 284 eodem

967 295 1030 324 loco
1044 295 1182 332 intelligi
1190 298 1306 334 potest,
1321 304 1396 326 enm
1416 295 1455 325 de
1475 294 1588 335 officiis
1607 297 1691 326 εστ-ι’-

960 338 1073 376 psisse.
1117 338 1254 369 Dicitur
1267 339 1352 368 enim
1367 338 1604 378 reprehendisse
1617 338 1690 370 Pa-

967 381 1114 418 noetium,
1143 382 1228 421 quod
1252 383 1288 411 in
1315 383 1499 412 utilitatum
1517 383 1690 423 prm-emis

967 424 1116 463 qnoedam
1129 425 1283 455 omiserit.

1009 467 1184 508 Antipater
1221 467 1401 505 Tarsensis,
1438 467 1539 498 Acad.
1576 468 1619 498 iv.
1656 467 1688 500 6.

968 510 1236 549 reprehenditur,
1244 511 1333 550 quod
1344 515 1462 542 contra
1472 510 1688 542 Academicos

971 553 1020 592 (in
1054 553 1170 593 primis
1205 553 1425 593 Carneadem)
1457 554 1619 595 disputet.
1646 554 1687 586 de

966 596 1080 626 Divin.
1101 597 1122 627 i.
1145 600 1175 628 3.
1204 597 1270 627 duo
1290 597 1390 629 libros
1411 598 1517 628 edidit
1539 598 1580 629 de
1593 599 1689 630 Divi-

967 641 1103 670 natione
1127 639 1167 670 de
1190 640 1303 671 Divin.
1318 641 1340 670 i.
1354 643 1407 673 20.
1435 642 1469 672 ii.
1488 644 1536 672 15.
1563 643 1686 674 statuit

966 683 1009 712 ad
1044 683 1188 714 hostiam
1218 683 1429 723 deligendam
1458 684 1580 716 ducem
1614 695 1687 717 esse

965 727 1033 757 vim
1059 727 1228 767 quandam
1253 727 1456 758 sentientem
1481 733 1582 768 atque
1605 729 1689 760 divi-

967 779 1057 808 nam,
1087 781 1161 810 quae
1196 775 1270 801 toto
1299 771 1438 802 confusa
1467 772 1595 803 mundo
1630 773 1687 804 sit.

965 813 1059 844 offic.
1073 814 1118 845 iii.
1138 817 1185 846 12.
1214 814 1375 854 Diogenis
1395 814 1568 855 Babylonii
1590 815 1688 847 disci-

963 856 1077 897 pulus,
1102 858 1255 897 quaedam
1283 858 1435 898 mag-istri
1458 858 1685 899 reprehendit.

965 900 1015 931 Hi
1029 905 1094 931 tres
1108 901 1277 942 Antipatri
1290 911 1370 942 soepe
1383 912 1405 932 a
1425 902 1685 938 doctissimis&

965 945 1106 974 minibus
1135 947 1389 984 permiscentur,
1418 955 1449 976 v.
1476 956 1504 976 c.
1541 945 1687 978 Stanleio

959 996 996 1027 p.
1017 987 1091 1018 655.
1119 989 1176 1028 qni
1195 990 1291 1019 nimis
1311 990 1362 1019 hic
1381 989 1484 1020 brevis
1496 994 1556 1027 est,
1576 990 1685 1023 Groev.

963 1030 1010 1059 ari
1023 1030 1115 1071 Offio.
1127 1031 1161 1061 ii.
1171 1033 1222 1062 24.
1235 1031 1290 1072 3⁵·ss-
1303 1032 1686 1065 Accuratiusdistinoeere

963 1073 1092 1104 Fabric.
1108 1075 1153 1106 B.
1175 1075 1213 1105 G.
1230 1076 1275 1105 iii.
1295 1078 1344 1106 15.
1374 1076 1509 1108 Jonsius
1522 1077 1544 1107 i.
1563 1080 1614 1109 13.
1668 1092 1673 1103 ·-

1005 1117 1192 1159 Antipater,
1218 1119 1313 1149 Offic.
1341 1119 1375 1149 ii.
1406 1123 1454 1150 14.
1485 1129 1543 1151 rex
1570 1121 1684 1152 Maee-

963 1160 1082 1192 doniae.
1123 1161 1203 1201 Ejus
1238 1163 1279 1193 ad
1316 1162 1540 1194 Cassandrum
1576 1165 1684 1197 filium

963 1204 1115 1244 epistola.
1161 1206 1300 1237 Dicitur
1326 1216 1399 1244 rem,
1427 1209 1506 1246 quia
1525 1212 1685 1248 potestate

961 1250 1055 1287 regia
1078 1259 1157 1279 usus
1179 1254 1223 1280 est
1241 1254 1314 1290 post
1334 1251 1520 1281 Alexandri
1532 1251 1582 1282 M.
1596 1263 1683 1283 mor-

962 1296 1038 1329 tem,
1055 1303 1131 1332 rege
1145 1293 1298 1334 Philippo
1314 1294 1454 1324 Aridoeo.

961 1336 1093 1366 denium
1107 1337 1258 1367 diadema
1271 1338 1399 1368 sumsit.

1003 1380 1180 1419 Antiphon,
1196 1381 1267 1410 Att.
1283 1381 1325 1411 iv.
1344 1384 1393 1412 15.
1415 1391 1542 1420 servuS,
1555 1382 1683 1418 histrio.

1003 1423 1180 1464 Antzphon,
1196 1424 1290 1455 Orat.
1305 1425 1338 1454 ii.
1355 1427 1406 1459 59.
1436 1435 1561 1456 nomen
1580 1427 1684 1458 comi-
1717 1448 1720 1449 ν

962 1477 1051 1497 cum.

1003 1511 1168 1552 Antiphon
1212 1511 1452 1550 RImmnusins,
1487 1512 1585 1543 Brut.
1633 1515 1683 1546 12.

960 1555 1105 1585 Socratis
1126 1555 1275 1594 aequalis,
1295 1555 1456 1596 sophista,
1478 1554 1568 1587 locos
1591 1567 1682 1588 com-

959 1608 1078 1628 munes
1094 1599 1242 1638 scripsit:
1267 1600 1394 1640 optime
1410 1600 1529 1639 capitis
1545 1606 1681 1632 causam

959 1643 1077 1672 oravit.
1099 1643 1149 1674 Ab
1164 1644 1220 1673 hoe
1235 1643 1304 1674 bom·
1314 1645 1458 1674 rhetores
1467 1643 1546 1674 dicti
1555 1644 1682 1675 Rham-

959 1686 1057 1716 nusii.
1103 1686 1172 1717 Hic
1191 1691 1249 1724 est,
1270 1688 1325 1727 qui
1338 1697 1359 1717 α
1375 1686 1510 1717 Socrate
1528 1698 1582 1728 ap.
1596 1688 1683 1720 Pla-

958 1734 1063 1760 tonem
1084 1730 1119 1760 in
1133 1730 1310 1761 liIenexeno
1331 1735 1370 1773 et*
1384 1729 1528 1770 Xenoph.
1542 1731 1682 1764 Memor.

959 1773 1049 1803 Soer.
1072 1773 1094 1803 i.
1115 1774 1146 1804 6.
1166 1775 1419 1814 perstringitur.
1446 1773 1502 1805 De
1520 1785 1554 1806 eo
1571 1772 1683 1807 enidi-

957 1821 1027 1847 tam
1049 1817 1244 1848 Dicito-ibam
1265 1818 1393 1858 scripsit
1415 1816 1513 1849 Petrss
1537 1817 1683 1860 ›Sptanius
1733 1857 1740 1863 ι

956 1859 1064 1900 Lugd.
1092 1860 1131 1892 B.
1165 1862 1257 1895 1765.
1283 1864 1315 1892 4.
1337 1862 1408 1902 ejus
1434 1865 1555 1892 extant
1581 1864 1684 1895 orati-

955 1913 1047 1934 ones.

999 1948 1176 1987 Antiphon,
1206 1947 1247 1977 de
1274 1947 1403 1979 Divin..
1418 1949 1440 1979 i.
1469 1951 1522 1980 20.
1563 1950 1598 1981 ii.
1627 1954 1681 1992 70.
1710 1979 1714 1982 .

957 1991 1128 2031 conjector
1152 1991 1288 2030 quidam
1313 1993 1531 2024 somniorum.
1556 1993 1598 2024 de
1619 1994 1682 2026 Di-

956 2035 1023 2065 vin.
1044 2035 1068 2076 i.
1093 2038 1143 2065 51.
1173 2036 1244 2075 ejus
1263 2035 1445 2067 artificiosa
1456 2037 1678 2076 somniorum,

955 2078 1180 2116 oraculorum,
1210 2083 1244 2109 et
1271 2079 1550 2111 vaticinationum
1575 2081 1681 2112 inter-

955 2123 1111 2162 pretatio.
1156 2123 1360 2153 Atheniensis
1373 2122 1464 2163 fuit,
1486 2123 1680 2168 Buetgonga‘aen'f,

955 2168 1011 2205 qni
1032 2170 1064 2197 et
1088 2167 1184 2196 libros
1205 2167 1244 2196 de
1267 2165 1538 2207 Inter-pretatione
1559 2170 1679 2201 somni}

955 2219 1050 2240 orum
1071 2211 1212 2249 scripsit,
1233 2211 1290 2250 qui
1311 2211 1346 2241 in
1369 2209 1592 2242 Onirooriticis
1611 2212 1679 2244 Ar-

955 2253 1103 2284 temidori
1130 2254 1164 2284 ii.
1194 2256 1242 2284 14.
1270 2258 1302 2284 et
1329 2254 1370 2284 ab
1397 2255 1472 2285 aliis
1495 2265 1679 2290 memorem-

955 2301 1022 2327 tur.
1048 2307 1078 2327 v.
1101 2297 1226 2327 Fabric.
1248 2297 1287 2327 B.
1310 2296 1350 2327 G.
1373 2297 1407 2328 ii.
1431 2298 1483 2329 26.
1511 2299 1567 2329 ubi
1579 2299 1679 2331 Anti-

948 2341 1085 2381 phontes
1092 2343 1210 2380 plnres
1222 2345 1529 2372 commemorantur.

997 2384 1215 2422 Antisthenes,
1229 2384 1309 2415 Nat.
1324 2385 1367 2415 D.
1382 2385 1404 2415 i.
1424 2388 1472 2417 13.
1495 2385 1566 2426 ejus
1579 2384 1678 2424 liber,

956 2428 1013 2467 qui
1048 2427 1213 2468 Physicus
1248 2427 1432 2459 dicebatur.
1474 2428 1676 2460 Natura-lem

953 2481 1062 2501 unum
1089 2472 1202 2502 Deum
1229 2471 1320 2502 facit.
1345 2472 1418 2503 Att.
1442 2472 1499 2502 xii.
1524 2475 1577 2504 38.
1605 2473 1677 2513 ejus

955 2515 1105 2554 dialogus
1120 2514 1286 2545 laudatur.
1301 2515 1401 2546 homo
1416 2520 1536 2546 acutus
1556 2517 1676 2556 magis,

955 2569 1055 2597 quam
1064 2558 1226 2589 eruditus.
1244 2559 1391 2589 Orat.iii.
1403 2562 1451 2593 17.
1473 2559 1677 2599 patientiam

955 2607 989 2632 et
1010 2602 1168 2632 duritiem
1188 2603 1334 2632 maxime
1354 2603 1391 2632 in
1406 2600 1582 2633 Socraticis
1597 2602 1678 2634 ada-

954 2651 1077 2685 marat,
1091 2646 1132 2676 ab
1157 2655 1261 2685 eoque
1283 2646 1400 2686 Cynici
1423 2649 1460 2676 et
1483 2646 1587 2676 Stoici
1610 2646 1680 2678 orti

954 2694 1044 2720 sunt.

996 2734 1171 2769 Antistius,
1185 2732 1283 2763 Rosc.
1305 2734 1358 2765 32.
1386 2736 1572 2772 aecusator,
1587 2731 1681 2764 bello

941 2777 1042 2807 civili
1057 2776 1194 2807 Sullano
1207 2785 1322 2807 caesus.

1003 2821 1036 2852 C.
1047 2821 1222 2857 Antistius,
1233 2819 1327 2851 Verr.
1338 2819 1385 2851 iii.
1396 2823 1449 2855 71.
1468 2829 1569 2859 eques
1576 2819 1678 2852 Rom.

955 2864 1118 2905 magister
1130 2862 1387 2906 publicanorum
1401 2864 1436 2896 in
1450 2862 1574 2896 Sicilia.

1504 1294 1685 1328 Cassander
1726 1312 1729 1313 ⁷
