1804 3235
0 627 13 905 v—*nrr--ux-p
0 453 15 621 *⁴2
0 422 1 425 Α

640 173 785 201 iunzx
805 173 1172 204 GEOGRAl‘lilcvs.
1623 171 1674 208 55

207 260 392 299 remesses,
407 262 448 294 de
463 261 576 295 Dii-in.
593 262 615 292 i.
632 264 686 293 42.
716 263 803 293 cives
821 262 894 294 Tel-

160 306 263 336 mesei.
280 305 337 336 Gr.
353 307 508 345 τιλμσιΐς.
531 315 552 335 a
576 305 745 343 Telmesso,
770 306 809 336 de
833 306 891 337 Di-

160 348 226 379 vin.
249 349 270 379 i.
301 352 348 380 11.
376 351 455 381 urbe
481 349 597 379 Cariae.
639 349 889 380 Drakenborch.

157 390 199 421 ad
228 391 361 424 Livium
391 393 512 424 xxxvii.
541 394 588 423 16.
614 392 790 424 Telmissas
811 395 890 423 scri-

159 433 304 466 bendum
320 442 445 467 censet.

203 478 382 510 Temenites
396 478 522 520 Apollo.
538 479 631 509 Verr.
648 479 690 509 iv.
709 482 760 510 53.
792 489 810 510 a
829 479 889 511 Te-

157 530 260 559 meno,
275 522 348 552 loco
363 532 464 563 prope
481 524 668 563 SyracuSaS,
685 523 779 561 cujus
796 524 887 555 iuco-

155 563 194 595 ¹ae
212 565 395 597 Temenitoe.
426 570 457 597 v.
474 565 677 606 Interpretes
693 567 733 596 ad
749 569 886 597 Sueton.

153 607 263 639 Tiber.
276 612 328 643 74.
345 616 379 640 et
395 609 534 641 Dorvill.
559 609 599 640 lt.
618 610 681 640 Sic.
700 620 730 649 p.
754 613 821 641 188.
838 621 886 650 sq.

151 693 162 724 ¹
199 651 353 690 Temnas,
370 663 428 694 pro
443 653 549 684 Flacc.
571 656 618 684 18.
633 654 792 693 oppidum
809 655 885 685 [Eo-

164 704 215 725 ιε.

196 738 324 777 Tema,
340 739 434 770 Verr.
446 750 476 770 v.
498 741 546 770 lG.
563 740 721 780 oppidum
738 741 883 780 primurn

151 780 371 814 nnittiomm.
402 784 558 814 scribitur
577 785 678 814 etiam
701 784 734 814 T
730 794 833 814 emesa
850 793 884 815 et

151 825 300 865 Tempsa.
320 826 414 857 Unde
426 827 625 858 Tcmsanum
636 828 883 865 incommodum,

147 869 182 899 in
192 869 285 900 Verr.
297 881 327 900 v.
342 872 387 902 15.
402 871 543 911 direptio
554 870 683 901 Temsae
696 871 882 909 asugitivis.

147 911 219 943 AEs
242 913 452 952 Temesoeam,
475 925 505 946 v.
528 913 610 944 Intt.
635 913 677 944 ad
698 914 793 945 Ovid.
811 914 883 946 Mc-

149 957 315 997 tamorph.
333 968 384 988 xv.
402 958 476 988 init.

193 999 290 1037 Tene,
307 1001 348 1031 ad
363 1001 434 1032 Att.
450 1002 493 1031 vi.
510 1003 541 1031 2.
565 1010 624 1041 pro
641 1011 706 1040 quo
722 1000 790 1038 alii,
808 1012 882 1041 pro-

146 1042 246 1074 hante
272 1043 414 1082 Graevio,
434 1045 551 1084 legunt
576 1045 696 1080 Tenea,
719 1051 769 1075 est
791 1046 880 1076 vicus

148 1087 335 1118 maritimus
351 1087 497 1126 Achaiae,
515 1090 604 1118 inter
626 1089 824 1118 Corinthum
846 1096 880 1120 et

145 1128 322 1170 Mycenen.
370 1132 490 1168 Tenea,
518 1131 619 1169 Mela,
646 1132 774 1163 Strabo.
815 1132 880 1163 Pli-

145 1173 220 1204 nius
234 1175 351 1213 Atene,
369 1175 545 1206 manifeste
561 1185 620 1215 pro
638 1175 756 1206 Tenea.

191 1217 351 1250 Tenedia-a
378 1219 523 1255 Securis,
539 1219 581 1249 ad
603 1218 667 1258 Ωιι.
693 1219 743 1249 Fr.
767 1219 801 1249 ii.
830 1223 877 1251 11.

143 1262 314 1300 proverbio
329 1262 451 1293 dicitur
467 1263 500 1292 in
521 1263 560 1292 iis
579 1263 688 1300 rebus,
706 1272 778 1302 quae
796 1273 878 1303 pra·-

141 1304 302 1336 ciduutur
321 1311 356 1337 et
375 1306 474 1347 plane
490 1305 708 1345 celeriterque
723 1306 878 1337 auferun-

141 1351 209 1379 tur.
236 1349 398 1389 originem
425 1350 588 1390 proverbii
611 1349 684 1380 vide
712 1350 745 1379 in
772 1350 876 1390 Adag.

142 1390 271 1423 Erasm.
287 1403 320 1434 p.
338 1403 383 1424 m.
405 1396 496 1426 1451.
508 1403 556 1433 sq.
588 1392 628 1423 In
644 1393 754 1423 numis
769 1393 877 1424 Tene-

142 1434 273 1467 diorum
304 1442 355 1467 est
385 1436 516 1467 Securis
530 1449 536 1466 z
569 1436 609 1467 de
639 1437 759 1476 quibus
786 1442 879 1468 extat

141 1477 284 1511 libellus.
299 1490 331 1511 ν.
348 1480 451 1511 Index
469 1480 526 1511 lat.
544 1480 579 1510 in
595 1479 736 1511 Securis.

187 1522 348 1561 Tenedus,
371 1523 464 1554 Verr.
490 1524 511 1554 i.
533 1527 582 1559 19.
600 1523 710 1554 insula
731 1524 879 1555 Asiatica

139 1565 182 1596 ad
197 1575 289 1597 oram
305 1567 546 1598 occidentalem
561 1567 707 1605 Trojano
723 1577 802 1607 agro
818 1578 875 1608 op-

140 1610 269 1649 posita;
286 1610 375 1652 unde
394 1611 526 1642 Tenedii
538 1623 548 1640 .·
565 1611 600 1642 in
616 1620 681 1650 qua
695 1611 774 1642 urbs
788 1613 876 1652 ejus-

139 1651 216 1683 dem
234 1654 389 1685 nominis.
434 1654 513 1685 Nat.
530 1655 573 1686 D.
591 1655 638 1685 iii.
660 1658 707 1686 15.

183 1696 374 1736 Terentina,
390 1697 432 1728 ad
450 1699 527 1730 Div.
544 1698 611 1728 viii.
631 1701 660 1729 8.
681 1698 786 1729 tribus
802 1708 874 1729 rus-

135 1740 258 1772 ticanae
278 1750 413 1772 nomen.

183 1783 362 1823 Teanam,
378 1785 442 1825 Qu.
459 1785 558 1816 Tusc.
576 1785 611 1816 ii.
628 1787 681 1816 48.
714 1795 734 1815 a
750 1785 873 1817 Terina

136 1827 217 1858 urbe
240 1828 275 1858 in
297 1827 452 1866 Bruttiis,
468 1839 488 1859 a
510 1839 575 1868 quo
596 1829 688 1859 sinus
706 1829 872 1861 Terinoeas

135 1870 244 1902 dictus
260 1876 320 1902 est.
337 1872 395 1904 Gr.
412 1871 527 1915 rigum.

180 1914 374 1954 Terracina,
391 1916 467 1947 urbs
482 1916 583 1947 Latii.

179 1958 432 1997 Thasus‚insula
438 1959 553 1990 Graeca
559 1959 757 1991 ad'rhraciae
765 1970 868 1992 oram.

178 2001 364 2040 Theanum,
381 2013 411 2034 v.
429 2003 589 2034 Teanum.

177 2045 305 2082 Theboe,
320 2047 398 2077 urbs
414 2045 561 2077 Boeotiae.

178 2089 341 2126 77oermae,
356 2090 449 2120 Verr.
466 2090 500 2120 ii.
520 2093 572 2122 35.
603 2091 762 2131 oppidum
786 2091 868 2122 Sici-

131 2131 184 2163 liae
199 2144 209 2171 ς
225 2133 314 2164 unde
333 2133 580 2171 Thermitanus,
597 2134 675 2165 ibid.
691 2138 745 2166 43.
763 2135 822 2165 ἃς.

178 2176 412 2217 Thermopylae,
439 2181 600 2217 ang-ustus
622 2178 785 2209 transitus
809 2188 868 2219 per

131 2225 316 2260 praemptos
342 2225 485 2258 monteS,
513 2220 602 2251 silvis
619 2222 809 2262 impervios,
826 2232 866 2252 ex

130 2262 303 2294 Thessalia
317 2264 352 2294 in
367 2264 530 2295 Boeotiam
548 2268 583 2294 et
598 2265 784 2296 Locridem.

176 2306 415 2346 Thessalonica,
431 2308 509 2338 urbs
526 2308 742 2339 Macedoniae.

176 2350 333 2391 Thespite,
357 2351 434 2382 urbs
460 2351 597 2382 Boeotiae
620 2352 681 2382 sub
704 2351 867 2383 Helicone

131 2393 173 2424 ad
189 2394 303 2425 sinum
329 2394 510 2433 Crisseum,
534 2395 640 2426 Musis
661 2405 768 2434 sacra,
791 2405 865 2435 quae

129 2437 205 2468 inde
230 2437 424 2478 Thespiades
439 2439 607 2469 dicuntur.

175 2480 378 2521 Thesprotia,
397 2482 488 2522 regio
503 2487 536 2513 et
555 2483 630 2513 urbs
647 2482 752 2523 Epiri,
769 2481 811 2512 ad
825 2482 868 2512 si-

129 2533 212 2555 num
227 2524 453 2555 Ambracium.

173 2567 346 2606 Tlaeutoni,
369 2568 488 2599 Manil.
511 2571 564 2600 20.
592 2569 705 2609 populi
729 2569 867 2600 Germa-

127 2611 193 2642 niae
214 2612 337 2642 veteris
359 2612 402 2642 ad
423 2613 534 2643 sinum
562 2613 750 2650 Codanum,
773 2617 808 2642 et
831 2613 866 2643 in

128 2654 245 2685 insulis
260 2655 330 2693 ejus
350 2656 456 2694 sinus,
473 2656 512 2685 de
529 2656 648 2695 quibus
664 2656 728 2687 vid.
745 2655 866 2686 Ccllar.

127 2697 217 2728 Diss.
233 2697 274 2728 de
290 2698 432 2729 Cimbris
448 2705 483 2729 et
497 2699 671 2730 Τιειιΐοηὶε.

115 2750 118 2753 ’
174 2740 413 2772 Thra-immun
427 2744 531 2780 lacus,
547 2743 580 2773 in
606 2743 754 2780 Etruria,
771 2742 864 2773 clade

128 2783 281 2815 Romana
295 2785 506 2824 nobilitatus,
524 2787 564 2816 de
582 2787 694 2817 Divin.
711 2786 744 2816 ii'.
762 2789 792 2817 8.

170 2826 352 2866 Threicius,
366 2829 406 2859 de
421 2829 485 2860 Off.
502 2830 535 2860 ii.
553 2834 584 2864 7.

169 2870 366 2903 Tltrecidica
403 2883 497 2903 arma
533 2873 771 2913 gladiatorum,
810 2872 866 2911 qui

129 2913 266 2945 Threces
290 2915 340 2945 vel
367 2916 509 2947 Thraces
532 2917 743 2954 dicebantur,
758 2916 799 2951 ab
818 2925 869 2946 ar—

130 2961 269 2989 maturae
286 2968 419 2998 genere.

983 263 1160 302 Tlauriam,
1177 271 1211 295 ct
1237 266 1355 297 770un‘a'
1380 268 1471 306 (uam
1493 275 1670 309 utrumque

937 313 987 336 est
1004 317 1056 346 ap.
1074 308 1156 346 Cic.)
1176 309 1217 339 ad
1235 310 1305 339 Att.
1323 310 1368 340 iii.
1389 312 1434 341 15.
1452 312 1494 342 ix.
1516 315 1561 345 19.
1592 313 1668 344 urbs

937 349 1109 387 (jalahriae,
1133 351 1212 382 oliin
1238 352 1373 394 Sybaris
1399 353 1500 390 dicta,
1523 365 1587 393 quo
1612 366 1668 385 uo-

936 393 1026 422 minc
1043 400 1177 433 propter
1191 405 1338 426 suuuuas
1354 396 1536 426 incolarum
1555 398 1669 438 volup-

932 441 1020 466 tates
1049 438 1209 468 innotuit.
1254 439 1303 469 De
1334 439 1498 479 scriptura
1524 442 1665 472 nomini·

933 489 961 509 v,
978 479 1106 510 Duker.
1123 481 1164 511 ad
1179 482 1250 512 Liv.
1268 483 1398 512 xkxviii.
1414 488 1444 516 9.

979 523 1146 562 leyamae's,
1163 526 1205 555 ad
1220 526 1289 555 Att.
1307 527 1361 556 vii.
1378 528 1408 556 2.
1440 525 1557 564 fluvius
1574 526 1664 566 Epiri

930 566 1060 597 nobilis.

975 609 1155 649 Tstyreeuu,
1183 612 1223 642 ad
1250 611 1326 642 Div.
1351 612 1415 642 xvi.
1444 615 1473 643 5.
1505 612 1663 652 oppidum

930 653 1124 685 Acarnaniae
1141 665 1241 695 prope
1259 665 1348 685 mare
1362 662 1396 686 ct
1411 655 1524 685 urbem
1538 656 1662 686 Leuca-

930 697 1016 727 deni.

975 740 1134 772 Tiburtini
1156 752 1181 772 s.
1208 741 1374 779 Tibareni,
1392 741 1432 772 ad
1456 741 1532 772 Div.
1556 752 1607 772 xv.
1630 745 1661 773 4.

928 784 1041 823 populi
1056 785 1384 820 Eleutlicrocilicibus
1403 786 1550 823 finitimi,
1563 796 1581 815 a
1592 786 1660 816 Cic.

926 833 1016 857 victi.

972 870 1088 909 Tilmr,
1119 871 1278 911 oppidum
1308 871 1395 902 Latii
1425 871 1467 902 ad
1496 872 1659 903 Anienem

928 923 1072 944 amnem.
1120 914 1214 945 Unde
1240 915 1373 951 Tiburs,
1389 915 1430 945 ad
1446 915 1515 946 Att.
1540 916 1607 946 viii.
1627 919 1659 946 4.

926 967 1004 996 ager
1019 958 1107 988 circa
1121 958 1234 988 Tibur.
1261 959 1468 989 Tiburtinam
1490 958 1659 998 Scipionis,

926 1001 1010 1031 Phil.
1028 1012 1057 1032 v.
1075 1006 1105 1036 7.
1132 1002 1291 1042 praedium
1309 1003 1343 1032 in
1359 1012 1437 1041 agro
1452 1002 1641 1034 Tiburtino.

970 1045 1154 1083 Tigurinas
1168 1056 1262 1084 ager,
1280 1055 1382 1086 pagus
1400 1045 1638 1076 Helvetiorum.

971 1088 1112 1119 Tire-nas
1128 1099 1222 1128 pons,
1239 1089 1281 1119 ad
1299 1089 1369 1119 Att.
1386 1090 1450 1118 xvi.
1473 1091 1519 1120 13.
1553 1089 1655 1120 Codd.

924 1131 959 1161 in
975 1131 1036 1161 hoc
1053 1133 1185 1162 nomine
1201 1133 1340 1163 variant.
1369 1132 1431 1162 Sed
1449 1132 1518 1162 haec
1535 1138 1583 1162 est
1600 1144 1657 1173 op<

922 1175 1082 1205 timorum
1104 1175 1212 1206 lectio.
1259 1176 1334 1205 Fuit
1358 1175 1553 1212 Minturnis,
1571 1175 1656 1206 forte

923 1218 956 1248 iu
975 1219 1074 1249 fluvio
1092 1219 1169 1250 Liri.
1216 1219 1302 1249 Nam
1323 1220 1349 1249 is
1366 1219 1556 1249 Minturnas
1573 1229 1655 1259 prae-

921 1261 1106 1293 tei-labitur.

967 1305 1136 1344 Tissensis,
1153 1306 1188 1336 in
1198 1305 1291 1336 Verr.
1309 1306 1355 1336 iii.
1373 1308 1424 1336 38.
1442 1315 1461 1335 a
1479 1305 1584 1343 Tissa,
1598 1316 1655 1345 op-

922 1348 999 1388 pido
1016 1349 1149 1386 Siciliae,
1161 1350 1262 1387 juxta
1276 1349 1424 1379 AEtnam.

967 1392 1000 1423 T
997 1394 1130 1431 molites,
1142 1403 1200 1433 pro
1219 1393 1325 1423 Flacc.
1343 1396 1372 1424 3.
1399 1392 1453 1431 qui
1474 1391 1602 1422 habitat
1619 1392 1654 1424 in

922 1435 1045 1474 Tmolo,
1077 1447 1136 1476 pro
1166 1436 1271 1467 Flacc.
1307 1439 1355 1470 19.
1388 1440 1501 1465 monte
1527 1435 1652 1475 Lydiae,

920 1479 1074 1510 odoribus
1091 1480 1220 1510 celebri.

966 1523 1090 1559 Tolosa,
1107 1523 1266 1563 oppidum
1283 1521 1397 1553 Galliae
1414 1521 1651 1552 Narbonensis.

921 1565 1016 1596 Unde
1049 1567 1242 1598 Tolosanum
1273 1575 1407 1603 azo-um,
1438 1565 1517 1595 Nat.
1550 1565 1651 1596 Deor.

918 1609 964 1640 iii.
987 1614 1038 1641 30.
1061 1616 1124 1648 est,
1142 1610 1228 1650 quod
1254 1609 1293 1649 Q.
1318 1609 1473 1639 Servilius
1499 1607 1610 1648 Caepio
1634 1619 1653 1638 ο

918 1653 1044 1694 templo
1066 1653 1229 1684 Tolosano
1252 1652 1398 1683 sustulit.
1437 1652 1476 1682 de
1499 1651 1592 1682 Orat.
1618 1653 1651 1682 ii.

917 1699 969 1730 47.
1001 1707 1040 1728 ea
1070 1697 1109 1727 de
1141 1707 1241 1727 causa
1270 1706 1290 1726 a
1319 1696 1356 1726 C.
1388 1696 1544 1726 Norbano
1576 1705 1650 1726 reus

916 1739 1024 1779 factus
1041 1746 1075 1770 et
1091 1740 1330 1771 condemnatus
1348 1739 1479 1770 dicitur.

961 1784 1102 1822 Tralles,
1112 1784 1189 1814 urbs
1200 1783 1313 1824 Lydiae
1325 1783 1455 1819 nobilis,
1467 1781 1508 1812 ad
1526 1781 1650 1813 Maean-

915 1826 1011 1858 drurn
1050 1828 1201 1864 fluvium,
1239 1837 1277 1857 ex
1315 1825 1443 1866 vulgari
1480 1825 1648 1865 opinione,

915 1881 1013 1909 quam
1031 1871 1164 1902 dubiam
1180 1870 1324 1900 reddidit
1347 1879 1452 1910 nuper
1469 1869 1537 1899 Cel.
1554 1868 1647 1898 Wes-

914 1914 1030 1955 seling.
1048 1915 1090 1945 ad
1104 1913 1291 1945 Hieroclem
1307 1924 1339 1955 p.
1353 1914 1425 1948 659.
1443 1912 1530 1943 unde
1549 1912 1646 1943 Tral-

914 1959 1006 1989 Iiani.

958 2002 1171 2033 Trasimenus
1186 2003 1286 2038 lacus,
1304 2011 1334 2031 v.
1354 1999 1600 2032 Taras-invenus.

959 2046 1196 2083 Trebulanum,
1214 2045 1255 2075 ad
1273 2045 1343 2075 Att.
1368 2054 1398 2074 v.
1422 2045 1451 2074 52.
1483 2042 1645 2082 praedium

912 2089 1022 2120 Pontii
1050 2090 1084 2119 in
1111 2098 1190 2128 agro
1211 2087 1417 2119 Trebulano:
1446 2096 1466 2116 a
1489 2086 1643 2123 Trebula,

912 2133 993 2163 urbe
1010 2133 1213 2173 campaniae,
1229 2133 1312 2162 citra
1326 2130 1541 2161 Vulturnum.
1576 2128 1646 2159 Pri-

912 2186 968 2206 mo
985 2177 1024 2206 de
1041 2177 1119 2206 urbe
1137 2176 1339 2215 Cainpaniae,
1358 2183 1423 2204 nou
1441 2172 1480 2203 de
1500 2171 1646 2202 Trebula

912 2220 1107 2250 Sabinorum
1127 2218 1324 2260 capientium
1348 2227 1430 2254 esse,
1447 2215 1646 2255 intelligitur

911 2273 950 2293 ex
968 2264 1038 2303 ipso
1055 2264 1226 2299 Cicerone,
1243 2262 1299 2301 qui
1321 2260 1414 2297 dicit,
1430 2269 1465 2290 se
1482 2259 1644 2298 cogitasse

911 2317 950 2336 eo
973 2307 1038 2345 die,
1069 2317 1132 2346 quo
1158 2307 1221 2336 ista
1243 2305 1422 2344 scripserit,
1445 2307 1578 2333 tantum
1603 2312 1642 2332 ex

911 2350 1113 2391 Pompeiano
1129 2349 1170 2379 ad
1189 2348 1413 2379 Trebulanum
1435 2346 1543 2376 Pontii
1559 2357 1568 2384 ;
1593 2355 1643 2375 re-

910 2393 1006 2433 liquis
1027 2393 1139 2424 diebus
1161 2403 1194 2423 se
1211 2394 1306 2432 ‚iusta
1323 2391 1443 2422 itinera
1462 2389 1642 2419 facturum.

911 2437 1061 2478 Epistola
1079 2446 1218 2476 sequens
1240 2440 1291 2465 cst
1306 2444 1324 2465 e
1339 2432 1538 2465 Trebulano.
1562 2442 1642 2471 quo·

912 2481 1010 2512 modo
1021 2487 1132 2511 autem
1144 2485 1212 2510 tani
1226 2479 1346 2518 exiguo
1354 2482 1504 2517 tempore
1516 2475 1643 2516 potuis·
1669 2474 1673 2480 “

910 2530 961 2555 set
987 2523 1165 2554 Trebulani
1194 2522 1391 2553 Sabinorum
1417 2519 1553 2551 venire?
1587 2518 1642 2548 Al-

910 2573 1021 2598 terum
1052 2568 1137 2597 citra
1164 2565 1369 2596 Vulturnum
1400 2563 1513 2600 fuisse,
1546 2561 1643 2592 docet

911 2611 982 2642 Liv.
1000 2611 1089 2641 xxiii.
1107 2613 1159 2643 39.

957 2654 1162 2685 Trebulanus
1182 2661 1278 2690 ager,
1294 2651 1410 2691 Agrar.
1428 2650 1462 2680 ii.
1479 2650 1532 2680 25.
1557 2649 1644 2678 circa

913 2698 1070 2729 Trebulas
1087 2695 1293 2727 Sabinorum.

957 2740 1036 2771 Tres
1054 2740 1221 2776 Tabernoe,
1238 2737 1279 2768 ad
1302 2737 1373 2768 Att.
1389 2736 1409 2765 i.
1429 2738 1476 2766 13.
1502 2735 1593 2766 locus
1608 2735 1642 2764 iu

911 2785 965 2815 via
979 2784 1099 2824 Appia,
1115 2783 1209 2821 cnjus
1226 2782 1259 2811 in
1275 2779 1498 2820 descriptione
1517 2778 1644 2808 itineris

913 2827 1055 2858 Paullini
1081 2826 1208 2857 mentio
1237 2825 1300 2863 fit3
1333 2823 1375 2854 ad
1400 2832 1499 2861 quem
1526 2821 1643 2852 diverti

911 2871 1053 2901 viatores
1069 2875 1103 2900 et
1118 2870 1192 2900 cibo
1208 2869 1349 2907 vinoque
1364 2876 1398 2897 se
1414 2866 1548 2897 reficere
1571 2868 1644 2905 pot-

912 2919 1019 2945 erant.

957 2955 1192 2994 Triocalinum,
1213 2954 1343 2986 Verrin.
1367 2963 1397 2984 v.
1418 2955 1449 2984 4.
1472 2963 1492 2985 a
1517 2951 1645 2984 Trioca-

995 3003 1059 3031 14
