1804 3235
587 406 1179 482 PRAEFATIO

372 570 864 627 EDITIONIS
920 572 1396 628 SECUNDAE.

139 801 350 878 QUAM
381 846 457 871 nos
488 831 578 871 ausi
610 845 754 872 sumus
785 846 903 888 spem
934 833 1160 890 concipere
1182 844 1287 884 tum,
1309 849 1407 875 cum
1439 836 1622 891 primum

133 887 248 929 hanc
275 888 452 928 Clavem
475 887 804 928 Ciceronianam
833 889 1078 941 edebamus,
1110 891 1214 941 fore,
1246 903 1291 931 ut
1322 907 1450 947 opera
1480 904 1625 934 nostra

134 958 275 999 neque
291 945 430 986 doctis
452 944 698 985 hominibus
722 946 1048 1000 improbaretur,
1070 962 1147 989 nec
1179 949 1377 989 studiosis
1409 949 1624 992 literarum

135 1000 363 1042 latinarum
385 1002 438 1042 ad
462 1000 684 1042 Ciceronis
715 1002 844 1042 libros
877 1002 1190 1060 intelligendOS,
1213 1005 1625 1062 Ciceronianamque

133 1057 392 1099 latinitatem
434 1069 631 1099 accurate
672 1059 1031 1115 cognoscendam,
1071 1061 1233 1102 inutilis
1267 1063 1544 1118 reperiretur,
1575 1080 1625 1105 ea

136 1114 244 1155 adeo
270 1129 357 1156 non
387 1114 553 1165 fefellit,
585 1126 631 1155 ut
661 1130 747 1156 non
783 1116 912 1157 modo
946 1131 1031 1157 non
1063 1119 1315 1173 poenituerit
1345 1134 1420 1160 nos
1453 1120 1623 1171 laboris,

136 1185 264 1226 quem
288 1172 400 1213 haud
425 1186 573 1227 parum
607 1172 848 1223 molestum,
871 1187 1169 1225 sumseramus,
1192 1176 1263 1215 sed
1286 1177 1413 1217 etiam
1437 1177 1625 1219 fructum

136 1229 229 1283 ejus
250 1229 352 1270 satis
374 1243 579 1285 magnum
602 1230 852 1284 ceperimus.
902 1230 1002 1276 Quo
1022 1231 1223 1272 libentius
1246 1232 1327 1274 hoc
1346 1233 1540 1286 fecimus,
1562 1245 1625 1287 ut,

136 1299 236 1327 cum
267 1285 400 1327 altera
428 1286 561 1326 editio
586 1285 681 1326 libri
714 1295 948 1341 pararetur,
970 1302 1067 1328 eum
1098 1288 1324 1345 diligenter
1348 1299 1486 1331 totum
1508 1306 1626 1333 reco-

172 1357 454 1393 nosceremus,
476 1352 519 1383 et
541 1342 876 1383 emendatiorem
905 1343 1312 1401 locupletioremque
1343 1347 1626 1389 redderemus.

137 1357 190 1440 {d
213 1399 317 1441 locis
339 1400 650 1456 propemodum
673 1400 1055 1442 innumerabilibus
1078 1402 1237 1443 factum
1262 1418 1365 1454 esse,
1386 1419 1481 1445 vere
1502 1406 1628 1446 nobis

136 1455 239 1498 licet
259 1457 414 1498 dicere.
475 1455 531 1497 Et
561 1456 785 1512 indigebat
817 1457 1044 1499 historicus
1067 1460 1252 1501 maxime
1287 1460 1421 1501 Index
1447 1461 1629 1517 plurima

137 1513 207 1554 vel
226 1514 540 1564 emendatione,
564 1514 629 1554 vel
659 1514 915 1554 accessione.
978 1515 1091 1556 Nam
1113 1526 1155 1556 et
1185 1516 1322 1572 major
1344 1517 1478 1558 multo
1499 1534 1629 1574 quam

137 1570 184 1612 in
205 1571 373 1621 ceteris,
395 1570 625 1612 difficultas
648 1579 751 1620 erat,
775 1570 817 1610 in
838 1570 1080 1626 digerendis
1097 1573 1298 1624 maxime,
1317 1583 1360 1614 et
1384 1589 1477 1616 vere
1498 1575 1628 1617 etiam

136 1627 398 1668 illustrandis
430 1628 620 1683 personis
644 1626 953 1678 Ciceronianis,
976 1644 1103 1683 quam
1134 1630 1175 1670 in
1207 1630 1432 1683 latinitate,
1456 1632 1520 1672 vel
1542 1632 1629 1674 col-

137 1684 325 1741 ligenda,
356 1684 422 1724 vel
452 1684 722 1740 explicanda,
755 1694 798 1724 et
828 1684 879 1724 ad
909 1699 1006 1725 eum
1039 1686 1353 1728 conficiendum
1382 1689 1508 1745 longe
1537 1690 1631 1730 bre-

138 1742 248 1793 vius,
270 1756 399 1797 quam
430 1756 507 1797 pro
530 1741 783 1782 difficultate
813 1742 888 1792 rei,
912 1743 1114 1798 temporis
1147 1745 1331 1798 spatium
1362 1746 1509 1786 datum
1540 1745 1631 1786 fue-

137 1808 220 1841 rat.
279 1798 432 1854 ltaque
462 1799 516 1838 ab
547 1797 618 1838 illo
649 1797 794 1838 statim
824 1807 1030 1854 tempore,
1053 1814 1138 1854 quo
1167 1801 1353 1856 primum
1381 1816 1404 1843 e
1434 1803 1631 1844 manibus

138 1855 339 1897 dimissus
361 1864 425 1896 est
453 1854 574 1905 liber,
597 1854 826 1910 coepimus,
848 1865 891 1895 et
913 1858 954 1895 in
978 1856 1080 1912 ipsis
1105 1856 1325 1899 Ciceronis
1346 1858 1465 1900 libris
1487 1860 1632 1915 legen-

139 1913 205 1954 dis
241 1912 670 1968 interpretandisque,
702 1920 745 1952 et
783 1912 826 1951 in
864 1913 1014 1953 ceteris
1052 1913 1308 1955 lectionibus
1341 1916 1511 1966 nostris,
1542 1916 1631 1957 sive

141 1969 322 2012 Graecos
354 1969 580 2010 historicos
604 1978 895 2020 tractaremus,
926 1969 1014 2010 sive
1047 1970 1222 2011 Latinos
1253 1972 1481 2028 scriptores
1504 1987 1631 2028 quos-

141 2041 324 2082 cunque,
343 2026 526 2080 denique
548 2026 737 2065 virorum
759 2026 986 2066 doctorum
1006 2025 1351 2079 Commentariis,
1373 2030 1425 2070 ad
1448 2029 1631 2084 aliquem

141 2083 271 2125 talem
294 2084 562 2138 scriptorcm,
584 2092 658 2122 aut
680 2083 856 2123 omnino
878 2084 930 2124 ad
954 2083 1093 2124 literas
1116 2084 1386 2126 humaniores
1417 2088 1632 2142 pertinen-

141 2142 273 2192 tibus,
295 2139 621 2197 cognoscendiS,
650 2149 896 2180 notaremus
918 2140 1158 2196 diligenter,
1190 2143 1222 2182 si
1253 2143 1354 2197 quid
1377 2153 1632 2194 occurreret,

141 2198 255 2254 quod
286 2197 486 2254 prodesse
515 2195 742 2250 aliquando
771 2196 894 2237 Clavi
926 2207 1082 2238 nostrae
1115 2209 1272 2253 posset.
1332 2199 1426 2240 Has
1456 2215 1479 2240 a
1508 2201 1632 2242 nobis

141 2269 218 2312 per
248 2264 314 2296 tot
343 2268 477 2295 annos
508 2263 734 2308 congestas
764 2253 909 2308 copias
932 2254 1144 2309 coepimus
1177 2266 1373 2297 accurate
1403 2271 1634 2308 recensere,

141 2326 242 2354 cum
263 2311 315 2353 ad
340 2310 734 2367 recognoscendum
751 2324 859 2366 opus
880 2311 1151 2362 vocabamur,
1170 2322 1217 2352 ut
1238 2327 1307 2353 eas
1330 2314 1394 2355 vel
1417 2314 1468 2355 ad
1490 2328 1634 2355 emen-

142 2369 346 2419 dandum,
369 2367 436 2409 vel
457 2367 701 2423 augendum
723 2366 1028 2408 conferremus.
1088 2367 1138 2409 In
1161 2383 1246 2423 quo
1269 2380 1410 2411 tamen
1440 2370 1511 2412 hic
1541 2385 1633 2412 mo-

141 2426 222 2467 dus
243 2440 269 2466 a
285 2425 409 2466 nobis
436 2434 625 2466 servatus
648 2433 726 2473 cst,
749 2433 796 2465 ut
826 2424 1014 2465 maxime
1043 2435 1258 2467 uteremur
1288 2427 1353 2478 iis,
1375 2442 1471 2483 quae
1493 2428 1634 2469 eonsi-

140 2481 250 2524 lium
272 2482 412 2538 operis
435 2480 685 2538 postularet,
707 2480 822 2535 quod
844 2490 980 2521 totum
1004 2482 1056 2522 ad
1079 2482 1401 2539 intelligendum
1422 2485 1633 2540 pertinere

142 2540 356 2580 voluimus
388 2539 431 2579 in
463 2539 542 2589 his,
565 2552 661 2593 quae
693 2551 772 2577 nec
800 2537 905 2577 vitio
927 2538 1069 2592 aliquo
1093 2540 1330 2596 scripturae,
1351 2555 1429 2581 nec
1450 2541 1633 2582 difficul-

143 2606 233 2637 tate
260 2610 315 2637 ex
349 2596 611 2637 obscuritate
642 2594 963 2645 sententiarum,
992 2605 1066 2635 aut
1095 2596 1177 2637 alia
1204 2597 1275 2637 tali
1305 2612 1445 2647 causa,
1470 2598 1634 2639 labora-

141 2664 253 2695 rent.
305 2652 419 2693 Nam
440 2667 537 2708 quae
561 2651 655 2692 loca
677 2650 838 2691 habent
858 2651 1156 2692 difficultatem
1178 2653 1440 2709 hujusmodi,
1463 2668 1512 2694 ea
1534 2669 1634 2695 vero

143 2709 398 2751 emendandi
430 2709 568 2763 magis
601 2718 644 2748 et
675 2708 981 2763 interpretandi
1017 2709 1245 2761 solertiam,
1273 2725 1401 2766 quam
1437 2710 1636 2752 Indicum

145 2767 294 2808 talium
326 2766 594 2822 diligentiam
625 2765 880 2806 desiderant.
942 2764 1029 2806 Diu
1062 2775 1140 2815 est,
1170 2781 1268 2807 cum
1303 2768 1465 2823 agitare
1497 2768 1637 2823 coepi-

145 2838 240 2865 mus
262 2823 488 2864 consilium
509 2821 768 2863 edendarum
787 2821 829 2862 in
850 2822 1068 2862 universos
1088 2821 1310 2864 Ciceronis
1329 2825 1457 2865 libros
1478 2823 1636 2866 Obser-

122 2880 382 2933 svationum,
404 2880 561 2936 quibus
584 2878 688 2920 tales
709 2878 840 2920 etiam
870 2878 1159 2932 difficultates,
1189 2895 1264 2937 per
1287 2890 1477 2924 veterum
1508 2880 1637 2922 libro-
