1800 3131
126 119 212 161 306

181 217 302 254 Faetus,
316 215 356 246 de
366 215 518 254 frugibus
533 223 700 254 agrorum.
724 215 819 246 Orat.
831 215 866 245 ii.

137 266 191 295 30.
223 271 288 300 quo
312 259 464 290 meliores
487 268 566 298 ager
575 257 682 299 soetus
704 259 808 298 possit
832 263 867 289 et

138 305 331 346 grandiores
348 302 455 333 edere.
471 302 567 340 item,
581 303 687 332 baccis
699 303 866 333 arborum.

139 350 216 382 Div.
232 349 253 378 i.
269 352 300 382 9.
323 347 342 365 ²*
353 349 447 377 actus
461 345 664 377 edendorum
683 345 867 376 fructuum.

138 393 221 432 Leg.
238 392 260 422 i.
277 394 306 422 8.
338 400 411 429 quae
433 389 583 430 frugibus
599 394 633 420 et
647 390 756 420 baccis
770 393 867 420 terrae

125 435 218 477 foetzc
235 433 493 475 profunduntur.
524 436 542 455 *²
558 436 749 474 proventus,
766 432 868 472 wis-

138 485 190 512 λη.
217 478 314 509 Brut.
344 480 398 512 49.
425 487 487 507 nec
515 477 584 508 ulla
612 480 710 508 aetate
738 477 870 506 uberior

141 527 312 553 oratorum
319 520 426 561 foetus
440 521 517 551 fuit.

184 566 278 597 Fons.
308 566 348 606 Ω.
366 565 418 596 Fr.
435 565 482 595 iii.
503 567 530 594 1.
545 566 577 594 4.
603 563 665 603 ipsi
675 561 868 602 fmztesjam

145 610 279 641 sitiunt.

183 653 295 685 Foras.
324 652 366 692 Ω.
384 651 435 681 Fr.
452 651 498 680 iii.
519 653 545 680 1.
563 649 594 681 6.
611 648 713 689 foras
729 657 870 679 coenare.

183 696 276 727 Fore.
302 696 373 726 Att.
389 705 418 724 v.
435 696 486 725 21.
504 692 584 733 fore
599 697 791 723 venturum.
823 692 872 722 Si-

141 739 269 771 militer
289 740 361 770 Liv.
379 738 464 768 xxvi.
489 737 540 767 26.
564 740 648 766 extr.
663 735 780 777 forent
799 745 873 776 pas-

141 785 221 814 suri.
239 785 319 814 item
335 782 423 812 xxix.
440 784 471 812 3.
501 790 576 810 xxv.
593 781 645 811 ⁶24.
672 781 870 821 expulsurus

129 827 234 866 ‚fin-et.
259 836 354 856 xxxv.
374 828 423 855 13.
440 833 595 854 casurum
607 822 713 864 soret.
758 824 871 863 Nepos

137 871 240 902 Attic.
260 873 308 899 10.
325 868 493 898 laudaturi
504 866 633 907 forent.
661 867 759 908 Apud
775 867 870 899 Ovid.

137 914 178 945 A.
195 915 227 944 ii.
249 915 297 943 14.
313 914 366 943 28.
394 911 539 942 sedecim
564 910 667 941 Codd.
693 916 728 941 et
750 911 801 941 ed.
817 921 867 950 pr.

137 957 264 987 habent
278 954 523 995 futuraforent.
541 954 615 984 add.
627 955 706 985 Tiro
719 964 771 995 ap.
785 953 870 985 Gell.

137 1011 168 1031 x.
189 1004 217 1031 1.
248 1004 283 1030 et
299 999 407 1030 Graew
421 999 462 1029 ad
476 999 547 1029 Att.
562 1008 592 1028 v.
610 1001 663 1029 20.

181 1044 288 1075 Fores.
313 1043 355 1073 ad
376 1044 455 1074 Div.
469 1042 539 1073 xiii.
566 1045 616 1073 10.
642 1041 768 1082 aperire
783 1041 867 1072 ami-

137 1087 335 1128 citiaefores.

181 1132 265 1163 Fori.
291 1131 384 1161 Cato.
408 1130 439 1161 6.
463 1139 541 1160 curn
565 1129 621 1159 alii
644 1128 749 1160 malos
772 1138 867 1159 scan-

135 1174 231 1212 dant,
247 1174 302 1205 alii
329 1183 388 1215 per
397 1173 492 1214 soros
514 1177 660 1203 cursent.
688 1173 764 1204 Forc'
787 1177 867 1203 sunt

136 1219 290 1249 tabulata
304 1219 451 1248 navium.
465 1217 531 1247 vid.
549 1217 687 1248 Salmas.
705 1216 747 1247 ad
762 1215 865 1246 Solin.

136 1272 157 1304 P
180 1307 282 1343 Foris,
298 1305 387 1336 varie
411 1310 446 1334 et
468 1304 584 1334 multis
608 1303 713 1334 modis
734 1303 868 1334 dicitur.

135 1349 320 1390 praeeipuos
344 1348 544 1385 adferemus,
561 1358 642 1387 quos
658 1347 792 1386 quidem
809 1347 866 1377 ob-

132 1394 348 1424 servavimus.
380 1393 420 1432 Ω.
454 1392 505 1421 Fr.
533 1391 568 1422 ii.
597 1394 627 1422 8.
650 1390 741 1431 Jbris
769 1390 865 1421 valde

134 1436 307 1477 plauditur
321 1447 330 1475 ;
355 1444 476 1475 nempe
492 1439 587 1465 extra
601 1438 769 1473 senatum,
787 1434 820 1466 h.
837 1445 867 1466 e.

134 1491 154 1510 a
169 1480 303 1519 reliquis
319 1479 501 1510 ordinibus.
532 1478 574 1508 ad
589 1479 665 1509 Div.
683 1479 704 1509 i.
723 1483 755 1513 9.
785 1488 882 1508 cum-

131 1534 172 1554 ea
188 1524 361 1554 contentio
378 1523 427 1564 (in
444 1521 577 1561 senatu)
597 1521 779 1562 mihiforis
793 1532 864 1553 ma-

134 1577 239 1607 gnum
263 1567 414 1597 fructum
438 1566 582 1596 tulisset.
615 1566 708 1596 Verr.
735 1566 782 1595 iii.
809 1570 863 1600 90.

131 1621 199 1641 non
215 1608 458 1650 quaeramjbris
477 1610 511 1651 (i.
528 1620 557 1639 e.
573 1613 668 1639 extra
677 1608 859 1649 judicium)

131 1664 209 1685 cum
226 1654 348 1685 habeas
364 1653 495 1692 judices
516 1653 683 1693 principes
706 1653 862 1687 civitatis.

130 1698 210 1729 ibid.
226 1701 280 1733 91.
306 1707 373 1728 non
391 1706 538 1736 quaeram
555 1696 842 1737 exemplumforis
854 1710 864 1728 .·

129 1741 193 1772 hoe
224 1742 296 1782 ipso
328 1751 366 1772 ex
406 1740 541 1770 consilio
578 1744 657 1770 utar
692 1741 864 1781 exempliS.

130 1785 227 1816 Rosc.
254 1785 329 1815 Am.
355 1787 408 1818 47.
439 1784 529 1814 domi
553 1783 699 1823 dignitas
725 1789 761 1814 et
774 1784 866 1824 foris

134 1828 238 1869 (apud
275 1826 418 1866 exteros)
460 1828 654 1858 auctoritas.
693 1828 793 1859 Arch.
833 1833 864 1864 7.

131 1872 304 1902 delectant
328 1872 432 1909 domi,
456 1880 523 1901 non
550 1871 740 1911 impediunt
751 1871 866 1911 jbris:

132 1915 165 1946 h.
196 1926 226 1946 e.
256 1916 290 1945 in
320 1915 497 1955 provinciis
531 1925 608 1945 cum
647 1925 776 1953 sumus,
807 1920 866 1947 aut

131 1960 166 1990 in
196 1958 292 1989 bello.
319 1959 361 1989 ad
386 1959 463 1990 Div.
490 1958 544 1989 vii.
580 1959 629 1990 16.
648 1958 739 1999 ‚fin-is
764 1962 866 1991 coeni-

129 2008 212 2034 tare.
251 2003 388 2035 Dicitur
415 2007 451 2032 et
481 2012 541 2042 pro
571 2002 726 2033 aliunde:
761 2003 863 2036 Tusc.

129 2047 176 2076 iii.
205 2050 234 2077 3.
253 2045 344 2086 foris
374 2050 499 2086 petere.
530 2046 602 2077 Fin.
628 2047 674 2077 iii.
702 2050 733 2081 7.
763 2052 802 2077 ut
828 2048 864 2078 in

130 2091 202 2129 ipsa
224 2094 296 2120 arte
320 2091 414 2127 insit,
437 2099 504 2120 non
515 2089 605 2130 foris
627 2095 774 2130 petatur.
806 2091 864 2122 Or.

130 2133 164 2164 ii.
181 2136 235 2164 40.
253 2133 344 2174 soris
367 2143 535 2164 assumere
551 2138 760 2173 argumenta.
784 2134 863 2165 hinc

131 2177 197 2208 Pis.
213 2177 243 2207 6.
261 2177 352 2217 foris
366 2187 437 2208 esse
454 2177 625 2215 dicuntur,
643 2178 699 2216 qui
723 2182 803 2208 sunt
827 2179 863 2209 in

679 126 826 156 INDEX
847 122 1143 157 LATINITATIs.

904 216 1134 246 communium
1158 219 1348 257 temporum
1372 218 1407 247 et
1428 217 1533 249 totius
1548 216 1631 259 reip.

905 260 1024 290 misisti
1039 269 1239 300 expressam.
1259 259 1277 278 ⁴*
1287 260 1321 290 in
1336 260 1508 291 rhetoricis
1511 261 1631 300 firma

906 302 1042 340 dicitur,
1058 307 1098 333 ut
1114 303 1232 342 figura,
1250 303 1357 343 primo
1381 304 1421 334 de
1443 304 1549 334 tribus
1574 315 1631 345 ge-

905 347 1038 377 neribus
1054 346 1184 377 dicendi
1198 359 1204 376 :
1229 346 1402 390 χαςακτὺς,
1418 345 1488 377 ἰδίω.
1521 349 1579 379 Or.
1595 348 1630 378 ii.

905 391 958 420 23.
991 391 1048 421 Or.
1069 393 1118 421 ll.
1149 396 1184 421 et
1206 390 1246 420 de
1262 390 1496 421 schematibus.
1534 391 1631 421 Brut.

910 436 957 466 17.
988 434 1231 464 sententiarum
1260 439 1294 464 et
1321 434 1481 464 orationis
1500 432 1633 474 forma.

905 476 946 506 de
969 480 1037 516 opt.
1062 486 1137 515 gen.
1160 477 1223 508 dic.
1248 482 1277 509 5.
1316 478 1498 508 Sententiis
1517 477 1632 516 iidem,

903 523 938 549 et
954 519 1196 558 earum-sbrmis
1209 524 1382 560 tamquam
1399 521 1524 560 figuris.
1550 520 1570 540 *ἓ
1582 530 1634 551 ra·

905 563 965 600 tio,
983 564 1191 595 constitutio.
1224 565 1324 596 Tusc.
1341 565 1374 595 ii.
1395 568 1444 596 15.
1469 565 1525 604 qui
1542 564 1636 595 Grae-

905 606 964 635 ciae
991 604 1145 645 formam
1182 608 1503 649 rerumpublicarum
1534 607 1633 638 dede-

908 652 997 679 runt.
1033 649 1117 680 Phil.
1140 660 1170 680 v.
1189 654 1218 681 5.
1235 651 1356 691 jbrma
1371 652 1507 692 judicis.
1531 652 1632 692 *spe-

908 693 974 722 cies
997 693 1043 723 rei
1067 693 1102 723 in
1125 694 1238 724 animo
1260 705 1414 735 expressa
1432 700 1466 726 et
1482 705 1633 736 compre-

907 735 1021 767 hensa.
1047 737 1140 767 Orat.
1167 740 1197 768 5.
1229 737 1345 769 habuit
1366 739 1513 778 profecto
1542 748 1633 769 com·

905 779 1103 820 prehensam
1141 781 1254 811 animo
1286 782 1454 821 quandam
1478 781 1632 822 sormam

905 822 1230 862 eloquentiae.--eos,
1261 825 1380 864 quibus
1413 825 1539 865 aliquid
1574 829 1633 856 aut

905 866 1002 906 plura
1017 868 1166 906 deerant,
1183 869 1218 899 in
1233 878 1307 899 eam
1319 867 1474 908 formam
1494 877 1560 899 non
1574 879 1633 909 po-

903 913 1017 941 terant
1033 911 1215 942 includere.
1235 912 1254 931 *
1265 918 1423 943 externus
1441 917 1637 953 apparatus,

903 954 1057 994 insignia.
1086 954 1165 995 Agr.
1192 956 1227 986 ii.
1261 958 1310 987 13.
1339 955 1494 996 jin-mam
1523 955 1634 987 adhue

905 996 1033 1029 habetis
1056 1002 1091 1028 et
1111 999 1255 1040 speciem
1279 1000 1386 1040 ipsam
1401 1004 1633 1040 tyrannorum.

903 1041 970 1072 vid.
999 1042 1105 1073 Graev.
1131 1042 1172 1073 ad
1196 1042 1230 1073 h.
1257 1043 1278 1074 1.
1312 1043 1422 1074 *Νειῄ
1450 1044 1493 1074 D.
1520 1043 1555 1074 ii.
1578 1046 1633 1074 40.

892 1084 1019 1124 sormoe
1033 1086 1153 1125 igneae,
1169 1091 1250 1117 sunt
1264 1086 1382 1117 sidera.

948 1129 1113 1160 For-mare.
1137 1130 1234 1161 Brut.
1250 1133 1303 1162 38.
1315 1129 1472 1171 formare
1489 1129 1633 1167 animos,

904 1171 1028 1203 dicitur
1042 1177 1166 1211 orator,
1182 1174 1239 1214 qui
1261 1183 1315 1205 eos
1338 1174 1458 1213 flectit,
1474 1182 1634 1214 quorsum

901 1217 985 1248 vult.

947 1258 1107 1297 Formido,
1124 1260 1211 1299 quod
1226 1260 1383 1291 timorem
1398 1261 1531 1291 incutit.
1561 1258 1635 1290 Pin.

902 1313 932 1334 v.
969 1308 1016 1335 11.
1051 1304 1210 1342 quasdam
1241 1309 1317 1345 post
1345 1309 1489 1335 mortem
1508 1303 1641 1345 sormi-1

903 1348 994 1379 dines
1016 1348 1248 1378 extimescant.
1280 1347 1382 1379 Tusc.
1406 1349 1429 1378 i.
1456 1348 1506 1379 16.
1537 1347 1633 1386 cujus

904 1392 1069 1431 ignoratio
1092 1392 1192 1422 finxit
1214 1391 1350 1428 inferos,
1372 1401 1494 1432 easque
1508 1389 1633 1430 formi-

903 1437 1005 1473 dines,
1037 1445 1118 1474 quas
1147 1438 1186 1465 tu
1217 1440 1433 1467 contemnere
1468 1434 1634 1465 videbare.

900 1479 1065 1510 Buherius
1088 1479 1128 1510 de
1151 1479 1328 1510 Po'e'tarum
1351 1478 1427 1510 Dea
1449 1478 1646 1510 Formidine*

901 1523 1142 1563 interpretatur
1157 1534 1165 1553 τ
1183 1522 1271 1562 quod
1285 1531 1352 1552 non
1368 1527 1421 1553 est
1435 1531 1581 1553 necesse.

946 1567 1116 1605 For-mula,
1131 1566 1252 1604 forma,
1268 1565 1370 1596 Acad.
1386 1566 1408 1596 i.
1423 1569 1457 1597 4.
1475 1565 1634 1606 formula

898 1609 1096 1651 disciplinae.
1132 1610 1152 1629 ἦ
1168 1609 1322 1649 generale
1358 1609 1633 1649 pronunciatum,

901 1664 941 1684 ex
957 1664 1022 1694 quo
1039 1654 1078 1685 de
1092 1654 1232 1694 singulis
1248 1653 1345 1683 rebus
1356 1652 1503 1692 judicari
1517 1653 1634 1692 possit.

900 1698 996 1729 offic.
1013 1697 1059 1729 iii.
1075 1701 1107 1730 4.
1125 1697 1282 1737 firmata
1297 1696 1450 1736 quaedam
1470 1696 1635 1726 constitu-

903 1741 990 1772 enda
1002 1745 1063 1779 est,
1076 1742 1137 1772 &e.
1152 1740 1297 1780 *Injure
1310 1738 1574 1779 civili‚formuloe
1582 1744 1635 1770 est

904 1790 1014 1816 certus
1030 1786 1206 1816 verborum
1223 1783 1353 1814 modus.
1376 1783 1538 1814 Formulae
1552 1788 1634 1813 sunt

907 1831 934 1859 l.
961 1839 1022 1866 eae,
1045 1830 1080 1859 in
1105 1838 1186 1868 quas
1203 1827 1372 1867 judicium
1395 1827 1496 1857 datur
1510 1837 1531 1857 a
1545 1826 1635 1856 Prae-

905 1878 987 1903 tore.
1010 1872 1128 1912 Quint.
1143 1876 1173 1904 8.
1197 1872 1287 1902 unde
1299 1870 1455 1910 formula
1470 1870 1634 1910 cognitio-

901 1916 952 1946 nis
970 1916 1059 1956 apud
1073 1916 1146 1947 Liv.
1162 1915 1206 1946 xl.
1226 1917 1274 1947 12.
1297 1914 1386 1954 quod
1408 1913 1451 1944 ad
1472 1914 1543 1954 ejus
1555 1911 1635 1953 sm·—

902 1961 1000 1991 mulae
1029 1959 1314 2000 praescriptionem
1345 1957 1479 1998 judices
1509 1957 1633 1987 debent

895 2003 1063 2043 ‚judicium
1089 2013 1188 2034 suum
1214 2002 1371 2040 dirigere,
1397 2004 1444 2039 et,
1469 2000 1550 2040 quid
1578 2010 1633 2030 eo-

901 2046 1130 2087 gnoscendum
1147 2045 1437 2085 judicandumque
1461 2045 1517 2081 sit,
1531 2053 1570 2074 ex
1593 2053 1635 2074 ea

900 2091 1099 2131 intelligere.
1144 2092 1176 2122 2.
1211 2090 1389 2127 «mitorum,
1423 2088 1543 2128 quibus
1580 2086 1633 2117 vel

901 2135 1012 2174 agitur
1034 2135 1068 2164 in
1092 2133 1263 2174 aliquem3
1292 2132 1380 2163 unde
1391 2131 1548 2172 jbrmula
1573 2139 1633 2170 pro

901 2179 1046 2216 actione,
1062 2178 1159 2209 Rose.
1184 2177 1278 2208 Com.
1297 2180 1326 2207 8.
1350 2179 1432 2206 sunt
1444 2176 1538 2215 jura,
1553 2177 1636 2205 sunt

130 2230 196 2252 aere
219 2221 343 2258 alieno,
360 2221 400 2251 de
424 2230 490 2260 qua
512 2221 655 2251 lectione
674 2226 804 2259 tamen,
819 2232 863 2253 an
888 2221 1061 2261 Jbrmuloe.
1093 2221 1143 2252 Ex
1168 2231 1233 2261 quo
1251 2219 1407 2261 formula
1432 2219 1634 2257 injuriarum

131 2265 278 2304 genuina
301 2265 357 2303 sit,
373 2264 508 2294 dubitat
529 2265 714 2296 Manutius.
746 2265 817 2295 Fin.
842 2267 864 2298 i.

135 2311 184 2339 13.
215 2318 276 2338 nec
291 2308 343 2339 hoe
359 2307 558 2348 cupiditates
575 2318 644 2338 sese
649 2308 738 2348 jbris
752 2308 862 2340 solum

125 2352 274 2393 jactant,
292 2361 354 2381 nec
374 2356 512 2382 tantum
534 2353 569 2381 in
594 2352 674 2382 alios
695 2362 784 2383 eoeco
799 2354 863 2383 im-

133 2400 215 2435 petu
230 2396 422 2433 incurrunt,
439 2395 498 2425 sed
513 2396 603 2425 intus
621 2396 723 2426 etiam
739 2397 774 2426 in
792 2398 864 2428 ani-

132 2439 196 2470 mis
212 2438 350 2469 inelusae
366 2439 455 2469 inter
468 2449 502 2468 se
519 2439 694 2477 dissident,
715 2440 775 2471 &tu

178 2481 306 2512 lbrma.
338 2482 533 2513 Dialecticis
550 2486 601 2513 est
622 2483 748 2523 species
765 2493 866 2522 gene-

134 2526 161 2556 ri
176 2525 337 2565 subjeeta.
367 2526 451 2566 Top.
467 2530 497 2560 7.
525 2527 561 2556 in
575 2526 864 2566 divisionesormoe

133 2573 224 2605 sunt,
251 2579 332 2608 quas
357 2569 464 2600 Graeei
496 2567 571 2604 ἰδέας
598 2576 731 2608 vocant,
759 2573 865 2601 nostri

132 2613 258 2652 speeies
282 2612 465 2652 appellant,
480 2623 546 2642 non
571 2614 714 2654 pessime
736 2613 768 2644 id
793 2615 867 2653 qui—

134 2655 223 2692 dem,
241 2655 299 2685 sed
322 2656 486 2686 inutiliter
508 2656 551 2687 ad
574 2657 752 2688 mutandos
769 2668 863 2688 casus

133 2700 168 2729 in
185 2699 325 2729 dicendo
341 2700 400 2730 διο.
431 2699 502 2730 fin.
525 2711 554 2731 v.
576 2704 608 2732 4.
626 2699 747 2741 forma
766 2701 865 2732 disci·

133 2742 233 2783 plinae
262 2741 396 2782 triplex.
429 2743 448 2761 ’Κ
461 2743 639 2774 delineatio
668 2745 799 2775 oedificii
831 2749 865 2775 et

133 2788 362 2825 cujuscunque
379 2787 436 2816 rei.
466 2787 508 2816 ad
522 2787 599 2817 Div.
616 2788 650 2818 ii.
669 2791 698 2819 8.
729 2793 768 2818 ut
785 2799 864 2819 cum

117 2829 272 2869 sormam
295 2829 376 2869 reip.
400 2829 552 2867 viderim,
569 2830 666 2870 quale
682 2832 864 2863 aedificium

129 2873 284 2903 futurum
306 2873 353 2903 sit
375 2874 436 2903 διο.
468 2873 510 2903 cf.
527 2874 584 2904 Or.
602 2874 624 2904 i.
640 2877 692 2906 35.
707 2879 791 2905 extr.
821 2876 863 2906 ad

130 2916 206 2948 Div.
223 2916 270 2947 iii.
289 2919 338 2947 11.
367 2915 456 2955 quod
471 2917 513 2947 ad
527 2927 580 2948 me
602 2919 696 2958 quasi
704 2918 858 2960 firmam

900 2275 953 2305 ap.
968 2266 1106 2296 Sueton.
1121 2264 1234 2296 Vitell.
1250 2268 1267 2298 7
1275 2287 1281 2294 .
1295 2262 1450 2304 formula
1466 2261 1582 2293 cadere
1599 2265 1639 2300 et

900 2309 1033 2340 similia.
1049 2308 1101 2338 vel
1123 2309 1243 2348 quibus
1264 2310 1483 2342 testamenta,
1504 2305 1634 2345 sponsi-

900 2362 993 2390 ones,
1009 2352 1244 2393 stipulationes
1258 2356 1295 2382 et
1319 2349 1437 2390 reliqui
1459 2348 1634 2388 hujusmo-

902 2397 934 2426 di
950 2400 1043 2427 aetus
1060 2397 1146 2436 juris
1163 2396 1264 2433 fiunt,
1279 2394 1399 2434 quibus
1415 2397 1553 2424 cavetur
1572 2390 1633 2422 ali-

901 2440 967 2470 cui.
993 2450 1022 2470 v.
1041 2440 1173 2470 Cautio.
1201 2440 1262 2470 διο.
1287 2442 1433 2476 suntque
1454 2435 1633 2466 verborum.

903 2488 1005 2514 certae
1036 2483 1270 2523 conceptiones
1301 2486 1337 2512 et
1364 2481 1480 2512 formae
1495 2490 1505 2517 ;
1542 2477 1633 2509 unde

902 2528 1006 2557 etiam
1023 2536 1146 2557 nomen
1162 2526 1342 2557 duxerunt.
1369 2523 1459 2556 Mur.
1488 2524 1535 2553 13.
1554 2520 1635 2562 for-

903 2573 1002 2601 mulae
1015 2575 1133 2602 vestrae
1149 2574 1250 2609 atque
1266 2570 1425 2599 actiones.
1444 2567 1504 2596 διο.
1530 2565 1635 2597 *For-

903 2616 1002 2645 mzeloe
1017 2614 1154 2654 Aquillii
1169 2614 1210 2644 de
1233 2612 1309 2644 dolo
1322 2610 1423 2648 malo,
1439 2609 1505 2640 Off.
1519 2608 1568 2639 iii.
1582 2611 1634 2639 14.

902 2662 983 2688 sunt
1006 2658 1220 2689 definitiones
1242 2656 1309 2687 doli
1331 2654 1424 2691 mali,
1441 2652 1561 2692 quibus
1583 2651 1634 2681 di-

900 2702 1023 2732 stincte
1039 2711 1232 2742 expressum
1246 2703 1331 2737 erat,
1349 2697 1468 2737 quibus
1484 2697 1520 2726 in
1534 2695 1635 2726 rebus

901 2745 997 2776 dolus
1013 2745 1120 2775 malus
1136 2747 1320 2775 teneretur.

943 2789 1080 2826 Fen-niz,
1111 2792 1234 2828 praeter
1261 2785 1434 2825 xulgarem
1464 2781 1640 2823 significa-

897 2832 1041 2870 tionem,
1056 2831 1225 2871 significat
1247 2839 1362 2860 areum
1377 2824 1632 2875 triumphalem,

900 2880 960 2906 aut
990 2875 1124 2906 honoris
1152 2883 1253 2904 eausa
1282 2873 1385 2903 etiam
1414 2880 1482 2901 non
1512 2873 1634 2899 trium-

902 2920 1021 2960 phanti
1032 2919 1256 2951 constitutum
1269 2927 1280 2956 ς
1300 2915 1390 2956 quod
1401 2922 1507 2956 genus
1519 2911 1643 2953 crebre,
