1800 3131
122 95 206 133 360

645 101 690 130 IN
697 102 791 132 DEX
822 102 1100 132 LATINITATIS
1107 121 1117 132 .

175 189 294 221 Navis.
327 188 370 220 ad
394 189 471 221 Div.
497 189 531 221 ii.
559 193 589 222 5.
620 190 656 221 in
681 190 799 220 eadem
825 200 858 221 es
904 196 1004 222 tatem
1020 191 1349 231 familiaritatemque
1372 190 1536 222 violasset.
1563 190 1638 222 ‘de

135 235 214 265 navi
227 245 236 263 .-
259 234 291 265 h.
310 244 339 263 e.
354 234 388 263 in
406 233 522 263 eodem
537 233 698 274 periculo.

181 277 246 308 Ne.
270 276 343 307 Mil.
367 279 418 308 24.
451 276 562 307 Plane.
587 279 640 309 22.
669 287 709 307 ne
731 277 867 316 aliquid.

137 320 207 351 *ad
231 321 305 351 Div.
330 331 361 350 x.
389 322 437 351 14.
469 321 512 350 xi.
533 323 580 351 12.
608 321 678 351 Att.
697 321 759 350 xvi.
776 325 807 354 9.
831 330 870 350 nc

138 374 226 404 quae,
244 374 303 404 pro
317 374 358 394 ne
373 374 448 403 qua.
471 363 490 382 ²*
503 363 567 402 fac,
585 364 673 403 finge
698 373 764 393 non
787 373 869 394 esse.

137 408 238 439 Tusc.
255 408 288 437 ii.
306 411 336 439 5.
359 418 398 438 ne
412 408 456 438 sit
466 417 544 437 sane
561 417 730 437 summum
744 405 868 436 malum

139 451 245 488 dolor,
270 450 395 481 malum
420 456 510 481 certe
535 455 594 480 est.
621 451 692 480 *ne
724 450 870 488 quidem,

139 500 191 525 est
221 495 291 524 Fin.
329 494 349 525 i.
379 494 410 524 6.
444 495 477 524 iu
508 494 560 524 ed.
596 493 799 529 Victor-iana,
839 496 873 522 et

141 538 214 568 aliis
239 537 503 577 antiquioribus:
534 538 588 567 ubi
610 541 724 568 tamen
750 535 873 565 habent

140 581 309 632 pleraeque
323 581 418 621 plene
435 592 453 610 π
457 591 473 611 e
486 581 630 620 quidem.
648 579 802 609 similitei
814 579 874 608 Pa-

142 625 213 656 rad.
239 626 284 655 iii.
311 628 337 655 1.
361 629 450 653 certe
474 634 513 653 ne
536 624 621 653 bono
645 622 762 653 melius
779 621 873 661 quid-

144 679 244 708 quam
265 668 405 698 inveniri
429 671 549 706 potest.
574 666 673 696 habet
690 666 759 696 MS.
779 665 873 696 Leid.

143 712 202 742 ubi
218 712 316 751 vulgo
333 710 466 750 quidem
483 710 627 739 additur.
652 719 681 738 v.
705 709 874 746 Davisius,

144 755 186 785 ad
210 755 280 785 Fin.
305 755 326 784 i.
357 754 403 784 16.
431 758 463 782 et
487 754 647 784 Burman.
672 752 713 782 ad
736 753 875 782 Sueton.

142 797 229 838 Aug.
257 801 308 828 35.
342 801 377 826 et
403 797 460 835 qui
487 797 531 826 ibi
557 796 749 826 laudantur.
783 797 875 836 *pro

143 842 280 872 nedum.
307 840 400 870 Verr.
426 840 468 870 iv.
497 841 549 870 23.
577 840 617 870 ad
644 840 720 870 Div.
745 839 787 869 ix.
813 839 875 869 ult.

144 884 453 923 *interrogativum
469 893 527 923 pro
540 893 662 913 nonne.
686 883 750 913 Off.
763 883 808 912 iii.
826 886 874 916 17.

142 932 259 958 suntne
294 927 397 967 igitur
423 927 566 964 insidiae,
595 927 731 956 tendere
762 925 875 965 plagas

142 972 203 1001 ἃς.
239 971 303 1001 Sed
320 971 419 1000 'totus
445 970 500 999 ille
530 970 620 1000 locus
648 971 699 999 vix
728 970 876 999 incorru-

140 1021 234 1056 ptus,
258 1014 315 1045 sed
342 1022 391 1043 est
420 1014 465 1043 sie
488 1013 581 1044 Verr.
609 1013 643 1043 ii.
668 1014 721 1044 46.
749 1013 875 1051 aliquo-

149 1058 234 1088 ties:
260 1063 358 1095 estne,
386 1067 445 1098 pro
469 1067 572 1086 nomae
595 1063 650 1087 est.
676 1062 709 1087 et
734 1066 791 1096 pro
808 1057 877 1086 Do-

141 1112 211 1139 mo,
228 1102 262 1131 ni
279 1101 388 1138 fallor,
404 1101 637 1137 animadverti,
652 1105 688 1131 et
707 1100 797 1140 apud
819 1100 875 1130 Li-

146 1145 249 1175 vium.
266 1145 312 1174 iii.
330 1145 382 1178 67.
408 1145 531 1174 satisne
548 1144 607 1173 διο.

189 1189 244 1219 Ν
229 1189 388 1219 ecessmv‘e
402 1187 473 1217 lnv.
489 1188 509 1217 i.
523 1190 575 1221 29.
593 1191 652 1217 aut
663 1186 879 1226 probabiliter

144 1232 338 1269 ostendens,
356 1237 415 1260 aut
431 1232 605 1261 necessarie
620 1231 863 1260 demonstrans.

189 1276 413 1311 Necessarius,
430 1275 603 1304 naturalis.
637 1273 710 1304 Mil.
729 1277 759 1307 7.
791 1283 877 1303 mors

144 1320 336 1350 necessaria.
376 1328 404 1347 v.
433 1319 611 1348 nez-assises.
646 1317 877 1355 *conjunctus

145 1372 223 1392 cum
236 1362 345 1400 aliquo
358 1362 533 1400 sanguiue,
542 1361 715 1398 affinitate,
725 1360 876 1399 collegio,

145 1410 205 1435 aut
228 1415 425 1445 quacunque
447 1405 512 1434 alia
532 1406 673 1434 ratione.
701 1414 731 1434 ν.
748 1405 878 1434 necessi-

145 1449 232 1479 tudo.
256 1449 309 1478 Sic
333 1449 365 1478 in
392 1447 502 1478 (Jaecil.
528 1451 558 1479 2.
593 1447 694 1477 Siculi
719 1448 878 1477 dicuntur

145 1492 315 1522 Ciceronis
328 1493 512 1529 necessarii,
524 1492 603 1530 quia
614 1491 701 1530 apud
717 1500 771 1520 eos
788 1500 878 1529 quae-

143 1540 214 1565 stor
239 1537 362 1573 fuerat,
387 1540 423 1564 et
444 1545 519 1564 cum
546 1535 584 1564 iis
609 1535 714 1564 amice
739 1534 877 1563 vixerat.

144 1578 237 1609 Verr.
255 1580 300 1608 iii.
323 1582 371 1613 17.
397 1579 567 1608 necessarii
583 1577 704 1608 Siciliae
719 1583 798 1607 sunt
823 1587 879 1617 pa-

142 1624 247 1659 troni,
264 1621 428 1658 Marcelli,
446 1622 622 1661 Pompeius
647 1622 705 1650 &c.
738 1621 779 1650 ad
803 1621 878 1651 D'w.

142 1666 201 1696 xii.
219 1669 250 1697 2.
290 1666 458 1696 necessarie·
486 1665 588 1696 nostri
619 1674 636 1694 e
675 1664 878 1703 municipiis,

144 1714 226 1740 sunt
243 1709 392 1739 clientes.
422 1708 463 1738 ad
476 1709 572 1738 Brut.
588 1718 641 1748 ep.
660 1708 690 1738 6.
723 1707 790 1737 noli
809 1708 879 1747 pati

143 1762 164 1782 a
177 1753 245 1782 tuis
261 1753 446 1782 necessariis
469 1752 626 1790 injuriam
644 1751 716 1780 ficri
739 1761 880 1781 necessa-

141 1797 191 1826 rio
214 1805 299 1826 meo.
332 1796 515 1826 Necessariz'
539 1800 618 1825 sunt
642 1794 879 1834 Dyrrhachini,

143 1839 200 1878 qui
215 1842 310 1868 erant
324 1839 358 1868 in
375 1838 438 1868 fide
456 1838 562 1868 Bruti.
586 1839 604 1857 ²*
616 1838 658 1868 ad
672 1838 749 1869 Div.
766 1838 808 1868 vi.
829 1840 877 1868 152.

143 1884 331 1912 necessario?
358 1882 546 1921 rogationes
575 1886 667 1919 sunt,
695 1891 782 1919 quae,
806 1891 880 1921 pro-

143 1930 220 1966 pter
246 1925 527 1956 necessitudinem
554 1926 714 1965 aliquam,
737 1934 795 1964 pro
826 1935 881 1955 ne-

143 1971 279 1999 cessario
309 1969 408 1999 fiunt.
446 1968 561 1999 *PhiL
592 1969 646 1998 vii.
680 1970 712 1999 22.
745 1973 880 2007 tempus

142 2014 359 2043 necessarium
368 2025 376 2041 :
398 2012 431 2042 h.
448 2021 479 2041 e.
490 2022 556 2051 quo
569 2011 753 2043 necessario
765 2012 882 2041 subve-

146 2056 307 2086 niendum
324 2057 404 2095 reip.

190 2100 337 2136 Necesse,
363 2099 402 2128 de
430 2108 482 2135 e0,
507 2097 596 2137 quod
620 2101 741 2127 natura
764 2098 817 2127 fit.
841 2097 882 2128 ad

145 2143 240 2182 Quir.
258 2153 289 2182 p.
306 2144 345 2173 R
363 2144 394 2173 2.
418 2142 450 2172 id
468 2141 556 2180 quod
572 2151 695 2172 necesse
710 2145 795 2179 erat,
808 2151 882 2181 par-

144 2195 204 2216 vus
222 2196 296 2216 sum
313 2191 516 2225 procreatus.

190 2230 385 2267 Necessitas,
401 2229 441 2258 de
457 2231 589 2265 natura,
604 2227 720 2257 ordine
736 2231 880 2265 naturae,

145 2273 246 2311 quod,
270 2283 342 2312 quae
368 2278 489 2302 natura
511 2272 612 2308 fiunt,
636 2272 820 2300 necessario
844 2273 881 2302 fi-

143 2320 218 2346 unt.
252 2315 350 2346 Catil.
379 2316 420 2346 iv.
449 2318 479 2345 4.
512 2324 600 2344 mors
629 2317 688 2343 aut
713 2317 882 2345 necessitas

144 2363 287 2397 natoue,
319 2363 379 2388 aut
415 2359 566 2388 laborum
604 2357 880 2396 miseriarumque

143 2402 220 2432 finis
237 2408 297 2432 est.
323 2403 413 2432 Sext.
430 2404 482 2433 21.
506 2407 546 2431 ut
561 2401 642 2437 vita,
659 2411 732 2439 quae
750 2403 880 2431 necessi-

145 2447 208 2475 tuti
236 2446 423 2482 deberetur,
454 2445 572 2484 patriae
606 2445 714 2483 potius
745 2444 880 2481 donata,

143 2498 242 2527 quam
255 2494 384 2518 naturoe
400 2492 565 2517 reservata
575 2487 752 2517 videretur.
770 2487 839 2517 lnv.
859 2489 880 2518 i.

143 2535 197 2562 34.
228 2532 368 2570 quadam
397 2533 581 2572 necessitate
607 2540 738 2569 semper
764 2531 879 2561 eodem

143 2574 243 2605 modo
273 2576 370 2605 fiunt.
405 2576 462 2604 Or.
495 2577 546 2604 50.
580 2575 766 2604 necessitate
796 2575 879 2612 ipsa,

141 2627 202 2657 pro
218 2628 278 2647 sua
295 2621 425 2657 sponte,
442 2622 563 2647 natura
578 2627 649 2647 sua.
677 2617 778 2646 Gron.
794 2618 874 2648 Obs.

141 2661 176 2691 ii.
194 2663 223 2692 fc.
250 2661 268 2679 ²*
281 2662 327 2690 vis
344 2661 466 2697 divina,
483 2661 604 2690 fatum.
628 2660 737 2699 Ligar.
755 2661 786 2690 6.
818 2660 879 2690 hu-

141 2713 243 2734 mana
259 2704 397 2733 consilia
411 2706 594 2734 necessitate
610 2704 723 2733 divina
738 2713 808 2733 esse
824 2713 880 2734 su-

140 2751 268 2788 perata.
291 2748 515 2786 *conjunctio
542 2747 728 2785 sanguinis,
745 2747 879 2784 amoris,

140 2791 252 2820 officii.
276 2791 372 2820 Rosc.
398 2790 472 2819 Am.
493 2792 544 2820 24.
569 2799 727 2828 magnam
743 2792 878 2820 necessi-

138 2838 241 2864 tatem
272 2833 417 2873 possidet
446 2837 605 2871 paternus
638 2838 877 2872 maternusque

136 2877 284 2917 sanguis.
322 2876 405 2908 Sull.
438 2878 465 2907 1.
502 2876 529 2907 si
560 2881 710 2908 nostram
744 2878 877 2908 necessi-

910 235 1006 265 rebus
1030 235 1071 265 ad
1094 235 1194 264 vitam
1216 234 1472 265 conservandam
1490 244 1643 266 necessa-

910 279 977 308 riis.
1001 278 1094 308 Verr.
1111 288 1140 308 v.
1162 281 1210 308 14.
1235 279 1294 318 ips?
1314 281 1440 308 naturae
1458 287 1495 308 ac
1512 279 1644 309 necessi-

911 323 974 352 tati
991 331 1123 361 negare.
1146 322 1210 352 Olf.
1228 323 1249 352 i.
1267 325 1318 352 35.
1345 323 1525 352 necessitati
1541 330 1642 360 quam

911 365 1135 395 occultissime
1157 375 1225 405 par«
1238 372 1289 402 nt,
1306 366 1345 395 de
1368 365 1555 395 excretione
1577 363 1646 394 uri-

913 417 978 444 nae,
993 407 1116 438 fecium
1135 409 1193 438 &Q
1221 409 1239 427 ’¹‘
1252 409 1353 438 Aead.
1371 409 1414 438 iv.
1433 409 1486 438 36.
1508 416 1646 447 persua-

913 451 1011 481 dendi
1029 453 1193 482 necessitas
1207 464 1216 481 :
1241 452 1281 482 de
1297 451 1593 481 demonstratione.

959 494 1179 531 Necessitudo,
1197 500 1329 532 natura,
1345 495 1525 535 opponitur
1541 493 1644 523 casui.

916 536 996 566 Har.
1021 537 1060 567 R.
1085 541 1116 571 9.
1147 538 1225 568 ordo
1249 548 1358 568 rerum
1385 549 1421 568 ac
1445 537 1649 568 necessitudo.

915 580 1043 610 *omnis
1053 581 1257 619 conjunctio,
1267 582 1451 622 sanguinis,
1461 581 1648 618 affinitatis,

917 623 1075 662 conjugii,
1092 623 1236 663 collegii,
1261 626 1418 655 amicitiae
1444 626 1503 654 διο.
1529 633 1602 663 quae
1627 633 1648 653 a

917 676 1017 696 causa
1039 667 1150 705 aliqua
1172 668 1291 705 oritur,
1308 678 1381 706 quae
1398 669 1491 698 nobis
1511 668 1644 697 necessi-

917 714 1015 740 talem
1030 711 1150 740 amoris
1163 711 1466 750 benevolentia-que
1484 711 1589 740 affert.
1603 710 1644 750 Ω.

918 753 968 783 Fr.
980 754 1001 783 i.
1018 757 1044 783 l.
1057 764 1086 784 c.
1102 757 1128 783 l.
1145 764 1277 784 summa
1289 755 1515 785 necemffldine
1527 763 1584 784 nos
1597 758 1650 784 at-

916 797 1054 836 tingunt
1071 797 1252 837 publicani.
1277 798 1319 827 cf.
1334 798 1451 827 Manil.
1464 799 1494 828 2².
1511 807 1555 827 sc.
1572 797 1651 836 quia

919 841 1095 871 Cicerones
1108 846 1205 870 erant
1217 841 1360 879 equestri
1375 850 1508 880 genere,
1522 841 1650 879 equites·

918 888 1031 913 autem
1044 884 1224 923 publicani.
1248 886 1282 914 in
1301 884 1412 914 Caecil.
1428 886 1458 914 2.
1482 885 1650 914 necessitu-

918 927 956 956 do
972 937 1047 957 cum
1065 927 1197 964 Siculis,
1214 928 1302 967 apud
1322 938 1402 967 quos
1419 934 1564 966 quaestor
1578 926 1651 956 fue-

919 974 983 1007 rat,
1000 971 1088 1000 inter
1109 981 1188 1009 quos
1210 971 1357 1011 hospites
1379 970 1502 1001 multos
1519 976 1553 1000 et
1569 970 1653 1000 ami-

920 1023 972 1043 cos
989 1013 1143 1044 habebat.
1166 1015 1244 1044 ibid.
1272 1018 1320 1045 18.
1345 1014 1540 1046 mecei-secuda
1563 1014 1652 1044 inter

918 1062 1094 1096 praetorem
1112 1063 1146 1087 et
1162 1063 1371 1096 quaestorem.
1396 1058 1507 1088 Plane.
1525 1060 1573 1087 11.
1596 1067 1652 1087 ne-

918 1102 1071 1130 cessitudo
1097 1102 1317 1131 contubernii.
1349 1102 1459 1132 Rabir.
1492 1100 1587 1130 Perd.
1622 1103 1652 1130 l.

920 1154 996 1173 cum
1021 1144 1175 1174 omnibus
1199 1145 1324 1174 civibus
1349 1145 1430 1174 milii
1449 1144 1652 1174 necessitudi-

919 1188 969 1217 nis
985 1197 1118 1217 causam
1135 1198 1205 1217 esse
1222 1188 1312 1218 duxi.
1337 1188 1378 1218 ad
1394 1188 1469 1218 Div.
1486 1188 1507 1217 i.
1524 1190 1554 1218 3.
1578 1197 1654 1226 pro-

920 1234 995 1270 pter
1018 1237 1166 1260 nostram
1191 1232 1453 1262 necessitudinem
1480 1232 1538 1272 (sc.
1564 1230 1654 1261 inter

921 1274 1115 1304 Ciceronem
1132 1279 1165 1303 et
1183 1275 1381 1312 Lentulum,
1394 1275 1450 1313 qui
1466 1283 1542 1303 eum
1559 1273 1656 1303 resti-

919 1322 1033 1347 tuerat
1056 1318 1090 1347 in
1107 1318 1264 1357 patriam)
1285 1318 1500 1348 vehementer
1515 1317 1657 1347 confidit.

920 1360 970 1390 his
988 1360 1092 1390 literis
1110 1362 1168 1390 διο.
1192 1362 1236 1392 ib.
1253 1363 1296 1392 ix.
1318 1365 1365 1392 13.
1391 1361 1575 1400 municipio
1593 1360 1656 1390 Ca-

920 1403 1009 1441 leno,
1034 1414 1178 1443 quocum
1202 1405 1285 1435 mihi
1310 1415 1434 1444 magna
1458 1403 1656 1434 necessitudo

920 1453 990 1478 est:
1010 1448 1087 1486 quia
1103 1449 1174 1486 ejus
1192 1453 1264 1478 erat
1281 1454 1453 1490 patronus.
1475 1447 1516 1479 ad
1532 1447 1608 1478 Div.
1624 1456 1655 1478 v.

921 1493 952 1521 2.
976 1492 1168 1521 necessitudo
1191 1492 1355 1531 Pompeii,
1373 1501 1431 1531 pro
1455 1501 1531 1521 eum
1557 1491 1655 1520 Pom-

920 1534 1009 1573 peio.
1032 1534 1051 1552 ²*
1066 1544 1166 1564 causa
1188 1535 1448 1573 conjunctionis,
1465 1535 1598 1566 amoris.
1616 1533 1658 1563 ad

920 1577 1050 1608 Divers.
1065 1578 1134 1608 xiii.
1153 1581 1203 1609 1⁶2.
1228 1588 1305 1608 cum
1322 1588 1361 1609 eo
1377 1577 1459 1608 mihi
1472 1587 1586 1608 omnes
1598 1586 1656 1609 ne-

920 1622 1124 1651 cessitudines
1138 1626 1229 1652 sunt.

965 1665 1114 1694 Nectere.
1150 1665 1220 1695 Fin.
1248 1665 1293 1694 iii.
1322 1666 1375 1696 22.
1411 1663 1490 1703 quid
1517 1672 1585 1694 non
1610 1663 1658 1693 sic

922 1707 1011 1737 aliud
1035 1718 1074 1737 ex
1100 1708 1165 1738 alio
1188 1712 1341 1744 nec-ntur,
1357 1712 1397 1737 ut
1413 1717 1493 1744 non,
1510 1707 1537 1737 si
1553 1705 1658 1737 ullam

921 1750 1053 1780 literam
1072 1751 1225 1788 moveris,
1242 1752 1355 1781 labent
1371 1751 1512 1781 omnia?
1538 1749 1618 1789 Leg.
1633 1749 1657 1779 i.

922 1796 974 1825 ⁶20.
1000 1794 1177 1830 videtisne,
1194 1799 1321 1833 quanta
1342 1795 1441 1824 series
1466 1803 1577 1824 rerum
1602 1793 1660 1830 sit,

922 1841 1020 1877 atque
1038 1842 1077 1867 ut
1093 1848 1131 1867 ex
1148 1838 1213 1868 alio
1229 1838 1294 1868 alia
1308 1842 1484 1868 nectantur
1499 1838 1514 1867 .?
1543 1836 1660 1876 Topic.

927 1884 974 1911 15.
1009 1891 1048 1911 ex
1081 1881 1142 1912 hoc
1167 1891 1288 1920 genere
1311 1885 1486 1911 causarum
1509 1880 1620 1911 fatum
1642 1888 1664 1910 a

922 1925 1042 1954 Stoicis
1057 1926 1210 1956 nectitur.

967 1969 1104 1999 Nectus.
1128 1967 1209 2007 Leg.
1238 1968 1285 1998 iii.
1315 1971 1366 1998 lo.
1392 1977 1451 2008 per
1475 1966 1528 1997 Ti.
1556 1966 1661 1996 Grac-

924 2011 1023 2041 chum
1043 2021 1109 2041 non
1126 2011 1233 2042 solum
1250 2016 1373 2048 nectus,
1386 2011 1445 2041 sed
1462 2011 1563 2041 etiam
1581 2010 1660 2040 sub-

922 2053 1010 2084 latus
1028 2055 1227 2085 intercessor
1242 2062 1324 2085 erat.
1365 2054 1429 2085 Sed
1449 2054 1483 2084 in
1501 2063 1578 2083 voce
1595 2053 1657 2083 hae

923 2104 1118 2137 corruptum
1137 2108 1206 2128 esse
1225 2098 1434 2136 Ciceronem,
1452 2106 1530 2130 cum
1551 2096 1656 2131 doctis

924 2141 1002 2170 viris
1020 2141 1061 2170 ad
1077 2141 1110 2171 h.
1127 2141 1150 2171 l.
1166 2141 1275 2172 credo.

968 2185 1114 2220 Nedum,
1126 2194 1184 2224 pro
1195 2194 1262 2215 non
1280 2184 1389 2215 modo.
1407 2183 1478 2215 Att.
1495 2184 1538 2213 ix.
1555 2183 1586 2213 6.
1604 2193 1657 2222 ep.

923 2226 1038 2257 Balbi:
1065 2229 1199 2259 Nedum
1216 2228 1391 2258 hominum
1408 2226 1601 2263 humilium,
1618 2229 1659 2256 ut

924 2279 982 2300 nos
1007 2280 1137 2308 sumus,
1161 2271 1219 2300 sed
1243 2272 1345 2302 etiam
1377 2269 1659 2310 amplissimorum

922 2314 1068 2343 virorum
1086 2314 1225 2345 consilia
1240 2324 1279 2344 ex
1296 2319 1431 2350 eventu,
1450 2323 1516 2343 non
1542 2323 1581 2342 ex
1605 2322 1661 2342 vo-

923 2356 1067 2394 luntate,
1084 2367 1103 2387 a
1115 2357 1280 2397 plerisque
1296 2357 1427 2397 probari
1443 2356 1563 2386 solent.
1581 2355 1661 2386 ibid.

923 2411 954 2429 x.
987 2401 1035 2430 16.
1058 2405 1097 2430 tu
1124 2402 1281 2439 quoniam
1308 2407 1473 2439 quartana
1498 2408 1602 2435 cares,
1625 2402 1661 2429 et

922 2444 1043 2473 nedum
1074 2445 1226 2476 morbum
1258 2443 1441 2480 removisti,
1468 2442 1526 2472 sed
1554 2442 1659 2478 etiam

923 2486 1134 2525 gravedinem
1153 2488 1212 2517 &cu
1436 2484 1439 2486 ’

968 2531 1116 2569 Negans.
1148 2530 1232 2570 Top.
1266 2533 1315 2561 11.
1347 2532 1428 2559 sunt
1450 2529 1540 2560 enim
1563 2527 1660 2558 valde

923 2574 1089 2603 contraria
1110 2573 1179 2611 illa,
1203 2583 1276 2612 quae
1300 2571 1514 2612 appellatnur
1537 2580 1662 2609 negan-

923 2618 981 2646 tia.
1040 2617 1090 2646 Ea
1127 2615 1304 2656 ἀποφατικὰ
1340 2614 1461 2651 Graeci,
1494 2614 1662 2644 contraria

923 2660 1103 2696 aientibus,
1120 2661 1167 2689 sic
1182 2671 1197 2689 :·
1214 2660 1240 2689 si
1257 2659 1318 2688 hoe
1333 2663 1397 2695 est,
1414 2656 1497 2688 illud
1513 2666 1580 2687 non
1596 2662 1659 2687 est.

960 2703 1147 2742 Negantia.
1156 2703 1239 2742 Top.
1254 2704 1303 2732 14.
1312 2701 1432 2731 deiude
1442 2700 1571 2731 addunt
1580 2709 1661 2730 con-

916 2745 1137 2783 junctionum
1154 2745 1360 2784 negantium,
1375 2744 1440 2773 sic:
1463 2752 1530 2773 non
1547 2747 1581 2773 et
1596 2742 1659 2780 hoc

921 2792 956 2818 et
971 2789 1055 2820 illud
1067 2793 1137 2819 est:
1151 2789 1214 2819 hoc
1228 2792 1357 2825 autem,
1369 2797 1437 2817 non
1449 2787 1554 2826 igitur
1564 2785 1660 2817 illud.

968 2832 1144 2871 Negitare.
1171 2831 1271 2864 Acad
1287 2831 1330 2866 iv.
1346 2832 1380 2863 2.
1403 2839 1421 2862 e
1437 2829 1540 2862 Codd
1556 2828 1662 2863 edidit

921 2876 1089 2909 Davisius·
