1800 3131
117 140 120 143 -
135 116 219 154 344

140 213 230 242 fiunt
246 210 390 252 privati.)
419 212 513 244 Verr.
532 212 565 243 ii.
591 215 644 244 31.
669 214 778 243 liberet
802 213 865 253 By-

138 256 280 286 zantios.
312 255 330 274 *
345 257 416 286 Att.
439 256 502 286 xvi.
526 256 556 287 6.
578 256 771 287 Buthrotios
788 266 864 286 cum

140 298 252 329 Caesar
283 300 490 337 liberavisset,
519 310 564 331 se.
588 310 630 330 ne
656 301 726 339 agri
750 309 864 330 eorum

140 352 182 372 ex
198 342 272 382 lege
285 344 415 382 agraria
437 343 672 374 dividerentur.
695 344 713 362 ’¹‘
727 343 807 373 Har.
825 343 863 373 R.

142 389 173 417 8.
198 387 334 417 liberare
362 387 517 418 domum:
556 388 617 418 int.
648 398 667 417 a
693 387 863 426 religione.

139 429 241 461 *Offi
271 431 292 460 i.
331 433 379 461 10.
404 430 557 471 pleraque
594 431 755 471 promissa
788 431 865 468 jure

139 474 295 513 praetorio
323 475 517 512 liberantur,
534 475 684 513 quaedam
701 474 802 503 etiam
821 473 866 502 le-

140 517 253 556 gibus:
292 527 338 548 se.
363 528 403 548 ne
429 529 468 548 ea
489 528 618 548 servare
643 526 771 555 cogare.
801 517 866 546 *in

139 561 318 592 libertatem
335 562 512 591 vindicare.
540 560 650 591 Caeeil.
672 564 720 594 17.
751 560 865 589 libera—

136 614 174 634 re
189 614 222 634 se
240 615 259 634 a
280 605 420 635 Venere.
444 615 474 634 v.
493 606 618 634 liberta.
653 604 671 622 *ἓ
683 613 865 633 secernere.

137 647 238 679 Tuse.
255 649 276 679 i.
302 651 353 679 ⁶22.
377 648 506 678 divinus
530 650 660 677 animus
678 648 831 677 liberatus
847 657 867 676 a

140 701 288 732 corpore.
312 692 389 722 Nat.
401 693 444 722 D.
462 692 495 721 ii.
518 694 548 721 3.
571 691 655 729 pulli
673 691 799 720 lfberan'
811 700 865 720 ca-

137 743 209 765 vea.
233 735 252 754 *²
268 735 310 765 ad
324 736 399 765 Div.
417 735 464 764 iii.
476 738 507 768 7.
525 734 565 764 ad
577 733 775 775 facultatem
787 734 865 763 aedi-

139 778 261 808 ficandi
278 780 415 808 liberare
429 777 572 816 aliquem
589 789 594 805 :
622 778 683 807 int.
700 778 740 807 ab
761 777 865 807 inter-

138 822 240 852 dicto.
264 821 282 840 ²*
298 821 432 852 absolvi.
455 821 528 850 Mil.
549 824 596 851 18.
622 822 780 851 liberatur
796 830 864 851 non

136 866 306 907 profectus
335 875 429 895 esse:
469 865 628 894 innocens
659 870 709 894 est
738 866 773 894 in
812 874 863 901 eo,

138 909 228 948 quod
257 909 381 938 dieitur
411 909 579 947 profectus
604 918 686 938 esse.
709 908 773 937 Sed
799 908 864 937 vid.

140 955 211 982 not.
235 952 254 970 ²*
271 952 311 982 de
330 952 509 991 praedibus,
526 953 706 991 opponitur
727 953 768 990 τῷ
782 951 864 981 obli-

137 1005 226 1034 gare.
249 995 293 1025 ad
318 996 394 1026 Div.
418 1006 448 1024 v.
476 998 527 1026 ⁶20.
554 995 679 1025 Volusii
706 996 864 1025 liberandi

137 1049 251 1069 meum
267 1039 332 1069 suit
347 1039 535 1069 consilium.
548 1038 566 1056 ’κ
578 1039 612 1068 in
629 1039 784 1078 auspiciis
799 1043 863 1076 est,

135 1081 217 1122 Leg.
234 1083 267 1113 ii.
285 1086 315 1113 8.
338 1082 466 1122 templa
480 1083 617 1113 liberata
643 1089 677 1112 et
692 1083 791 1112 effata
806 1082 864 1112 ha—

135 1125 248 1156 bento.
304 1126 607 1165 Liberatoetempla
628 1131 720 1163 sunt,
736 1136 809 1164 quae
826 1125 864 1155 li-

136 1169 255 1203 berum
273 1170 313 1199 ab
337 1171 429 1200 omni
451 1176 546 1210 parte
569 1175 781 1210 prospectum
807 1169 865 1199 ha-

137 1212 231 1243 bent.
249 1214 337 1244 Nam
351 1223 492 1253 augures
505 1223 581 1246 eum
596 1212 706 1243 locum
718 1213 862 1252 aliquem

136 1258 292 1297 auspiciis
306 1261 514 1294 consecrant,
528 1257 615 1296 quod
630 1262 680 1286 est
691 1257 797 1294 effari,
808 1257 863 1296 jus

133 1299 261 1331 habent
283 1301 458 1330 amovendi
473 1311 525 1338 ea,
542 1310 614 1338 quae
635 1302 771 1330 liberum
792 1310 865 1339 pro-

134 1349 287 1384 spectum
305 1345 505 1384 impediunt.
522 1355 550 1374 v.
568 1345 661 1374 offic.
678 1344 725 1374 iii.
748 1346 796 1374 16.

177 1388 354 1424 Libet-atio,
368 1389 550 1428 opponitur
565 1388 783 1417 damnationi.
797 1387 816 1405 ²*
827 1387 867 1417 li-

128 1430 383 1462 bidinosissimae
400 1433 610 1462 liberationes.
634 1431 698 1461 Pis.
716 1432 769 1462 36.

177 1474 313 1505 Liberla
335 1476 484 1505 Veneris.
518 1474 629 1505 Caeeil.
658 1478 705 1509 17.
731 1484 804 1513 quae
828 1484 861 1504 se

130 1527 153 1548 a
173 1518 303 1548 Venere
325 1519 496 1549 liberavit:
522 1518 554 1547 h.
572 1528 601 1549 e.
625 1528 698 1557 quae
722 1518 866 1557 pecunia

130 1561 277 1592 redemit
310 1572 394 1592 onus
417 1572 436 1591 a
469 1562 648 1598 majoribus
672 1567 862 1601 acceptum,

133 1611 265 1637 sumtus
290 1606 392 1636 certis
422 1605 559 1638 Veneris
583 1604 684 1634 saeris
708 1605 863 1644 suppedi-

131 1649 238 1687 tandi,
263 1649 351 1689 quod
374 1649 428 1688 qui
453 1648 676 1685 sustinebant,
701 1648 784 1683 servi
800 1648 864 1678 Ve-

132 1693 235 1731 neris,
260 1693 408 1731 Venerii,
433 1691 642 1722 dicebantur.
666 1691 731 1722 vid.
754 1691 861 1722 Graev.

130 1736 174 1766 ad
187 1736 220 1766 h.
237 1735 259 1765 l.

179 1779 342 1817 Libertas,
364 1779 527 1810 fortitudo
553 1780 588 1810 in
612 1780 791 1810 sententiis
815 1779 863 1810 di-

133 1823 261 1860 cendis,
277 1824 312 1853 in
330 1824 466 1862 agendis
483 1824 593 1861 rebus,
610 1833 683 1862 quae
700 1823 773 1853 aliis
798 1823 863 1853 dis-

130 1866 270 1906 plicent.
295 1866 408 1897 Plane.
435 1870 486 1897 538.
519 1872 680 1897 tamenne
704 1871 743 1897 tu
767 1868 860 1897 liber-

132 1914 234 1940 tatem
250 1911 396 1949 requires
422 1911 557 1940 meam?
595 1910 672 1941 ibid.
690 1914 741 1944 39.
766 1911 861 1941 liber-

132 1957 235 1983 tatem
260 1953 441 1983 dimittere.
472 1954 536 1985 vid.
564 1954 657 1984 liber.
680 1954 699 1972 ’Ψ
714 1958 861 1993 potestas

132 1996 237 2027 libera
251 1996 407 2034 faciendi,
424 1997 513 2036 quod
527 1997 621 2035 velis,
636 1998 724 2037 quod
740 1997 859 2037 placet.

134 2040 177 2070 ad
188 2041 264 2071 Div.
278 2042 299 2071 i.
315 2044 344 2071 8.
369 2041 499 2071 libertas
515 2041 549 2070 in
562 2051 630 2080 rep.
647 2041 860 2081 capessenda.

130 2083 151 2103 2⁵
165 2084 289 2114 Caeein.
316 2086 365 2115 12.
389 2085 570 2114 imminuta
588 2085 730 2122 libertas,
746 2088 798 2115 est
812 2085 862 2114 in-

125 2126 229 2166 juria.
261 2127 434 2158 *Tirones
467 2131 600 2165 notent,
627 2138 704 2158 eum
731 2129 862 2161 libertas

132 2170 362 2201 conditionem
386 2176 420 2201 et
442 2175 568 2201 statum
595 2171 778 2210 signifieat,
802 2172 862 2202 du-

130 2214 254 2255 plicem
271 2215 342 2254 ejus
357 2215 424 2244 vim
450 2224 533 2245 esse.
579 2214 667 2246 Nam
692 2216 813 2255 prim0‚
831 2216 864 2246 id

134 2258 223 2297 quod
240 2259 453 2288 notissimum
479 2261 541 2295 est,
557 2259 739 2298 opponitur
763 2260 863 2289 servi-

133 2302 214 2338 tuti,
229 2305 263 2331 et
282 2306 333 2332 est
355 2303 578 2332 libertinorum
597 2307 698 2341 atque
721 2303 863 2341 ingenu-

134 2355 254 2374 orum:
282 2345 414 2382 deinde,
438 2345 570 2383 quando
594 2345 633 2375 de
661 2346 739 2379 eivis
764 2346 861 2376 Rom.

134 2389 283 2418 libertale
298 2399 407 2418 sermo
433 2393 496 2425 est,
521 2399 560 2418 eo
587 2398 655 2418 uno
670 2389 769 2419 verbo
785 2399 863 2419 eon-

134 2432 291 2461 tinentur
306 2433 517 2471 omniajura,
528 2441 602 2471 quae
618 2433 702 2462 cives
719 2432 863 2469 Romani

133 2473 272 2512 habent,
297 2476 529 2514 suffragiorum
552 2475 779 2513 serendorum,
807 2476 865 2506 ho-

133 2527 255 2548 norum
272 2519 423 2548 omnium
437 2519 670 2558 petendorum,
685 2529 865 2558 provocan-

133 2561 167 2590 di
183 2565 218 2590 et
233 2562 389 2600 qiuequid
406 2562 462 2600 jus
488 2562 582 2592 civile
612 2563 802 2594 universum
829 2569 864 2596 et

133 2604 224 2644 leges
246 2605 431 2635 tribunitiae
458 2611 493 2635 et
520 2606 718 2636 Consulares
745 2616 863 2636 sanxe-

133 2652 228 2685 runt,
251 2658 310 2687 pro
341 2648 454 2688 populi
478 2650 862 2689 connnodis‚ta1nquam

131 2691 286 2728 Valeriae,
306 2692 432 2728 Porcia,
457 2692 611 2729 Publilia,
636 2693 787 2730 Horatia,
811 2698 862 2731 ta-

130 2734 279 2765 bellariae
308 2735 366 2765 ἃς.
391 2736 442 2764 Sic
466 2745 524 2775 pro
553 2736 676 2767 Caeein.
702 2740 754 2767 33.
784 2746 860 2767 cum

129 2778 296 2808 Arretinae
325 2778 470 2809 mulieris
497 2779 678 2810 libertatem
704 2780 861 2810 defende-

129 2831 201 2851 rem
220 2822 280 2851 &e.
315 2821 503 2851 Decemviri
521 2828 771 2853 sacramentum
800 2833 859 2853 no-

127 2868 235 2895 struin
257 2865 387 2902 justum
406 2865 653 2904 judicaverunt.
699 2867 771 2897 Hoc
790 2871 858 2897 sta-

126 2906 190 2941 'fim
201 2909 248 2940 sic
266 2909 526 2950 iuterpretatur:
551 2913 589 2940 ut
604 2920 733 2950 omnes,
747 2911 804 2951 qui
821 2911 856 2950 in

640 124 789 155 INDEX
817 125 1112 154 LATINITATIS.

905 213 1021 243 eadem
1039 223 1139 243 eausa
1160 215 1252 249 sunt,
1272 212 1352 251 (qua
1367 210 1438 241 scil.
1452 210 1508 241 illa
1531 208 1635 241 muli«

909 256 970 293 er,)
991 262 1024 287 et
1048 257 1120 296 lege
1141 265 1256 296 agani,
1271 262 1307 285 et
1325 264 1422 284 suum
1440 255 1496 294 jus
1520 263 1628 294 perse-

910 306 1067 338 quantur,
1085 306 1120 330 et
1144 309 1258 330 omnes
1277 300 1352 338 jure
1380 297 1466 327 civili
1490 303 1630 328 utantur

909 344 968 373 &e-
1015 344 1062 374 Ex
1087 354 1152 383 quo
1175 342 1388 382 intelligitur,
1414 341 1447 371 in
1474 340 1536 371 hoc
1558 341 1630 372 loco
1653 346 1658 352 '

910 387 1089 417 libertatem
1119 388 1197 427 poni
1235 397 1294 426 pro
1328 386 1405 423 jure
1435 385 1630 424 Quiritium.

908 429 1005 469 Apud
1020 430 1151 460 Livium
1168 431 1201 460 in
1218 430 1281 460 illis
1297 428 1574 468 «lisputationibus
1590 426 1630 456 de

911 473 1188 504 communicando
1202 484 1277 503 euni
1296 472 1390 513 plebe
1407 470 1581 502 consulatu
1595 474 1631 500 et

908 516 1085 554 similibus,
1108 517 1234 547 tribuni
1262 526 1393 556 semper
1417 526 1452 546 se
1482 523 1632 555 pugnare

908 559 1025 589 dicunt
1040 570 1099 600 pro
1124 569 1220 599 aequa
1244 562 1410 590 libertale:
1443 558 1530 598 quod
1557 567 1633 598 pro-

907 602 997 632 fecto
1028 603 1155 633 nullam
1192 604 1290 633 aliani
1323 605 1387 633 vim
1418 603 1529 640 babet,
1569 601 1632 632 nisi

908 645 1007 683 hane,
1023 651 1062 676 ut
1076 656 1192 676 omnes
1205 647 1337 677 ordines
1352 646 1469 676 iisdem
1485 655 1633 676 commo-

909 689 959 719 ‹lis
976 690 1056 729 reip.
1074 690 1190 719 eodem
1208 689 1284 727 jure
1308 696 1458 720 utantur.
1503 690 1547 720 Et
1566 689 1632 719 xIV.

912 736 959 764 15.
986 733 1100 763 civitas
1115 737 1150 762 et
1174 735 1303 763 libertas
1328 734 1410 773 eripi
1433 733 1555 763 dieitur
1578 742 1634 762 eo-

909 777 985 806 dem
1003 786 1112 806 sensu.
1158 777 1244 807 Nam
1267 777 1323 816 qui
1348 777 1516 806 civitatem
1533 777 1633 807 amit-

908 821 964 858 tit,
989 830 1057 850 non
1078 821 1198 850 desinit
1224 820 1306 850 liber
1328 830 1410 856 esse,
1427 820 1484 850 sed
1507 820 1635 851 amittit

901 864 958 902 jus
984 864 1178 903 Quiritium.
1204 864 1290 894 conf.
1314 863 1426 893 Noodt
1449 863 1584 894 Observ.
1600 863 1634 894 ii.

908 909 960 939 21.
985 914 1019 936 et
1034 908 1235 947 Sigon.Ant.
1248 907 1279 938 J.
1299 907 1335 937 C.
1352 907 1392 938 R.
1411 907 1431 937 i.
1448 908 1479 937 6.

954 951 1122 981 Libertini.
1156 952 1248 981 Orat.
1280 952 1302 981 i.
1333 955 1363 985 9.
1399 950 1496 981 Rose.
1527 949 1566 981 A.
1599 954 1631 985 7.

906 995 997 1027 Sext.
1014 997 1066 1025 45.
1084 995 1143 1025 &eu
1166 1003 1247 1025 sunt
1260 995 1411 1025 homines
1437 1005 1453 1024 e
1473 994 1572 1024 servis
1597 996 1636 1026 li-

910 1039 976 1069 beri
989 1038 1082 1075 faeti,
1098 1045 1134 1068 et
1148 1044 1363 1078 opponuntur
1379 1039 1544 1078 ingenuis.

952 1082 1088 1119 Liberti,
1105 1082 1206 1112 iidem
1225 1088 1305 1112 sunt
1329 1082 1384 1121 qui
1407 1083 1559 1119 libertini,
1575 1081 1634 1115 sed

907 1126 955 1155 ita
971 1126 1130 1155 dicuntur
1151 1126 1185 1155 in
1201 1125 1362 1156 relatione
1384 1126 1426 1156 ad
1441 1131 1633 1166 patronum.

907 1169 1015 1199 Locus
1030 1170 1064 1198 in
1076 1169 1211 1198 Sueton.
1226 1169 1344 1199 Claud.
1362 1171 1414 1201 24.
1425 1169 1558 1200 induxit
1572 1170 1636 1200 im-

907 1214 1045 1253 peritos,
1071 1220 1110 1242 ut
1134 1213 1376 1250 existimarent,
1400 1214 1559 1243 libertinos
1585 1213 1636 1243 di-

909 1260 978 1286 ctos
995 1266 1064 1286 esse
1083 1257 1268 1288 libertorum
1284 1255 1388 1295 filios;
1414 1257 1501 1296 quod
1511 1261 1563 1287 est
1574 1256 1636 1287 fal-

907 1300 1088 1331 sissimum.
1111 1301 1290 1330 Suetonius
1306 1310 1373 1330 non
1389 1300 1451 1330 hoe
1468 1301 1560 1338 dicit,
1577 1300 1636 1334 sed

908 1344 1007 1383 Appii
1032 1344 1118 1374 Caeci
1140 1344 1345 1384 temporibus
1367 1353 1488 1374 nomen
1515 1345 1636 1375 liberti-

907 1397 1022 1417 norum
1042 1387 1200 1418 mansisse
1215 1388 1316 1417 etiam
1333 1388 1366 1417 in
1383 1389 1520 1428 posteris
1541 1389 1637 1418 libel-2

907 1433 1064 1467 tinorum,
1092 1432 1242 1470 quamvis
1261 1432 1335 1471 jam
1359 1432 1523 1471 ingenuis.
1568 1431 1636 1462 Ita-

906 1485 970 1514 que
986 1475 1110 1504 tirones
1125 1475 1166 1505 ab
1188 1475 1251 1505 hoc
1279 1484 1389 1505 errore
1407 1476 1468 1505 sibi
1485 1478 1636 1514 caveant,

907 1519 964 1557 qui
980 1519 1082 1548 etiam
1108 1528 1198 1548 nune
1224 1519 1432 1557 quorundam
1459 1519 1634 1549 doctorum

907 1562 1052 1592 virorum
1080 1562 1178 1592 libros
1204 1561 1343 1600 obsidet,
1360 1573 1440 1601 quos
1461 1563 1634 1594 nominare

908 1615 975 1635 non
991 1610 1042 1635 est
1059 1615 1202 1635 neeesse.

951 1649 1076 1686 Libido,
1108 1650 1252 1689 partium
1289 1649 1440 1679 studium
1471 1653 1505 1679 et
1534 1660 1637 1690 prava

908 1693 1072 1732 cupiditas
1085 1693 1226 1722 nocendi
1238 1697 1272 1722 et
1282 1697 1398 1723 contra
1405 1693 1462 1731 jus
1478 1693 1634 1725 faciendi.

907 1736 1018 1766 Rabir.
1043 1736 1137 1766 Perd.
1161 1740 1192 1766 5.
1213 1736 1338 1766 tabella
1357 1736 1503 1766 occultat
1533 1737 1636 1768 libidi-

907 1790 981 1810 nem
1000 1780 1168 1819 judicum.
1193 1779 1325 1810 Cluent.
1353 1781 1405 1810 22.
1429 1780 1521 1810 libido
1543 1780 1636 1820 judi-

909 1834 998 1853 cum.
1021 1824 1115 1854 Verr.
1139 1825 1160 1853 i.
1183 1824 1237 1854 46.
1260 1823 1353 1853 libido
1367 1823 1401 1853 in
1420 1824 1497 1863 jure
1519 1824 1636 1856 dicum.-

908 1867 961 1897 do.
994 1867 1210 1907 *opponitur
1243 1867 1378 1905 rationi,
1402 1871 1437 1897 et
1465 1867 1634 1907 signifieat

907 1911 1139 1950 cupiditatem.
1187 1911 1306 1950 Quint.
1323 1913 1355 1941 4.
1383 1910 1491 1941 multa
1507 1911 1637 1943 libidine

907 1963 974 1984 non
998 1955 1126 1984 ratione
1149 1954 1314 1993 gessisset.
1337 1953 1407 1985 Fin.
1435 1954 1456 1984 i.
1482 1954 1513 1985 6.
1536 1954 1638 1985 deeli-

907 1998 1000 2028 natio
1024 1998 1064 2028 ad
1087 1999 1251 2028 libidinem
1274 1999 1438 2037 fingitur:
1467 1998 1489 2029 i.
1514 2008 1542 2029 e.
1564 1999 1635 2029 sine

909 2041 1029 2071 idonea
1059 2043 1198 2071 ratione.
1231 2042 1344 2071 *eum
1374 2042 1478 2081 genit.
1509 2042 1555 2072 rei
1583 2047 1635 2074 est

908 2085 1084 2124 cupiditas.
1109 2084 1234 2119 Heren.
1259 2086 1306 2115 iii.
1328 2088 1358 2116 3.
1382 2086 1503 2116 nimias
1530 2086 1635 2117 libidi-

905 2138 961 2160 nes
975 2129 1122 2166 honoris,
1137 2129 1289 2170 peeuniae
1306 2129 1364 2159 &e.

952 2172 1141 2204 Libidinose.
1164 2172 1258 2203 Verr.
1275 2172 1321 2203 iii.
1333 2172 1385 2207 69.
1408 2181 1468 2212 pro
1482 2171 1634 2212 libidine,

906 2220 947 2245 ut
962 2215 1095 2246 libitum
1111 2219 1172 2246 est.

953 2259 1216 2296 Libramentum‚
1241 2261 1292 2288 est
1312 2259 1501 2299 superficies
1527 2269 1635 2299 aquae,

908 2304 1121 2333 continenter
1136 2302 1319 2339 declinam,
1329 2308 1367 2332 ut
1382 2302 1447 2332 labi
1463 2313 1550 2342 aqua
1562 2313 1639 2343 pos-

908 2347 975 2385 sit3
999 2348 1066 2378 sive
1090 2347 1333 2389 diversa„aquae
1356 2345 1514 2384 altitudo,
1540 2347 1636 2385 cujus

909 2391 1103 2420 extremitas
1137 2393 1263 2430 puncto
1296 2389 1433 2427 finitur;
1472 2389 1560 2428 quod
1582 2394 1635 2420 ta-

909 2443 988 2467 men
1004 2433 1206 2472 intelligitur
1225 2432 1336 2470 modo,
1352 2437 1391 2463 ut
1410 2437 1540 2472 puncta
1565 2443 1638 2464 ma-

907 2477 1184 2516 thematicorum,
1210 2481 1250 2508 ut
1275 2480 1439 2516 punctum
1463 2477 1498 2507 in
1525 2477 1636 2507 medio

907 2521 989 2560 jugo
1006 2521 1110 2557 librae,
1129 2519 1216 2559 quod
1231 2523 1265 2549 et
1280 2519 1386 2558 ipsum
1405 2520 1636 2552 libramentum

910 2566 1058 2594 v'oeatnr.
1080 2564 1181 2594 Acad.
1198 2565 1239 2593 iv.
1255 2563 1308 2593 36.
1332 2568 1494 2602 punctum
1511 2569 1562 2595 est
1577 2574 1637 2594 ex·

909 2608 1075 2644 tremitas,
1103 2612 1138 2637 et
1167 2606 1259 2645 quasi
1288 2607 1528 2638 libramentum.
1557 2607 1635 2638 add.

910 2651 1074 2681 Harduin.
1123 2651 1164 2681 ad
1206 2649 1290 2693 Plin.
1327 2651 1414 2681 xxxi.
1451 2653 1531 2681 sect.
1579 2654 1634 2682 31.

909 2695 1031 2724 xxxvii.
1049 2704 1075 2725 s.
1089 2699 1120 2728 9.
1138 2697 1191 2725 43.
1212 2691 1216 2694 ⁴
1235 2691 1237 2693 ¹

953 2738 1158 2774 Librarium,
1182 2746 1280 2779 capsa
1305 2735 1478 2773 librorum,
1503 2736 1635 2770 charta-

908 2791 994 2812 rum.
1013 2781 1084 2812 Mil.
1105 2776 1156 2813 12.¹
1177 2781 1349 2810 librarium
1370 2780 1484 2820 legum
1507 2784 1632 2817 vestra-

906 2834 994 2855 rum.
1395 2862 1398 2865 Α

948 2868 1133 2907 Librarius,
1156 2877 1269 2911 servus
1292 2867 1411 2900 scriba.
1433 2865 1512 2907 Agr.
1536 2866 1571 2908 ii.v
1596 2868 1629 2909 5⁴!

901 2911 958 2948 Or.
974 2912 1022 2943 iii.
1036 2914 1091 2948 44,
