1800 3131
181 89 237 130 92

177 193 326 221 mentum
340 191 501 223 orationib.
518 190 603 223 Phil.
620 192 664 224 xi.
684 195 735 225 12.
760 197 809 226 13.
842 193 914 225 lau-

180 233 293 265 datur.
316 234 388 267 Att.
404 245 435 267 v,
455 239 503 271 17.
534 246 590 267 rex
611 247 632 267 a
653 238 778 268 Senatu
800 238 913 278 appel-

179 276 269 308 latus
300 283 362 310 est.
395 279 477 310 Har.
502 290 588 320 resp.
620 283 667 312 13.
699 281 912 312 fidelissimus

176 321 314 363 imperii
330 323 428 354 Rom.
445 333 513 354 rex.
529 333 550 354 a
563 330 684 355 senatu
701 326 786 365 regis
805 326 912 356 nomi-

179 374 223 396 ne
247 365 369 406 dignus
385 367 573 407 judicatur,
591 368 663 408 lege
688 368 808 407 Clodii,
825 370 911 408 regis

178 418 305 441 nomen
335 411 469 451 accipit.
507 412 583 442 Div.
615 412 650 443 ii.
681 415 734 447 37.
772 412 862 452 fugit
893 423 910 442 e

177 453 295 493 proelio
318 464 396 485 cum
425 455 592 495 Pompeio.
625 455 721 486 Brut.
751 458 780 487 5.
815 466 835 486 a
861 456 908 486 M.

177 496 286 528 Bruto
306 498 498 529 defenditur
520 498 609 539 apud
625 499 804 537 Caesarem,
821 499 910 538 quod

177 550 199 570 a
212 541 422 582 Pompeianis
444 543 595 583 partibus
617 547 768 573 steterat.
791 543 868 574 Div.
885 543 908 574 i.

181 587 232 615 15.
263 595 283 615 a
306 586 436 617 Caesare
457 586 648 617 tetrarchiae
665 596 768 626 regno
785 585 908 616 multa-

175 632 245 659 tus.
269 629 347 660 ibid.
364 630 398 660 ii.
414 631 466 661 36.
490 634 525 659 et
543 633 595 663 37.
626 629 774 660 multum
797 630 907 671 auspi·

174 672 235 703 ciis
250 673 380 704 tribuit.
404 684 443 703 ex
461 673 620 703 Cicerone
637 674 769 713 augurii
786 673 908 704 Roma-

175 717 212 747 ni
236 716 447 756 disciplinam
474 721 727 756 percunctatur.
754 718 825 758 ejus
849 728 908 748 au-

174 760 263 799 gurii
279 760 456 801 disciplina
470 760 581 791 differt
596 770 617 792 a
637 761 791 793 Romana
809 761 907 792 vehe-

174 808 317 834 menter.

218 847 394 879 Deiotarus
410 846 521 887 filius‚
552 847 667 879 Deiot.
707 851 734 880 1.
774 852 905 889 patrem

171 895 309 922 accusat
323 890 414 931 apud
430 891 608 922 Caesarem.

217 935 393 973 Deianira,
408 935 510 965 Tusc.
525 936 559 966 ii.
578 939 608 966 8.
633 934 733 965 OEnei
750 934 830 966 filia.

217 978 358 1016 Dellius,
375 978 445 1009 Att.
463 979 531 1009 viii.
555 981 605 1010 12.
637 979 786 1018 Pompeii
807 979 905 1010 fami-

172 1021 282 1061 liaris3
306 1023 368 1053 nisi
377 1021 483 1063 forte,
499 1027 537 1053 ut
551 1023 691 1062 ‘addetur-3
708 1032 783 1053 cum
813 1024 904 1054 Groe-

170 1067 220 1096 vio
250 1067 434 1106 legendum,
459 1067 502 1098 D.
530 1066 665 1097 Laelius.
705 1067 800 1098 Nam
823 1067 905 1098 Del-

171 1109 236 1140 lius
247 1109 325 1150 fuz‘t
352 1110 565 1148 Coesariamus,
582 1115 654 1151 post
677 1111 901 1144 Antonianas,-

170 1154 215 1186 D.
242 1153 366 1185 Laelius
394 1155 620 1196 Pompeianus.
645 1155 684 1186 de
707 1154 905 1196 Pompeiam

168 1202 280 1229 autem
294 1208 397 1229 sermo
411 1203 467 1229 est.

171 1259 174 1265 ⁷
214 1242 392 1280 Demades,
421 1243 518 1273 Brut.
548 1247 579 1278 9.
614 1243 671 1273 Or.
702 1242 756 1274 ⁶26.
792 1246 905 1274 orator

168 1285 397 1324 Atheniensis,
422 1286 661 1317 Demosthenis
681 1286 904 1326 temporibus,

167 1334 293 1370 praeter
308 1335 436 1361 ceteros
452 1330 581 1361 Atticos
592 1335 739 1361 oratores
754 1330 901 1361 facetus:

169 1373 265 1405 nulla
280 1375 405 1414 scripta
419 1374 567 1413 reliquit.

212 1417 429 1455 Demaratus,
445 1418 546 1449 Tusa
567 1428 596 1448 v.
619 1420 671 1452 37.
702 1421 801 1458 pater
820 1417 903 1449 Tar-

167 1462 275 1502 quinii
288 1462 402 1499 Prisci,
414 1461 577 1492 Corintho
589 1462 678 1501 fugit
689 1461 901 1501 Tarquinios.

210 1506 350 1543 Demea,
367 1507 437 1536 Att.
454 1506 523 1536 xiii.
540 1509 592 1537 30.
617 1515 742 1536 servuS.

210 1549 410 1587 Demetrius,
425 1549 494 1580 Att.
507 1550 549 1580 iv.
568 1553 616 1581 11.
639 1549 750 1580 liberti
763 1559 898 1580 nomen.

165 1593 225 1624 sed
241 1593 283 1624 ad
303 1594 379 1625 Div.
403 1594 466 1624 xvi.
496 1597 545 1628 17.
576 1598 611 1624 et
631 1596 684 1625 22.
713 1593 815 1623 homo
838 1594 902 1624 im-

165 1638 300 1678 probus.
323 1647 436 1668 servus
462 1637 643 1668 Ciceronis.
673 1637 716 1667 ad
738 1637 815 1668 Div.
832 1638 899 1668 viii.

168 1684 219 1715 15.
237 1682 298 1712 &m

210 1725 412 1764 Demetrius,
430 1725 632 1763 Poliorcetes,
645 1725 709 1756 Off.
726 1725 760 1755 ii.
772 1728 803 1760 7.
821 1735 897 1755 eum

164 1766 368 1801 Macedones
393 1769 602 1809 reliquerunt
624 1773 660 1799 et
674 1779 709 1799 se
725 1779 842 1799 omnes
858 1769 900 1800 ad

164 1812 331 1854 Pyrrhum
349 1813 578 1843 contulerunt.

209 1857 398 1890 Demetrius
419 1856 569 1896 Magnes.
592 1856 664 1887 Att.
688 1857 731 1888 iv.
759 1860 808 1888 11.
831 1856 899 1888 viii.

167 1902 219 1932 11.
261 1901 345 1932 liber
375 1902 446 1941 ejus
480 1900 553 1944 vae)
590 1898 728 1940 ὅμουοίας.
761 1901 899 1940 aequalis

165 1944 335 1976 Ciceronis
358 1950 394 1976 et
416 1945 546 1975 amicus
570 1944 685 1975 Attici.
732 1945 835 1976 Hunc
860 1946 898 1976 li·

163 1990 260 2020 brum
275 1999 352 2020 cave
370 1988 549 2030 confundas
562 1999 637 2019 cum
653 1990 755 2020 altero
776 1988 898 2021 Deme-

163 2035 220 2064 trii
241 2033 409 2072 Magnetis
430 2032 502 2076 σιρὶ
523 2030 686 2074 ὅμωνύμωο,
702 2030 797 2074 eujus
818 2043 899 2073 soepe

161 2079 280 2108 mentio
309 2087 362 2118 ap.
396 2078 570 2109 Lau-tium
597 2087 628 2108 υ.
657 2087 685 2108 c.
713 2077 735 2109 i.
763 2080 816 2109 33.
843 2078 898 2108 ubi

159 2122 227 2153 vid.
243 2119 379 2161 Menag.

206 2165 395 2198 Demetrius
417 2165 546 2204 Megas,
564 2163 617 2195 ad.
640 2163 719 2195 Div.
744 2165 814 2195 xiii.
841 2165 895 2196 36.

161 2209 306 2241 Siculus.
322 2209 388 2240 vid.
405 2207 450 2240 P.
472 2209 644 2240 Cornelius.

206 2253 395 2286 Demetrius
408 2252 602 2290 Phalereus,
614 2252 824 2283 Atheniensis.
839 2251 896 2283 ΒΓ.

158 2299 192 2332 9.
219 2297 291 2328 Fin.
313 2307 344 2328 v.
372 2301 422 2332 19.
452 2296 678 2337 Theophrasti
701 2295 895 2336 discipulus.

159 2341 219 2372 Or.
236 2341 269 2372 ii.
289 2343 341 2372 23.
369 2341 521 2371 omnium
544 2345 716 2371 oratorum
738 2339 897 2380 politissi-

159 2393 247 2416 mus.
277 2385 336 2416 Or.
352 2387 405 2418 27.
435 2384 471 2414 in
487 2383 648 2415 mediocri
666 2393 787 2424 genere
802 2385 895 2423 prin-

161 2438 239 2469 ceps
255 2428 405 2459 Graeciae.
428 2429 493 2459 Off.
510 2429 531 2458 i.
551 2431 579 2459 1.
613 2428 801 2468 disputator
816 2428 893 2458 sub-

157 2471 242 2511 tilis,
259 2477 372 2503 orator
391 2482 511 2513 parum
532 2472 727 2510 vehemens,
743 2471 802 2502 sed
821 2471 894 2502 dul-

159 2516 219 2547 cis.
236 2516 317 2555 Leg.
335 2517 382 2546 iii.
398 2517 429 2547 6.
461 2515 501 2546 de
525 2526 595 2556 rep.
617 2521 652 2546 et
667 2515 796 2555 legibus
812 2516 893 2546 scri-

157 2560 238 2600 psit.
255 2560 327 2590 Fin.
342 2570 373 2590 v.
390 2563 440 2594 19.
462 2560 572 2600 patria
592 2559 708 2600 pulsus
724 2559 767 2590 ad
781 2559 894 2589 Ptolo-

159 2613 285 2634 maeum
297 2613 331 2634 se
343 2603 487 2641 confert,
500 2603 609 2633 multa
619 2605 655 2633 in
667 2605 737 2634 otio
749 2603 893 2644 scripsit.

159 2647 201 2679 R.
214 2647 363 2678 Postum.
377 2652 408 2682 9.
423 2648 459 2677 in
472 2647 752 2689 AEgypto,aspide
764 2647 806 2678 ad
819 2656 893 2678 cor-

159 2701 222 2734 pus
240 2692 388 2729 admota,
405 2695 544 2721 necatus
563 2695 625 2722 est.

204 2735 404 2771 Demetrius,
422 2733 540 2774 Syrus,
556 2734 652 2766 Brut.
675 2738 730 2770 91.
751 2744 819 2765 non
844 2734 893 2774 ig-

157 2778 443 2821 nobilis-dicendi
473 2779 646 2818 magister,
677 2789 743 2818 quo
774 2779 893 2809 Cicero

157 2823 300 2857 Athenis
315 2833 396 2853 usus
410 2827 472 2853 est.

203 2868 433 2904 Demochares,
449 2866 508 2898 Or.
524 2865 557 2897 ii.
574 2868 627 2898 23.
651 2867 774 2898 Orator
789 2865 894 2897 Athe·

156 2910 297 2951 niensis,
313 2911 403 2943 filius
425 2909 547 2942 sororis
568 2909 819 2944 Demosthenis.
835 2919 893 2951 ge-

702 100 851 132 mmsx
880 103 1163 134 HlsromctJS.

957 204 1036 226 nere
1062 194 1195 226 dicendi
1221 194 1315 225 molli
1342 199 1377 226 et
1399 195 1585 227 remissiore
1611 205 1688 227 usuc

957 244 1018 269 est.
1036 238 1131 269 Brut.
1150 242 1201 271 83.
1230 240 1365 279 scripsit
1379 239 1547 270 orationes
1563 240 1691 279 aliquot

956 289 992 313 et
1020 293 1135 313 earum
1164 293 1275 313 rerum
1304 283 1491 320 historiam,
1517 292 1591 322 quae
1620 284 1690 315 suis

955 327 1164 367 temporibus
1186 326 1328 357 Athenis
1350 334 1448 357 crant
1473 332 1589 366 gestae,
1615 337 1689 358 ora·

955 370 1043 400 torio
1059 380 1192 410 genere,
1209 379 1277 400 non
1293 370 1462 401 historico.
1487 370 1528 400 de
1544 369 1607 400 hoc
1621 371 1690 402 vid.

957 412 1007 444 Cl.
1031 413 1214 445 Ruhnken.
1240 413 1282 444 ad
1304 414 1472 445 Rutilium
1494 413 1630 454 Lupum
1653 424 1688 455 p.

999 500 1206 532 Democritus
1236 499 1410 540 Physicus,
1440 501 1542 533 Tusc.
1573 511 1603 531 v.
1634 504 1688 535 39.

954 544 1197 582 patrimonium
1221 554 1318 575 suum
1347 545 1509 585 relinquit
1535 544 1686 576 discendi

952 587 1074 617 studio.
1088 588 1167 618 ibid.
1179 598 1286 618 eaecus
1301 589 1351 626 fit,
1364 590 1553 620 caecitatem
1565 588 1687 619 utilem

952 640 1027 660 esse
1043 631 1138 662 dixit.
1170 632 1227 662 Or.
1245 632 1266 661 i.
1287 635 1336 662 11.
1369 638 1485 664 ornate
1506 633 1601 663 dixit.
1628 633 1687 664 Or.

951 674 985 705 ii.
1002 675 1056 706 46.
1089 674 1129 705 de
1159 675 1273 706 Divin.
1295 675 1316 706 i.
1333 678 1384 710 37.
1415 684 1530 716 negat,
1546 677 1618 707 sine
1634 676 1687 707 fu-

952 727 1025 748 rore
1049 729 1253 758 quemquam
1276 722 1411 758 poetam
1435 730 1598 760 magnum
1614 730 1686 750 esse

951 772 1056 802 posse.
1080 763 1138 793 Or.
1154 765 1206 794 20.
1231 763 1303 802 ejus
1319 762 1435 800 dictio,
1452 773 1512 794 cur
1526 773 1594 794 non
1610 763 1687 794 nul-

950 805 990 836 lis
1017 809 1137 846 poema
1166 805 1329 836 videatur.
1362 806 1464 837 Acad.
1495 808 1516 838 i.
1547 809 1579 838 2.
1613 808 1686 847 ejus

950 849 1088 890 physica
1114 850 1241 890 recepit
1268 850 1443 890 Epicurus.
1466 850 1508 881 ad
1532 850 1608 881 Div.
1631 861 1687 882 xv.

956 894 1002 924 16.
1046 899 1124 924 ante
1160 893 1343 934 Epicurum
1383 893 1548 933 pannias
1578 891 1687 925 ιῖδωλι

950 936 1047 967 dixit.
1071 937 1173 968 Acad.
1196 938 1216 967 i.
1244 940 1293 969 12.
1323 939 1506 968 confitetur
1527 938 1686 978 ignoran-

947 980 1045 1017 tiam,
1062 985 1101 1011 ut
1119 982 1283 1012 Socrates.
1306 981 1409 1012 Acad.
1433 982 1476 1012 iv.
1503 985 1552 1016 17.
1584 982 1686 1011 innu-

950 1024 1124 1054 merabiles
1156 1025 1297 1055 mundos
1327 1026 1460 1063 statuit,
1485 1030 1519 1056 et
1548 1025 1684 1064 quidem

951 1068 1075 1099 multos
1113 1068 1264 1099 absolute
1301 1079 1421 1108 pares3
1460 1069 1542 1100 item
1576 1069 1685 1100 homi-

950 1121 1032 1150 nes;
1069 1122 1143 1151 quae
1174 1113 1345 1143 sententia
1371 1123 1443 1152 cap.
1477 1116 1526 1145 18.
1557 1123 1578 1143 a
1600 1113 1684 1153 poli-

946 1155 1088 1186 tioribus
1120 1155 1263 1196 physicis
1294 1156 1469 1187 refellitur.
1510 1156 1612 1187 Acad.
1640 1157 1683 1187 iv.

948 1203 1000 1234 37.
1040 1199 1080 1230 de
1111 1199 1211 1240 pleno
1245 1204 1280 1230 et
1309 1200 1402 1230 inani
1430 1200 1545 1230 omnia
1575 1201 1681 1240 gigni.

948 1243 988 1273 de
1013 1243 1084 1274 Fin.
1112 1244 1132 1273 i.
1156 1244 1186 1274 6.
1214 1245 1385 1274 sententia
1406 1246 1477 1283 ejus
1500 1244 1541 1274 de
1563 1243 1632 1274 sole
1648 1248 1683 1275 et

947 1288 1068 1318 atomis
1084 1287 1126 1318 N.
1144 1288 1186 1318 D.
1205 1288 1225 1318 i.
1252 1289 1300 1319 12.
1333 1288 1496 1327 imagines
1519 1288 1609 1318 Deos
1632 1288 1682 1318 fa-

946 1331 1006 1368 cit,
1023 1336 1058 1361 et
1074 1336 1230 1361 naturam
1247 1341 1301 1361 eas
1318 1331 1519 1361 fundentem
1531 1336 1566 1361 et
1581 1331 1682 1362 intel-

945 1374 1121 1414 ligentiam
1153 1380 1313 1405 nostram.
1353 1375 1502 1406 incertus
1539 1375 1574 1405 in
1609 1380 1682 1406 toto

944 1417 1018 1448 loco
1035 1423 1095 1449 est.
1113 1418 1179 1449 vid.
1201 1429 1229 1450 c.
1248 1421 1302 1450 43.
1326 1419 1405 1449 ibid.
1429 1421 1480 1451 24.
1505 1419 1609 1450 atomi
1630 1429 1681 1449 re-

944 1462 1211 1502 prehenduntur.
1235 1462 1276 1492 de
1288 1463 1365 1493 Div.
1379 1463 1401 1493 i.
1418 1466 1448 1494 3.
1475 1463 1509 1493 ii.
1526 1465 1574 1493 13.
1597 1473 1682 1503 prae-

943 1506 1133 1536 sensionem
1163 1516 1275 1536 rerum
1305 1506 1495 1537 futurarum
1526 1516 1680 1546 compro—

943 1550 1014 1588 bat,
1031 1551 1065 1580 in
1081 1560 1147 1589 quo
1164 1560 1231 1581 non
1243 1550 1362 1580 inseite
1376 1555 1534 1590 nugatur.
1551 1550 1592 1580 de
1607 1551 1679 1581 Fat.

947 1597 996 1625 10.
1010 1598 1128 1625 auctor
1143 1598 1334 1625 atomorum
1347 1595 1468 1624 statuit
1480 1595 1679 1626 necessitate

944 1639 1060 1668 omnia
1075 1638 1158 1668 fieri.

987 1682 1205 1719 Democritus,
1229 1681 1506 1720 Gymnasiarcha,
1521 1680 1617 1712 Verr.
1634 1682 1677 1712 iv.

942 1727 996 1757 42.
1025 1725 1286 1766 Tyndaritanus.

987 1769 1205 1808 Democritus,
1223 1770 1293 1800 Att.
1308 1769 1351 1799 vi.
1373 1771 1400 1798 1.
1432 1777 1546 1799 servus
1561 1768 1679 1799 Attici.

986 1813 1204 1851 Democritus,
1221 1811 1398 1853 Sicyonius.
1415 1812 1457 1842 ad
1473 1813 1551 1843 Div.
1564 1811 1633 1843 xiii.
1646 1814 1678 1844 8.

943 1856 1062 1898 hospes
1080 1857 1250 1888 Ciceronis
1266 1862 1301 1887 et
1316 1855 1502 1886 familiaris.

985 1901 1225 1938 Demosthenes,
1238 1901 1295 1932 Or.
1307 1903 1339 1931 4.
1359 1899 1508 1930 Platonis
1521 1899 1678 1939 frequens

942 1945 1087 1977 auditor.
1113 1946 1167 1978 26.
1193 1945 1305 1975 minus
1330 1944 1471 1974 facetus.
1498 1943 1600 1974 Tusc.
1629 1943 1676 1974 iii.

942 1990 996 2021 26.
1032 1989 1073 2020 ab
1103 1988 1260 2020 AEschine
1290 1986 1560 2028 reprehenditur,
1589 1987 1679 2027 quod

943 2033 1042 2064 nimis
1060 2032 1164 2063 filiam
1181 2032 1315 2063 luxerit.
1332 2042 1362 2061 v.
1382 2031 1435 2063 36.
1468 2030 1677 2061 mulierculae

941 2076 1095 2108 laudibus
1108 2077 1249 2117 capitur.
1265 2076 1342 2107 Div.
1355 2075 1390 2106 ii.
1403 2075 1457 2106 46.
1479 2075 1554 2106 Rho
1566 2074 1677 2105 dicere

941 2131 1019 2150 cum
1044 2121 1211 2160 nequiret,
1228 2119 1470 2150 exercitatione
1493 2118 1617 2156 effecit,
1635 2121 1678 2149 ut

941 2164 1136 2204 planissime
1176 2164 1313 2194 diceret.
1352 2163 1385 2193 ii.
1424 2165 1476 2197 57.
1520 2161 1676 2203 Pythiam

941 2208 1025 2238 dixit
1041 2206 1232 2248 oahaeaea‘gm.
1249 2208 1308 2237 Sec.
1323 2207 1383 2237 διο.

984 2252 1225 2289 Demostratus,
1243 2251 1285 2281 ad
1305 2250 1382 2281 Div.
1402 2250 1471 2280 xiii.
1491 2252 1545 2281 3⁶3.
1576 2249 1676 2280 liber-

939 2300 995 2326 tus
1013 2296 1076 2327 Cn.
1092 2296 1224 2327 Octavii
1239 2294 1396 2325 Nasonis.

983 2340 1144 2380 Desimous
1165 2339 1218 2369 vel
1241 2338 1423 2378 Dexippus,
1441 2337 1484 2368 ad
1505 2337 1585 2368 Div.
1607 2337 1675 2369 xiv.

939 2387 971 2415 3.
1002 2394 1117 2414 servus
1134 2383 1316 2414 Ciceronis.

982 2426 1101 2465 Dexio,
1116 2426 1378 2468 Tyndaritanus‚
1395 2424 1490 2457 Verr.
1505 2435 1537 2457 v.
1553 2425 1608 2457 42.

982 2469 1124 2509 Dexius,
1141 2471 1184 2501 ad
1199 2471 1278 2502 Div.
1293 2470 1349 2499 vii.
1364 2471 1418 2500 23.

982 2514 1025 2546 L.
1049 2514 1280 2551 Diadematus,
1304 2513 1347 2543 ad
1367 2512 1464 2553 Quir.
1489 2522 1522 2552 p.
1547 2511 1617 2544 red.
1639 2515 1673 2545 3.

944 2560 1007 2593 Οτι.
1037 2558 1162 2591 Metelli
1199 2557 1399 2590 Macedmn'cz·
1423 2556 1532 2597 filius.
1569 2566 1601 2587 v.
1637 2557 1674 2587 in

977 2604 1087 2635 etellis.

982 2645 1188 2686 Diogmitas,
1222 2644 1402 2677 Thebanus.
1437 2643 1520 2683 Leg.
1551 2643 1586 2675 ii.
1621 2646 1673 2676 15.

938 2692 1054 2721 onmia
1069 2699 1163 2721 sacra
1178 2693 1345 2720 nocturna
1359 2687 1509 2719 sustulit.

981 2733 1161 2774 Diagoras,
1173 2731 1303 2770 Melius,
1317 2733 1396 2763 Nat.
1411 2733 1462 2762 D:
1473 2732 1495 2762 i.
1516 2734 1545 2762 1.
1566 2735 1602 2762 et
1617 2733 1671 2764 23.

938 2779 1028 2810 Deos
1044 2778 1135 2809 tollit
1150 2777 1289 2817 ideoque
1306 2776 1434 2806 Atheus
1449 2775 1583 2806 dieitur.

981 2820 1110 2860 Mina,
1127 2821 1206 2852 Nat.
1223 2821 1266 2852 D.
1284 2821 1330 2851 iii.
1345 2821 1399 2852 23.
1415 2819 1535 2851 Dianae
1547 2818 1672 2860 plures.

981 2863 1207 2902 DicoearchuS,
1228 2865 1478 2905 Peripateticus,
1494 2862 1673 2894 Aristotelis

937 2910 1122 2952 discipulus,
1142 2908 1215 2942 Att.
1241 2909 1276 2940 ii.
1307 2910 1340 2941 Β.
1370 2908 1441 2949 ejus
1469 2906 1569 2941 libros
1596 2905 1671 2938 dili·
