1804 3178
603 95 753 128 OEDBX
782 98 1085 133 LATINITATIS·

134 186 324 230 moneor,
347 186 404 228 qui
432 190 570 228 apparet
601 188 826 227 magistratui.

88 228 186 305 ξιτ.
200 231 248 262 iii.
262 235 315 266 78.
339 232 388 263 ita
406 229 597 271 appellatur
610 230 722 262 Verris
744 232 826 262 scri-

134 317 313 359 Appon-itio.
335 317 400 358 Ωιι.
417 317 469 348 Fr.
486 317 508 347 i.
536 319 563 348 1.
584 319 615 348 4.
644 327 726 357 quos
748 327 825 348 vero

90 370 131 391 ex
148 363 340 393 necessariis
356 361 609 402 apparitionibus
623 366 736 392 tecum
752 371 823 392 esse

89 404 240 443 voluisti,
255 406 311 446 qui
334 405 427 444 quasi
451 415 491 434 ex
514 404 650 435 cohorte
672 406 824 445 praetoris

91 448 252 489 appellari
267 448 387 480 solent.
404 458 434 478 v.
453 447 569 478 cohors
586 449 748 488 proetoris.

135 493 318 533 Appellare.
333 492 567 533 pronunciare.
585 492 682 523 Brut.
697 495 749 524 35.
765 502 823 532 ap-

84 537 324 575 peuandamm
349 535 523 566 literarum
549 536 706 566 suavitas.
736 536 823 566 ‘au-

91 578 209 610 xilium
243 585 366 620 petere.
403 579 521 619 Quint.
552 583 582 613 7.
613 581 823 619 appellantur

88 622 228 653 tribuni.
250 622 344 654 Verr.
360 623 401 653 iv.
415 624 468 654 65.
493 625 678 663 appellatur
689 629 822 664 praetor.

90 664 219 706 ‘agere
237 676 314 697 cum
331 666 453 706 aliquo.
476 667 518 696 ad
541 667 618 698 Div.
642 668 663 697 i.
680 669 710 698 2.
735 667 822 706 quod

87 708 228 749 singulis
243 711 444 751 appellandis
459 710 678 750 rogandisque
690 720 824 751 perspe-

89 762 216 784 xeram.
248 754 342 785 Verr.
370 755 392 785 i.
418 757 471 785 41.
504 756 648 794 appellat
672 754 821 784 Annium

89 796 233 828 —docet
247 797 418 828 bominem
435 797 515 838 quid
527 798 598 828 fieri
611 797 726 838 possit.
752 798 769 815 ¹*
782 797 822 827 de

89 839 306 872 debitoribus.
337 841 421 872 Phil.
448 842 482 872 ii.
508 842 561 875 29.
592 842 751 882 appellari
783 840 822 870 de

89 885 245 924 pecunia.
262 885 304 916 cs.
320 884 438 925 Quint.
459 887 508 915 11.
524 885 649 915 ‘Offim
667 885 687 915 i.
704 886 756 915 2⁷5.
781 894 822 915 ne

89 927 209 958 iisdem
225 928 265 959 de
281 929 389 960 causis
412 928 470 959 alii
488 927 692 969 plectantur,
709 928 765 958 alii
782 937 822 958 ne

88 973 295 1012 appellentur
316 972 473 1012 quidem:
498 973 520 1002 i.
545 982 574 1003 e.
593 973 824 1012 objurgentur.

88 1015 249 1055 ‘rog-are,
273 1015 400 1046 hortari
427 1016 486 1046 &a
517 1016 559 1046 ad
582 1017 658 1047 Div.
686 1017 743 1046 xii.
769 1017 822 1047 23.

88 1059 232 1090 Senatus
248 1069 307 1100 pro
321 1065 383 1090 tua
401 1058 566 1100 dignitate
587 1061 821 1101 appellaretur,

89 1101 124 1132 h.
137 1111 168 1133 e.
186 1102 348 1134 Senatum
372 1103 536 1141 hortarer,
553 1109 592 1134 ut
615 1104 823 1141 decerneret,

88 1145 179 1185 quod
192 1151 281 1177 esset
294 1147 469 1187 dig-nitatis
485 1152 552 1177 tuae
568 1147 741 1187 augendae.

132 1190 324 1231 Appellatio.
355 1191 545 1231 provocatio
582 1191 625 1221 ad
660 1191 736 1221 trib.
775 1190 821 1232 pl.

90 1234 207 1265 auxilii
223 1244 333 1265 causa.
357 1234 470 1264 Vatin.
491 1237 539 1266 14.
561 1234 725 1265 ‘titulus
747 1235 819 1266 Att.

91 1286 122 1308 v.
138 1280 192 1310 20.
214 1280 385 1320 appellatio
400 1279 520 1316 inanis,
537 1278 577 1309 de
591 1278 694 1309 titulo
717 1279 822 1319 impe-

89 1322 208 1353 ratoris
235 1323 306 1353 sine
334 1332 380 1352 re.
406 1332 466 1362 pro
493 1333 558 1362 quo
583 1322 663 1353 alias
688 1331 822 1353 nomen.

89 1365 144 1396 Sic
159 1370 211 1396 est
224 1371 340 1396 tamen
356 1367 458 1396 etiam
476 1375 529 1406 ap.
546 1365 637 1396 Suet.
654 1366 738 1397 Ca-s.
755 1371 808 1401 77.

131 1410 333 1450 Appellator,
348 1410 405 1449 qui
420 1414 587 1450 provocat.
600 1409 694 1440 Verr.
710 1411 753 1441 iv.
770 1411 822 1442 65.

132 1454 332 1494 Appendere.
355 1454 435 1494 Opt.
459 1462 491 1492 g.
514 1453 545 1484 d.
569 1456 600 1485 5.
625 1463 692 1484 non
716 1464 823 1484 annu-

90 1505 219 1528 merare
254 1497 372 1528 lectori
407 1497 523 1537 putavi
559 1502 725 1538 oportere,
766 1498 825 1529 sed

89 1545 264 1580 tamquam
280 1541 471 1582 appendere.

133 1584 355 1625 Appendoeula
384 1593 505 1621 causae,
529 1583 641 1615 Rabir.
672 1585 762 1616 Post.
792 1588 824 1617 4.

89 1626 214 1658 dicitur
226 1629 315 1658 actio
330 1629 365 1658 in
381 1627 527 1667 aliquem
544 1638 585 1659 ex
607 1629 716 1669 capite
740 1629 822 1669 legis

88 1671 131 1702 de
160 1671 374 1712 repetundis:
410 1671 452 1702 ad
481 1682 581 1710 quem
611 1682 651 1702 ea
681 1674 825 1713 pecunia

88 1716 277 1756 pervenerit
290 1727 301 1754 3
325 1714 431 1756 qualis
445 1720 497 1746 est
512 1716 700 1746 Rabiriana.
731 1717 821 1748 Nam

90 1768 168 1790 cum
191 1770 233 1790 ex
253 1759 349 1790 bonis
364 1759 496 1789 Gabinii
514 1769 581 1790 non
594 1764 731 1791 tantum
748 1770 823 1791 coa-

89 1809 184 1834 ctum
207 1808 307 1841 esset,
321 1803 438 1843 quanti
453 1803 484 1832 ei
499 1802 538 1833 lis
555 1805 723 1834 aestimata
737 1810 823 1843 erat,

89 1847 253 1887 agebatur
280 1847 316 1877 in
342 1847 530 1884 Rabirium,
553 1849 646 1886 quasi
675 1848 716 1878 ad
743 1858 821 1879 eum

87 1900 165 1932 pars
187 1891 339 1932 pecuniae
362 1891 578 1931 pervenisset,
600 1901 701 1930 quam
724 1890 823 1922 Gabi—

90 1935 166 1965 nius
182 1945 202 1964 a
217 1934 398 1965 Ptolemaeo
413 1938 597 1974 acceperat.

133 1978 320 2018 Applicare,
336 1977 549 2016 conjungere.
573 1977 645 2008 Pin.
658 1978 693 2008 ii.
711 1980 759 2010 12.
785 1982 823 2010 ut

89 2021 134 2052 ad
155 2021 366 2052 honestatem
387 2023 568 2061 applicetur
589 2021 751 2062 voluptas.
775 2032 822 2054 sc.

90 2065 124 2095 in
147 2065 317 2096 sententia
332 2064 372 2094 de
388 2074 520 2094 summo
539 2065 636 2094 bono.
659 2066 679 2084 ἓ
692 2065 732 2096 de
755 2066 822 2097 dis-

90 2109 258 2146 centibus,
270 2109 326 2148 qui
339 2109 536 2148 magistrum
547 2108 710 2148 deligunt.
725 2109 821 2140 Brut.

90 2156 145 2188 91.
166 2153 328 2194 applicat-i
348 2161 402 2182 me
426 2151 468 2182 ad
490 2151 672 2183 Molonem.
697 2153 785 2184 *On
801 2154 823 2184 i.

90 2199 145 2230 39.
168 2206 203 2227 se
219 2196 261 2228 ad
275 2195 419 2235 aliquem
444 2196 537 2234 quasi
561 2200 741 2236 patronum
764 2206 824 2238 ap-

84 2242 224 2281 plicare.
248 2250 279 2270 v.
293 2240 476 2280 applicatio.

133 2284 324 2326 Afflicatio.
354 2282 558 2323 conjunctio.
595 2281 678 2313 Lael.
707 2285 738 2314 8.
772 2282 820 2323 (9)

89 2329 262 2369 applicatio
291 2327 408 2364 animi,
440 2336 517 2356 cum
549 2325 692 2364 quodam
722 2336 823 2358 sensu

90 2371 237 2402 amandi.
261 2371 302 2401 de
317 2371 476 2401 amicitia.
500 2368 587 2400 ‘On
606 2370 628 2400 i.
641 2372 693 2404 39.
718 2371 824 2410 appli-

89 2416 224 2446 cationis
238 2415 308 2454 jus.
332 2414 501 2453 Peregrini
523 2412 574 2443 vel
598 2412 765 2452 inquilini,
780 2414 823 2445 Α-

88 2458 202 2490 thenis
228 2458 314 2498 lege,
341 2458 456 2488 Romae
482 2457 736 2495 consuetudine,
762 2458 825 2488 sibi

90 2502 283 2543 deligebant
307 2501 465 2541 aliquem,
482 2510 580 2540 quem
604 2500 666 2531 sibi
688 2500 825 2541 adopta-

90 2552 168 2577 rent
182 2550 362 2587 patronum
382 2544 578 2588 (πμ-ἄτην),
594 2543 636 2574 ad
658 2554 756 2584 quem
775 2545 824 2574 ita

91 2599 140 2628 se,
156 2595 196 2620 ut
218 2589 357 2620 clientes
381 2589 536 2625 Romani,
560 2587 738 2618 habebant.
760 2587 822 2618 Jus

90 2633 314 2674 applicationis
329 2633 432 2672 igitur
451 2636 515 2669 est,
531 2631 619 2671 quod
642 2630 743 2662 habet
766 2641 824 2672 pa-

89 2681 208 2708 tronus
224 2677 258 2707 in
273 2686 351 2707 eum
367 2675 551 2712 hominem,
564 2675 621 2714 qui
636 2683 671 2705 se
687 2675 730 2705 ad
745 2684 821 2706 eum

90 2720 266 2761 applicuit,
277 2720 312 2750 in
327 2720 398 2760 ejus
414 2719 513 2757 bona,
525 2718 747 2749 hereditatem
760 2718 820 2748 διο.

91 2773 135 2794 an
151 2763 255 2804 possit
269 2774 300 2793 v.
315 2773 343 2794 c.
359 2764 390 2793 ei
405 2762 500 2793 heres
517 2771 600 2799 esse,
615 2762 643 2792 si
658 2762 821 2792 intestato

91 2812 247 2838 mortuus
264 2807 320 2844 sit,
336 2816 398 2837 nec
414 2816 455 2836 ne
473 2807 533 2836 dcc.
548 2805 607 2836 sed
622 2805 662 2836 de
679 2805 741 2836 hoc
756 2805 822 2835 alio

88 2849 163 2882 loco
178 2850 316 2881 fortasse
334 2849 430 2891 plura
445 2849 606 2880 dicemus.

132 2894 310 2936 Apponere.
325 2894 518 2926 subornare.
538 2893 634 2925 verr.
649 2893 671 2925 i.
690 2895 740 2926 10.
768 2901 822 2923 ca-

1517 100 1592 138 191

871 189 1088 224 lumniatores
1103 203 1121 223 c
1137 193 1212 224 sinu
1227 202 1287 224 nuo
1308 197 1461 235 opposuit.
1486 198 1528 229 ib.
1552 200 1594 230 iv.

868 238 900 268 9.
918 235 978 266 &c.

913 278 1060 318 Apposiu
1082 278 1122 308 ad
1146 281 1402 319 persuasionem.
1426 280 1494 313 Iuv.
1520 285 1540 314 i.
1564 287 1594 316 5.

869 326 957 360 apte.
1206 337 1211 342 ·

913 365 1094 404 Appositus,
1107 364 1254 395 idoneus.
1270 365 1363 397 Verr.
1380 367 1400 397 i.
1424 371 1470 398 11.
1494 369 1510 385 ‘
1525 368 1596 402 lnv.

868 407 902 437 ii.
919 411 971 439 54.
995 409 1114 438 vitium
1127 418 1192 438 non
1205 410 1422 446 contrarium,
1433 410 1490 440 scd
1501 423 1596 451 appo-

866 453 965 482 situm
983 458 1016 481 et
1034 452 1268 492 propinquum.
1285 462 1314 482 v.
1335 458 1370 482 et
1389 453 1429 483 ad
1443 455 1513 484 Att.
1529 456 1595 486 viii.

866 498 898 528 7.
922 502 1007 526 extr.

910 539 1076 579 Apprime.
1111 538 1182 568 fin.
1213 538 1258 568 iii.
1289 543 1319 573 9.
1351 549 1410 579 pro
1440 543 1595 581 apprime.

867 582 924 612 sed
935 583 1086 613 Davisius
1100 587 1133 612 et
1146 581 1323 612 walkerus
1337 582 1520 614 malebant:
1541 595 1597 625 ap-

868 627 986 666 primo.
1010 632 1111 656 recte.
1144 625 1202 656 Fst
1227 634 1353 663 autem,
1377 627 1463 665 quod
1487 628 1596 667 paullo

866 676 941 710 post
964 670 1069 700 dixit:
1106 670 1140 699 in
1166 670 1274 710 prima
1297 672 1518 710 susceptione.
1544 672 1596 701 Sic:

867 719 918 743 est
942 713 1019 743 ibid.
1045 714 1085 743 iv.
1106 716 1154 743 13.
1189 723 1218 742 v.
1250 716 1298 743 15.
1323 713 1364 743 cf.
1390 713 1533 745 Gronov.
1556 714 1598 745 ad

868 757 982 787 Senec.
999 757 1039 787 de
1055 757 1123 787 Vit.
1139 757 1225 786 beat.
1243 767 1271 787 c.
1288 761 1319 791 7.

910 801 1103 841 Approbare.
1147 801 1343 831 confirmare
1378 802 1597 840 argumentis.

867 843 936 874 Inv.
955 845 975 874 i.
993 847 1045 875 34.
1071 844 1209 874 ductum
1223 855 1242 874 a
1253 844 1509 875 conductoribus
1520 855 1598 886 ope-

866 898 940 918 rum
968 887 1190 928 publicorum,
1217 889 1272 927 qui
1300 888 1458 918 dicuntur
1483 899 1598 929 appro-

866 932 942 962 bare
964 941 1046 972 opus
1068 941 1180 968 suum,
1198 942 1274 962 cum
1298 938 1348 962 est
1372 941 1411 961 ex
1429 931 1500 972 lege
1520 943 1599 963 cen-

866 976 952 1005 soria
968 975 1108 1012 factum,
1126 982 1165 1005 ut
1179 975 1327 1006 ostendit
1343 975 1444 1005 Gron.
1462 975 1502 1005 ad
1518 978 1596 1007 Sen.

864 1018 907 1048 N.
930 1019 971 1059 Ω.
990 1019 1021 1049 ii.
1042 1020 1089 1050 16.
1118 1019 1289 1059 approbari
1305 1019 1338 1048 in
1353 1028 1451 1049 sensu
1468 1020 1596 1050 Acade-

867 1063 953 1092 mico
970 1068 1020 1092 est
1037 1062 1203 1102 probabile
1220 1062 1334 1092 videri.
1356 1062 1459 1093 Acad.
1479 1063 1521 1094 iv.
1541 1065 1595 1095 32.

866 1107 1037 1146 approbari
1054 1107 1154 1136 visus.

908 1150 1099 1189 Approbatio
1122 1149 1345 1180 assumtionis.
1362 1147 1432 1179 Inv.
1448 1149 1470 1179 i.
1486 1151 1539 1181 34.
1572 1149 1593 1180 i.

865 1203 894 1223 e.
913 1193 1134 1223 confirmatio.

908 1237 1083 1277 AppuLms,
1096 1245 1256 1266 accessus.
1272 1235 1352 1266 Nat.
1368 1235 1410 1266 D.
1425 1236 1447 1266 i.
1465 1239 1513 1267 10.
1537 1246 1596 1276 ap-

857 1282 975 1320 pulsus
997 1280 1085 1310 solis.
1108 1280 1127 1298 ’
1142 1286 1263 1310 motus.
1286 1280 1362 1310 Div.
1386 1280 1407 1309 i.
1431 1283 1484 1311 30.
1507 1280 1597 1310 Deo-

867 1334 939 1354 rum
953 1325 1092 1365 uppulsu
1103 1324 1278 1354 somniare.
1294 1323 1333 1354 de
1345 1324 1482 1353 somniis
1493 1333 1513 1353 a
1524 1323 1596 1354 Deo

865 1367 1014 1407 objectis.

909 1412 1001 1452 Apte.
1024 1411 1082 1441 Or.
1098 1411 1151 1442 68.
1173 1409 1341 1441 sententia
1355 1413 1429 1450 apte
1447 1410 1599 1451 exposita

867 1459 967 1494 atque
985 1454 1145 1486 absolute.
1162 1454 1202 1484 de
1219 1463 1358 1484 numero
1379 1463 1431 1491 eo,
1447 1455 1502 1492 qui
1525 1464 1597 1485 cer-

867 1499 961 1530 nitur
976 1499 1011 1529 in
1025 1497 1202 1528 vincienda
1213 1497 1374 1528 oratione.
1390 1507 1420 1528 v.
1436 1501 1543 1536 aptus.

908 1543 1024 1583 Aptus.
1039 1546 1155 1582 aptum
1172 1542 1305 1578 dicitur,
1318 1540 1537 1580 quodcunque
1554 1550 1596 1574 ex

867 1585 931 1616 alio
947 1585 1082 1626 pendet.
1102 1585 1203 1616 Tusc.
1217 1595 1246 1615 v.
1261 1586 1314 1615 25.
1336 1594 1442 1614 causae
1462 1583 1532 1615 aliae
1554 1594 1593 1615 ex

867 1629 940 1660 aliis
965 1634 1050 1671 aptoe
1075 1635 1111 1660 et
1139 1638 1243 1659 nexae.
1277 1627 1377 1658 Acad.
1404 1628 1446 1658 iv.
1476 1630 1525 1658 10.
1555 1638 1597 1659 ex

867 1683 933 1712 qua
948 1683 982 1703 re
999 1683 1068 1703 una
1082 1673 1151 1703 vita
1165 1673 1272 1702 omnis
1287 1677 1366 1712 apta
1386 1672 1440 1702 sit.
1473 1671 1596 1702 Caecin.

871 1719 920 1748 18.
952 1726 1019 1747 non
1046 1727 1085 1747 ex
1112 1716 1218 1746 verbis
1242 1720 1357 1756 aptum
1382 1713 1506 1755 pendet
1527 1715 1596 1755 jus.

866 1760 967 1791 Tusc.
982 1771 1013 1790 v.
1032 1762 1082 1791 12.
1105 1770 1144 1790 ex
1158 1769 1192 1790 se
1207 1761 1278 1800 ipso
1294 1760 1324 1789 ei
1341 1763 1419 1798 apta
1434 1763 1513 1788 sunt
1524 1768 1595 1789 om-

867 1805 947 1842 nia;
980 1804 1020 1834 de
1046 1814 1098 1841 eo,
1125 1804 1219 1843 cujus
1245 1803 1347 1833 animi
1371 1801 1597 1841 tranquillitas

869 1857 936 1877 non
952 1847 1075 1888 pendet
1096 1857 1115 1877 a
1131 1848 1227 1877 rebus
1244 1846 1403 1883 externis,
1417 1845 1475 1875 sed
1490 1846 1530 1875 ab
1546 1846 1597 1875 in-

866 1892 970 1922 ternis
987 1891 1220 1931 perpetuisque
1236 1890 1341 1920 bonis.
1364 1889 1459 1920 Offic.
1480 1889 1527 1919 iii.
1543 1891 1595 1923 29.

867 1939 945 1974 apta
961 1935 1085 1975 pinnis,
1101 1944 1181 1975 pro:
1206 1934 1260 1964 cui
1282 1934 1392 1974 pinnae
1408 1937 1492 1972 aptae
1506 1938 1598 1963 sunt.

866 1977 1042 2020 πτερὸεσσα.
1072 1979 1126 2008 Sic
1142 1977 1258 2017 virgil.
1273 1978 1348 2007 AEn.
1364 1976 1408 2006 xi.
1430 1977 1503 2007 242.
1533 1985 1598 2006 cae-

866 2021 938 2051 luni
960 2021 1064 2052 stellis
1079 2021 1285 2061 fulgentibus
1308 2024 1431 2061 aptum.
1455 2018 1529 2049 add.
1553 2019 1598 2050 iv.

866 2066 942 2095 482.
973 2065 1026 2095 Sic
1049 2074 1135 2105 saepe
1157 2065 1259 2095 etiam
1275 2063 1463 2095 Lucretius.
1485 2063 1597 2103 ‘apta

868 2107 1028 2139 dicuntur
1042 2109 1158 2144 etiam,
1174 2117 1247 2147 quae
1264 2112 1352 2138 recte
1369 2107 1456 2137 inter
1471 2106 1596 2146 sejun-

867 2156 923 2182 cta
938 2157 1028 2182 sunt.
1044 2151 1102 2182 Or.
1119 2155 1171 2183 52.
1185 2156 1263 2192 apta
1278 2151 1397 2187 oratio,
1413 2154 1463 2180 est
1479 2159 1597 2180 nume-

867 2204 953 2232 rosa,
981 2196 1016 2226 in
1049 2205 1114 2235 qua
1143 2195 1191 2225 ita
1213 2199 1290 2235 apta
1312 2194 1425 2224 omnia
1450 2193 1538 2223 inter
1559 2202 1595 2223 se

866 2244 947 2269 sunt
962 2239 1072 2276 verba,
1089 2242 1128 2269 nt
1143 2247 1316 2269 numerose
1333 2237 1442 2267 cadat.
1469 2237 1526 2267 Or.
1542 2240 1596 2270 70.

867 2293 906 2313 ex
919 2284 1003 2322 aptis
1018 2281 1188 2313 dissoluta.
1205 2292 1235 2311 v.
1249 2281 1372 2311 Vincta
1385 2280 1502 2310 oratio.
1519 2280 1598 2310 Sco-

868 2336 919 2367 pae
932 2325 1111 2356 dissolutae.
1126 2325 1145 2343 ¹*
1156 2330 1235 2365 apta
1249 2324 1406 2354 videntur
1419 2323 1521 2354 etiam
1538 2332 1598 2364 pro

868 2369 1024 2410 perfectis
1041 2369 1115 2399 dici.
1138 2369 1218 2400 Nat.
1236 2368 1279 2398 D.
1296 2368 1329 2398 ii.
1350 2370 1399 2398 18.
1422 2367 1597 2397 Pei-fectis·

868 2413 987 2443 simam
1010 2412 1150 2443 formam
1173 2412 1301 2442 dixerat
1315 2420 1384 2441 essc
1406 2409 1598 2441 rotundam.

870 2456 1048 2496 Descripta
1072 2460 1185 2486 autem
1211 2454 1350 2495 sphaerae
1375 2454 1516 2492 ratione,
1540 2453 1597 2484 ad—

868 2499 918 2530 dit
932 2512 939 2529 :
963 2500 1037 2540 Quo
1050 2499 1134 2529 nihil
1149 2499 1220 2529 sieri
1236 2503 1344 2539 potest
1360 2499 1477 2538 aptius.

912 2543 1019 2583 Apud.
1051 2543 1109 2574 Or.
1132 2543 1152 2573 i.
1166 2545 1219 2577 49.
1236 2542 1326 2582 apud
1340 2551 1374 2571 se
1389 2545 1441 2571 est
1455 2540 1524 2571 ruri
1549 2549 1596 2571 sc.

868 2587 902 2618 in
915 2586 994 2616 villa
1005 2596 1076 2616 sua.

911 2630 1016 2670 Aqua.
1040 2628 1141 2659 Acad.
1158 2629 1199 2659 iv.
1221 2628 1275 2659 26.
1296 2627 1459 2669 Lysippus
1475 2626 1592 2658 eodem

869 2676 957 2710 aem,
973 2672 1089 2703 eadem
1100 2672 1357 2712 temperatione,
1369 2671 1484 2701 eodem
1503 2670 1595 2707 caelo,

868 2727 969 2756 aqua,
985 2716 1103 2746 ceteris
1119 2715 1274 2746 omnibus
1290 2722 1426 2745 centum
1454 2714 1594 2745 Alexan-

868 2759 942 2790 dros
967 2758 1208 2798 ejusdemmodi
1230 2758 1338 2788 facere
1367 2767 1433 2788 non
1457 2757 1594 2798 posset?

866 2813 955 2843 aqua
970 2808 1084 2833 autem
1105 2803 1139 2833 in
1154 2802 1275 2832 statuis
1286 2807 1321 2832 et
1337 2803 1422 2832 vasis
1437 2810 1514 2831 eum
1531 2800 1596 2830 ser·

868 2847 932 2877 reis
955 2851 1030 2876 tum
1046 2847 1146 2876 aeneis
1163 2845 1263 2876 colori
1285 2845 1435 2879 inservit,
1451 2848 1485 2874 et
1509 2853 1595 2883 aqna

867 2899 961 2933 aquoe
976 2891 1012 2923 in
1027 2889 1089 2921 hoc
1107 2899 1228 2931 genere
1243 2894 1392 2931 przrstat.
1412 2894 1452 2919 ut
1465 2898 1505 2919 ex
1522 2886 1597 2932 Plug
