1804 3178
634 144 779 174 ΙΝΌΕΧ
810 145 943 174 utrm
950 147 1103 177 ΙΤΑἸΊδ.

127 231 268 259 natm-2
292 238 371 260 nam
393 229 529 270 periodo
547 232 727 272 opponitur
741 233 851 263 soluta

125 272 255 302 ontio:
286 272 388 303 ducta
412 272 608 313 metaphora
633 284 653 304 a
674 277 850 316 crepidine,

125 315 182 345 cui
194 322 365 355 tamquam
374 316 594 347 fundamento
606 318 763 349 innititur
775 321 852 349 edi-

126 357 256 395 ficium,
275 369 316 389 ne
330 359 524 390 collabatur.

165 402 362 442 Crepundia,
369 402 506 442 σιίγνιι,
514 413 588 442 quie
598 405 706 443 pueris
716 404 851 442 dantur,

126 449 166 474 ut
182 446 220 475 iis
240 445 383 476 ludendo
400 456 434 476 se
459 446 653 486 oblectent;
678 454 849 487 tamquam

125 488 276 526 monilia,
290 494 438 528 torques,
450 490 580 527 annuli,
598 492 802 531 crepitacula
815 498 849 522 et

123 531 257 562 similia.
279 542 319 562 ex
342 533 381 563 iis
395 533 545 564 solebant
561 540 619 564 aut
636 536 774 574 expositi
791 542 850 565 aut

123 576 212 614 rapti
227 584 248 605 a
270 576 478 615 praedonibus
496 582 555 607 «xc.
581 578 724 608 infantes
747 588 849 617 agno-

122 619 192 648 sci:
217 618 305 648 unde
331 618 535 661 γνηςίιμιη.
564 621 658 652 Brut.
680 625 734 656 91.
759 632 848 653 nunc

123 662 281 699 quoniam
312 667 423 692 totum
457 674 522 699 mv,
554 674 622 695 non
653 675 759 702 naevo,
789 672 849 695 aut

119 705 317 744 evepundiis,
328 706 386 736 scd
398 717 533 746 corpore
548 709 640 738 omni
653 708 770 738 videris
782 709 848 738 vel·

121 746 154 777 le
177 757 384 788 cognoscere.
410 750 474 779 vid.
491 751 629 781 Salmas.
649 751 690 782 ad
715 751 845 791 Vopise.

119 790 291 822 Aurelian.
308 803 336 822 c.
350 797 380 823 4.
404 799 430 824 t.
447 794 481 823 ii.
500 805 531 834 p.
547 796 622 824 «ιρι.

169 835 323 872 Ores-cere,
341 835 381 866 de
397 846 536 867 numero
552 847 674 867 reruni.
692 840 782 869 Sext.
794 840 845 869 32.

120 878 204 909 mihi
227 880 355 910 absenti
379 882 511 910 crevisse
531 882 694 911 inimicos.
719 882 845 912 ‘Areh.

119 922 151 952 6.
179 931 219 952 ex
243 922 294 953 his
316 923 436 954 studiis
469 923 539 953 haec
573 935 702 964 quoque
735 928 845 955 crescit

119 967 237 996 oratio.
283 965 366 996 Haec
395 971 446 996 est
475 967 573 997 lectio
603 968 755 1007 vulgata:
787 969 845 999 sed

111 1009 363 1039 ,emendatiores
378 1009 520 1040 hahent:
544 1018 710 1041 censetur.
727 1013 845 1051 probat

117 1055 233 1083 tamen
248 1053 418 1092 vulgatam
431 1055 597 1084 uesnerus
610 1056 642 1084 in
656 1055 842 1086 Chrestom.

119 1095 189 1125 Cic.
214 1106 248 1136 p.
275 1097 349 1128 943.
380 1098 399 1113 ⁸
416 1097 467 1127 Dc
495 1097 684 1128 hominibus
710 1099 842 1137 dicitur,

118 1139 175 1178 qui
198 1139 323 1170 famam
346 1141 491 1170 non-inis
507 1141 713 1181 gloriamque
729 1152 843 1172 conse-

116 1187 281 1220 quuntur,
306 1189 366 1214 aut
397 1185 532 1222 gratiosi
563 1185 653 1224 apud
682 1185 842 1225 populum

117 1225 220 1263 fiunt,
233 1236 339 1265 eoque
362 1227 421 1257 sibi
446 1228 531 1257 viam
556 1229 597 1258 ad
613 1228 753 1259 honores
770 1238 842 1259 mu-

116 1269 228 1300 niunt.
250 1269 346 1301 Rosc.
358 1271 468 1301 Amer.
484 1274 536 1302 30.
559 1281 749 1302 accusarem
761 1272 842 1302 alios

114 1313 242 1353 potius,
258 1324 297 1344 ex
313 1315 432 1353 quibus
449 1324 577 1354 possem
590 1325 739 1346 crescere.
763 1316 842 1346 Clu—

116 1363 186 1386 ent.
211 1358 262 1388 28.
293 1365 332 1387 ut
354 1367 393 1387 ex
415 1358 537 1388 invidia
551 1360 717 1389 senatoria
732 1364 842 1399 posset

114 1409 267 1431 crescere.
296 1401 388 1431 Verr.
411 1411 442 1430 v.
465 1403 518 1436 67.
547 1409 632 1432 extr.
655 1402 696 1431 de
726 1402 841 1433 multis

117 1443 201 1474 mihi
229 1454 368 1476 crescere
397 1444 521 1475 licebit.
552 1445 626 1476 add.
657 1446 773 1476 Burin.
801 1447 842 1476 ad

116 1487 213 1517 Ovid.
229 1486 309 1518 Her.
331 1490 378 1519 15.
407 1491 477 1522 117.

164 1530 274 1568 Creta,
289 1534 380 1562 terra
396 1531 557 1570 Asiatica,
575 1533 663 1573 (quae
678 1538 713 1562 et
730 1533 841 1563 Cimo-

114 1572 163 1604 lia
175 1573 310 1612 dicitnr,
323 1575 407 1605 Plin.
423 1586 518 1606 xxxv.
536 1577 581 1606 16.
603 1580 651 1610 17.
676 1577 716 1606 ab
732 1576 842 1607 insula

115 1617 216 1648 maris
243 1617 394 1656 Cretici,)
418 1628 494 1658 quae
515 1629 602 1658 aqua
625 1619 745 1649 molliri
768 1625 841 1660 pot-

112 1664 230 1703 est‚,et
249 1667 351 1693 tenax
372 1667 437 1700 est,
453 1672 518 1702 qua
533 1663 575 1692 ad
598 1662 708 1693 literas
731 1663 840 1703 obsig-

113 1704 240 1735 nandas
257 1705 449 1736 utebantur.
478 1706 584 1736 Flacc.
604 1708 653 1737 16.
680 1706 751 1737 haee
767 1717 840 1746 quae

112 1753 167 1778 est
183 1757 204 1778 a
218 1749 313 1779 nobis
337 1749 467 1789 prolata
488 1749 649 1787 laudatio,
666 1750 842 1789 obsignata

111 1795 187 1822 erat
215 1797 306 1823 creta
335 1793 394 1823 illa
424 1793 584 1830 Asiatica,
608 1803 674 1832 qua
695 1799 840 1824 utuntur

111 1843 229 1865 omnes
258 1835 292 1866 in
323 1836 466 1876 publicis
495 1837 695 1876 privatisque
722 1837 838 1868 literis.

117 1876 250 1909 &ecula
265 1886 318 1909 est
332 1881 433 1910 etiam
450 1881 484 1910 in
504 1879 594 1910 Verr.
611 1881 652 1910 iv.
669 1880 722 1910 2²6.

161 1921 320 1953 Getam.
349 1923 422 1954 Att.
445 1924 480 1953 ii.
497 1926 528 1954 3.
559 1924 707 1963 Pompeii
728 1923 838 1953 fasciae

111 1969 244 1996 cremae
258 1975 325 1996 non
341 1965 527 2006 placebant.
561 1967 647 1997 Nam
664 1967 774 1996 fasciae
791 1967 838 1997 al-

110 2008 175 2046 bae,
186 2009 321 2048 majoris
331 2010 515 2049 splendoris
531 2020 632 2040 causa
646 2010 761 2040 addita
771 2021 838 2040 cre—

110 2056 160 2089 ta,
177 2057 217 2082 ut
239 2053 274 2082 in
298 2053 379 2083 albis
398 2054 499 2093 togis,
517 2054 606 2084 inter
620 2054 717 2093 signa
730 2055 837 2093 regni.

110 2095 178 2126 vid.
192 2095 306 2127 fascia.

159 2139 314 2178 Creticus,
338 2145 389 2170 est
411 2149 469 2180 pes
492 2140 526 2169 in
550 2149 722 2170 versu—v.
741 2140 836 2171 Orat.

160 2225 276 2264 Credo,
299 2229 351 2257 est
374 2227 520 2267 spatium
549 2231 724 2266 temporis,
750 2225 839 2265 quod

110 2268 213 2300 datur
234 2269 349 2301 heredi
372 2280 393 2300 a
413 2274 573 2300 testatore
597 2270 640 2300 ad
653 2269 838 2300 deliberan-

110 2312 206 2351 dum,
238 2318 352 2345 utrum
383 2313 464 2344 velit
496 2313 716 2343 hereditatem
748 2312 837 2343 adire

111 2365 174 2387 nec
197 2366 250 2387 ne.
272 2358 345 2388 Att.
362 2358 406 2388 xi.
426 2359 474 2387 12.
501 2356 656 2387 Galeonis
673 2356 838 2386 heredita-

108 2406 180 2431 tem
207 2402 312 2431 crevi:
342 2406 424 2442 puto
451 2401 542 2430 enim
567 2401 737 2430 cretionem
758 2400 838 2430 sim·

109 2443 231 2483 plicem
260 2443 376 2482 fuisse,
402 2444 560 2484 quoniam
589 2443 630 2474 ad
660 2453 714 2474 me
745 2442 839 2473 nulla

110 2487 212 2518 missa
236 2491 299 2518 est.
326 2487 406 2518 ibid.
431 2488 499 2518 xiii.
525 2487 578 2518 46.
602 2488 698 2517 cretio
723 2485 837 2517 libera.

113 2530 219 2561 &etio
239 2530 344 2562 libera
365 2540 440 2571 qua».
456 2531 514 2568 sit,
531 2539 598 2560 non
614 2530 772 2560 convenit
788 2530 836 2560 in-

108 2578 164 2604 ter
185 2574 309 2606 doctos.
333 2575 448 2613 Cujae.
471 2574 550 2605 Obs.
568 2574 611 2604 ix.
627 2576 680 2608 ²29.
710 2573 836 2604 dictam

108 2623 208 2656 putat
230 2618 291 2655 ita,
307 2624 349 2649 ut
370 2617 572 2658 legationem
589 2617 741 2654 liberam,
757 2616 789 2646 h.
805 2626 834 2646 e.

108 2670 210 2698 quam
236 2662 328 2692 adire
356 2661 447 2698 licet,
471 2670 548 2691 cum
573 2660 720 2697 libuerit,
744 2660 836 2690 nullo

108 2709 203 2734 certo
224 2704 355 2736 dierum
378 2714 518 2735 numero
533 2705 732 2742 constituto,
747 2703 836 2742 quod

109 2747 183 2777 fieri
207 2747 307 2788 vulgo
330 2749 365 2779 in
386 2748 578 2778 cretionibus
599 2747 740 2778 solebat.
771 2746 836 2776 Sed

107 2791 268 2828 quoniam
292 2792 370 2823 huic
392 2791 606 2832 explicationi
629 2791 763 2821 obstant
779 2789 837 2820 illa

109 2833 228 2864 verba:
253 2837 427 2875 sexaginta
449 2835 578 2872 diebus,
593 2844 667 2875 quae
685 2844 702 2864 e
718 2833 835 2863 veteri-

108 2877 170 2907 bus
193 2876 285 2910 libris
301 2882 500 2910 revocarunt
514 2878 574 2909 viri
590 2878 699 2908 docti:
723 2877 835 2916 legen-

105 2919 190 2952 dum
212 2926 330 2952 censet
351 2931 429 2953 cum
452 2921 623 2954 nonnullis
646 2920 720 2952 edd.
742 2929 835 2952 sexa-

1532 145 1614 183 249

895 233 990 271 ginta
1010 232 1151 270 duobus,
1167 239 1206 266 ut
1227 236 1267 266 ad
1289 243 1391 268 testes
1413 239 1609 273 referantur.

892 275 957 305 Sed
983 276 1068 306 hanc
1096 276 1402 318 interpretationem
1428 283 1508 313 illud
1531 295 1609 315 con-

892 318 998 354 vellit,
1015 318 1102 358 quod
1118 323 1290 359 sexaginta
1304 323 1443 361 duobus,
1459 335 1503 354 sc.
1519 329 1609 358 testi·

892 362 966 398 bus,
989 362 1168 392 absurdum
1193 370 1255 400 est,
1279 374 1316 396 ut
1344 373 1431 396 recte
1458 369 1609 400 viderunt

892 405 1080 445 Malaspina
1094 412 1125 434 et
1144 406 1327 438 Manutius.
1340 410 1505 448 Quorsum
1520 414 1609 443 enini

891 452 961 479 tam
987 447 1110 478 multi?
1146 448 1259 488 ltaque
1283 454 1387 490 magis
1408 453 1488 483 mihi
1504 455 1609 493 placet

891 492 1038 522 Manutii
1077 492 1322 532 interpretatio,
1352 496 1406 533 qui
1443 502 1610 528 cretionem

892 535 1028 565 liberam
1045 535 1126 565 dicit
1143 545 1212 565 esse
1230 536 1447 568 hereditatem
1461 539 1608 577 liberam,

892 578 953 608 int.
970 589 990 608 a
1006 578 1115 617 legato
1129 591 1137 608 z
1163 589 1239 609 nam
1255 580 1388 610 coheres
1405 581 1609 613 Hordeonius

892 622 1000 661 legata
1022 621 1146 652 solvere
1169 623 1318 653 debebat.
1335 624 1481 664 Simplex
1498 633 1608 657 autem

889 667 985 695 metio
998 673 1062 702 est,
1074 675 1150 695 cum
1167 676 1254 696 uuus
1269 672 1374 697 totam
1391 667 1607 700 hereditatem

890 710 1010 745 cernit,
1027 707 1174 748 adeoque
1195 710 1390 740 coheredem
1408 711 1537 741 nullum
1554 712 1609 742 ha-

891 751 956 781 bet.
984 752 1098 782 Cicero
1124 754 1323 789 conjecerat,
1346 763 1381 784 se
1408 764 1512 784 unum
1539 765 1609 786 esse

889 794 1057 832 heredem,
1069 797 1225 834 quoniam
1243 806 1341 827 nemo
1357 797 1404 827 illi
1420 799 1608 837 scripserat,

888 848 922 867 se
946 848 1015 868 esse
1038 839 1246 876 coheredem,
1263 848 1296 870 et
1316 840 1535 872 hereditatem
1551 852 1609 882 pro

888 891 947 911 sua
970 890 1063 921 parte
1083 883 1232 912 crevisse.
1258 884 1406 914 Fortasse
1422 889 1535 915 tamen
1551 886 1610 916 ali-

887 926 959 963 quis
974 926 1068 956 malit
1079 926 1218 956 eandem
1231 934 1347 966 putare
1359 937 1434 957 cum
1446 938 1497 965 ea,
1508 938 1607 967 quani

889 968 1050 1008 Ulpianus
1075 970 1303 1010 imperfectam
1327 971 1419 1008 dicit,
1444 971 1476 1001 b.
1500 982 1528 1001 c.
1553 973 1607 1002 cui

887 1021 953 1042 non
978 1012 1127 1042 additum
1152 1019 1223 1043 est:
1248 1015 1272 1043 si
1292 1015 1378 1044 intra
1392 1019 1442 1044 tot
1457 1015 1526 1045 dies
1541 1024 1606 1046 non

886 1056 1038 1091 creveris,
1051 1056 1187 1086 exheres
1202 1063 1285 1087 esto.
1309 1058 1326 1074 ¹*
1338 1057 1431 1087 Orat.
1447 1058 1468 1087 i.
1481 1059 1533 1088 22.
1556 1059 1607 1089 De

886 1098 949 1135 his,
965 1099 1075 1135 credo,
1088 1100 1196 1136 rebus,
1208 1106 1246 1129 ut
1259 1101 1291 1130 in
1308 1102 1495 1131 cretionibus
1509 1102 1607 1132 scribi

885 1143 980 1179 solet,
1004 1143 1122 1181 quibus
1145 1144 1246 1173 sciam
1271 1150 1460 1183 poteroque.
1505 1145 1606 1175 Hunc

886 1184 995 1215 locum
1006 1186 1131 1225 optime
1143 1186 1435 1226 interpretabimur
1443 1197 1482 1217 ex
1492 1187 1606 1228 Ulpia-

885 1237 944 1258 no:
971 1228 1070 1259 Cretw
1085 1233 1144 1258 aut
1159 1229 1300 1269 vulgaris
1315 1230 1446 1267 dicitur,
1459 1237 1516 1261 aut
1528 1241 1607 1262 con·

883 1272 990 1302 tinua.
1006 1272 1172 1311 Vulgaris,
1185 1273 1219 1302 in
1235 1283 1301 1312 qua
1317 1273 1520 1312 adjiciuntur
1536 1274 1606 1305 haec

885 1316 1001 1345 verba:
1025 1316 1153 1354 Quibus
1169 1317 1281 1346 scieris
1298 1317 1495 1356 poterisque.
1519 1317 1606 1348 Con-

882 1359 993 1395 tinua,
1014 1359 1049 1388 in
1072 1369 1138 1398 qua
1160 1369 1226 1390 non
1248 1359 1461 1397 adiiciuntur.
1485 1371 1515 1390 v.
1536 1360 1605 1391 Tit.

883 1412 922 1431 ex
947 1402 1090 1442 Corpore
1114 1401 1190 1443 Ulp.
1212 1403 1267 1433 tit.
1284 1405 1336 1433 22.
1358 1404 1391 1433 in
1412 1414 1477 1443 quo
1499 1403 1606 1435 multa

883 1445 923 1475 de
954 1447 1156 1483 cretwnihus,
1179 1456 1199 1476 a
1223 1449 1252 1483 §-
1277 1448 1418 1483 ‘27—-34,
1440 1447 1497 1477 ubi
1529 1447 1604 1479 add.

883 1488 1026 1529 lnterpr.
1043 1490 1075 1519 in
1087 1489 1228 1529 Jurispr.
1245 1489 1472 1520 Ante-«lustin.
1488 1490 1606 1521 Schul-

882 1533 967 1571 ting.
991 1543 1022 1572 p.
1040 1534 1113 1563 642.
1137 1542 1206 1571 sqq.
1230 1533 1281 1564 De
1298 1534 1369 1573 ipso
1385 1534 1481 1564 verbo
1502 1533 1606 1565 Creti'o

882 1582 995 1605 autem
1031 1576 1104 1613 lege
1129 1576 1232 1606 Perit.
1261 1583 1377 1606 contra
1399 1575 1535 1607 Kuster.
1568 1578 1604 1608 iu

882 1619 1009 1649 Sanctii
1024 1618 1164 1649 Minerv.
1184 1629 1215 1659 p.
1231 1623 1304 1653 790.

931 1663 1068 1692 (έιήηιειι.
1098 1662 1191 1692 Vei-r.
1207 1663 1248 1692 iv.
1264 1666 1318 1694 45.
1334 1672 1403 1694 esse
1419 1663 1453 1693 in
1468 1664 1604 1694 crimine

882 1705 1017 1743 dicitur,
1045 1706 1101 1745 qui
1131 1711 1248 1736 auctor
1273 1705 1426 1737 facinoris
1452 1706 1603 1737 habetur.

881 1749 962 1779 Rab.
982 1749 1015 1779 P.
1034 1754 1065 1779 8.
1088 1749 1158 1779 haec
1174 1755 1212 1779 tu
1228 1750 1262 1779 in
1278 1751 1401 1780 crimen
1416 1750 1536 1780 vocas?

929 1792 1090 1823 Crimt'vwr
1110 1794 1236 1832 passive
1259 1793 1338 1832 Agr.
1361 1793 1407 1824 iii.
1421 1795 1453 1824 4.
1476 1795 1504 1824 si
1528 1803 1604 1823 vera

881 1841 932 1865 est
947 1835 1056 1865 lectio.

929 1878 1102 1909 Criminose
1122 1878 1230 1909 dicere
1246 1879 1342 1910 Rosc.
1366 1880 1441 1910 Am.
1459 1881 1512 1910 ⁶20.
1538 1884 1601 1917 est,

880 1932 957 1952 cum
981 1932 1154 1962 possumus
1177 1923 1303 1952 crimen
1327 1932 1392 1953 non
1415 1922 1512 1953 modo
1528 1933 1604 1963 pro-

883 1975 1018 2005 ponere,
1035 1965 1091 1995 sed
1114 1966 1216 1995 etiam
1239 1975 1359 2005 augere
1382 1971 1417 1996 et
1436 1966 1602 2006 probabile

881 2008 1015 2039 reddere
1042 2008 1225 2047 judicibus,
1254 2014 1291 2039 ut
1322 2018 1389 2039 non
1419 2009 1600 2039 confictum

880 2052 937 2082 sed
953 2062 1066 2082 verum
1083 2062 1154 2082 esse
1169 2058 1300 2093 putent.

928 2096 1131 2132 Criminosus,
1155 2097 1210 2135 qui
1227 2096 1392 2126 criminose
1408 2094 1499 2124 dicit.
1521 2094 1601 2126 Clu-

879 2145 950 2170 ent.
973 2142 1025 2170 34.
1057 2139 1119 2170 Res
1143 2144 1255 2169 autem
1279 2140 1449 2169 criminosa
1465 2138 1600 2176 dicitur,

880 2193 953 2222 quae
964 2183 1093 2212 crimini
1103 2182 1214 2219 datur,
1227 2188 1286 2213 aut
1297 2182 1366 2212 dari
1376 2187 1497 2222 potest.
1505 2181 1600 2212 verr.

880 2227 914 2257 ii.
930 2226 983 2260 67.
1008 2226 1067 2256 &c.

928 2270 1067 2306 Crocota,
1088 2273 1140 2299 est
1161 2268 1259 2299 vestis
1283 2267 1454 2298 muliebris
1469 2271 1505 2298 et
1519 2267 1603 2298 mol-

880 2312 961 2343 lium
986 2313 1143 2348 virorum,
1159 2316 1198 2341 ut
1217 2315 1309 2352 patet
1325 2321 1365 2342 ex
1388 2311 1445 2342 Or.
1463 2311 1504 2341 de
1519 2311 1602 2342 Har.

878 2356 977 2396 Resp.
995 2358 1046 2386 91.
1070 2355 1106 2385 P.
1123 2354 1257 2385 Clodius
1271 2364 1292 2384 a
1305 2360 1439 2391 croc-oea,
1451 2364 1471 2385 a
1488 2354 1601 2392 mitra,

879 2409 900 2430 a
914 2399 1130 2430 muliebribus
1146 2398 1242 2428 soleis
1259 2399 1318 2428 occ.
1336 2397 1471 2428 Habent
1485 2402 1601 2428 autem

880 2452 1002 2473 nomen
1025 2442 1075 2472 vel
1098 2451 1117 2471 a
1138 2451 1243 2472 croceo
1265 2440 1386 2478 colore,
1403 2440 1452 2471 vel
1474 2439 1536 2471 ἐπὶ
1549 2441 1601 2474 τῖε

879 2485 995 2528 agitne,
1014 2485 1046 2516 h.
1070 2495 1098 2515 e.
1121 2484 1310 2515 subtemine
1333 2484 1497 2521 densiore,
1513 2484 1601 2523 quod

879 2539 952 2568 quae
976 2529 1114 2565 habent,
1134 2527 1300 2558 molliores
1321 2533 1403 2558 sunt
1425 2532 1546 2565 vestes,
1563 2531 1603 2558 ut

879 2577 977 2612 putat
999 2572 1137 2602 Salmas.
1160 2571 1202 2601 ad
1225 2571 1404 2611 Capitolio.
1436 2570 1602 2601 Pei-tinae.

879 2619 909 2646 8.
942 2623 968 2646 t.
994 2616 1016 2645 i.
1044 2624 1118 2656 pag.
1146 2616 1219 2648 547.
1249 2624 1275 2644 s.
1306 2613 1357 2644 vel
1387 2613 1531 2653 denique
1561 2613 1602 2644 ab

878 2666 1042 2697 utroque5
1074 2657 1163 2696 quod
1189 2663 1296 2688 vestes
1321 2657 1472 2688 densiore
1493 2660 1603 2687 trama

878 2701 946 2732 fere
969 2711 1066 2732 croco
1089 2701 1318 2731 inficerentur.
1333 2700 1374 2731 de
1390 2710 1431 2730 ea
1445 2699 1509 2730 vid.
1525 2699 1601 2730 Fer·

878 2755 941 2776 rar.
958 2745 1005 2776 Re
1026 2745 1117 2775 Vest.
1133 2744 1179 2774 iii.
1197 2747 1226 2775 5.
1250 2754 1283 2783 p.
1304 2746 1373 2777 189.
1397 2747 1432 2774 et
1447 2752 1476 2773 c.
1493 2745 1546 2774 20.
1569 2752 1603 2783 p.

878 2790 951 2819 241.
978 2787 1116 2819 Salmas.
1139 2787 1181 2817 ad
1194 2786 1338 2818 Tertull.
1353 2787 1393 2817 de
1410 2785 1509 2827 pallio
1525 2794 1601 2826 pag.

877 2833 951 2867 329.
974 2841 989 2862 s
1015 2853 1022 2861 .

926 2841 1104 2906 Crot‘lzlum.
1134 2873 1199 2904 Pis.
1214 2877 1246 2909 9.
1276 2882 1384 2913 neque
1398 2871 1535 2912 collega
1550 2872 1601 2903 tui

878 2917 1030 2959 cymbala
1058 2923 1093 2950 et
1113 2918 1240 2951 crotala
1270 2917 1354 2958 fugi.
1399 2916 1460 2950 Est
1487 2918 1602 2955 autem
