1790 3219
177 85 260 122 432

176 189 319 220 quorum
343 190 479 212 eausam
503 186 715 222 receperunt,
732 188 772 214 ut
795 183 833 214 iis
853 193 920 213 non

175 225 221 254 sit
237 226 475 261 necessarium,
488 226 640 265 quamvis
657 227 837 257 manifesta
851 237 921 257 sce-

175 267 246 298 lera
261 268 449 299 defendere.
473 268 547 300 Mil.
569 273 617 301 13.
640 272 746 301 solum
763 276 919 311 praetura.

175 310 247 342 Att.
265 313 299 342 ii.
327 315 375 344 18.
407 323 484 343 eum
508 313 618 345 videas
642 313 849 344 voluntatem
875 315 920 344 ci-

172 355 286 386 vitatis
330 358 484 394 solutam,
528 358 688 388 virtutem
735 357 919 397 alligatam.

172 398 280 439 *Aga
297 400 343 430 iii.
362 402 391 431 2.
420 402 527 431 soluta
548 402 684 441 praedia,
702 407 920 441 opponuntur

172 442 339 483 obligatis.
380 443 525 474 ⁸*Plana
550 448 602 475 30.
631 447 756 475 solutus
779 445 918 484 opponi-

171 492 230 517 tur
241 487 284 524 ei,
295 487 351 527 qui
363 487 517 518 maximis
527 488 765 518 beneficiorum
778 487 917 517 vinculis

171 530 351 562 obstrictus
366 536 428 562 est.
460 531 600 563 *Deion
622 535 647 561 1.
678 533 801 562 solutus
816 541 916 570 oppo-

171 574 265 605 nitur
299 575 322 612 i,
339 576 396 615 qui
411 578 461 605 est
476 575 510 604 in
527 574 680 614 equuleo.
714 575 732 592 ’³¹²
745 575 915 611 remissus,

170 617 354 658 negligens.
381 618 588 649 Catil.ii.1‘2.
614 628 689 648 mea
700 618 820 648 lenitas
832 619 916 648 solu-

168 662 230 691 tior
239 662 308 692 visa
316 667 377 692 est.
389 661 533 691 *facilis.
546 661 586 691 ad
598 662 673 692 Div.
684 661 763 695 vi.7.
773 663 915 692 sulatum

168 705 381 735 existimatur
393 715 476 742 esse,
491 704 586 735 alteri
600 705 810 736 maledicere.
829 707 847 725 θ
859 705 914 735 de-

168 747 332 785 bilitatus,
345 748 399 779 cui
416 748 507 778 nervi
524 750 647 779 exsecti
666 751 755 778 sunt.
779 749 858 788 Agr.
877 749 911 779 ii.

167 794 220 823 33.
237 793 314 822 urbs
329 794 444 822 soluta.
475 791 544 821 =‘'de
568 792 758 823 hominibus
782 793 913 830 facetis,

168 835 225 875 qui
250 835 350 866 libere
375 835 486 866 rident
509 837 633 866 omnia.
674 837 774 867 Dom.
800 839 852 870 39.
884 837 913 867 O

167 880 256 909 rem!
290 889 391 918 quam
420 880 516 910 soluti
544 879 696 910 homines
720 880 826 910 ridere
844 890 912 910 non

166 921 331 953 desinant.
361 922 574 953 *absolutus
616 923 687 953 Mil.
720 926 751 954 4.
788 923 911 954 scelere

163 967 294 997 solutus.
323 966 465 997 *orator
487 969 609 997 solutus
634 971 685 997 est
710 967 830 1007 primo,
855 968 911 1007 qui

163 1008 296 1040 facilem
327 1015 362 1040 et
391 1010 568 1041 volubilem
609 1010 760 1050 linguam
799 1011 911 1042 habet.

164 1053 259 1084 Brut.
276 1057 329 1087 47.
357 1055 481 1084 solutus
504 1055 538 1084 in
554 1054 760 1094 explicandis
776 1060 916 1085 senten-¹

163 1097 229 1127 tiis.
262 1097 340 1128 ibid.
364 1098 470 1128 verbis
493 1099 603 1128 solutis
630 1099 721 1128 satis.
753 1098 831 1128 ibid.
857 1101 909 1129 48.

163 1142 376 1172 solutissimns
387 1142 420 1171 in
434 1141 586 1172 dicendo.
612 1141 744 1178 deinde,
758 1141 792 1171 in
807 1143 910 1172 actio-

164 1194 205 1214 ne
230 1185 407 1216 remissior.
437 1186 531 1216 Brut.
552 1187 604 1216 62.
636 1190 707 1215 tam
730 1187 853 1216 solutus
875 1192 909 1216 et

163 1227 273 1259 mollis
304 1229 338 1258 in
366 1234 462 1268 gestu
490 1230 549 1260 ἃς.
579 1230 694 1266 tertio,
723 1229 778 1268 qui
811 1230 910 1260 verba

161 1275 240 1311 apte
257 1271 432 1311 collocare,
450 1273 538 1312 quod
553 1273 679 1303 vincire
695 1272 833 1310 dicitur,
851 1283 908 1303 ne-

161 1315 235 1346 scit.
264 1316 321 1346 Or.
340 1318 392 1348 52.
417 1317 522 1346 verbis
538 1317 648 1347 solutis
671 1325 828 1346 numeros
844 1317 908 1356 pri-

162 1369 237 1390 mus
253 1359 417 1399 adjunxit.
441 1359 483 1390 ef.
499 1359 593 1390 Brut.
609 1364 662 1394 79.
680 1360 741 1390 ἃς.

205 1403 341 1434 Sonare.
366 1403 436 1434 Fin.
454 1404 488 1433 ii.
509 1407 557 1434 15.
581 1404 673 1434 inani
688 1413 767 1433 voce
782 1414 906 1434 sonare.

158 1446 258 1478 Arch.
272 1450 320 1477 10.
331 1450 413 1477 extr.
430 1451 538 1487 poetae
549 1448 671 1487 pingue
685 1447 844 1487 quiddam
859 1458 907 1478 so-

156 1495 281 1521 nantes.
306 1490 378 1521 Fin.
394 1491 470 1522 ii.2.
495 1491 574 1530 quid
584 1496 670 1522 sonet
681 1500 742 1520 vox
755 1491 907 1532 volupta-

157 1534 211 1564 tis.
240 1534 336 1564 Brut.
363 1537 415 1569 74.
446 1535 582 1565 sonabat
611 1534 816 1565 contrarium
844 1535 906 1565 Ca-

157 1577 244 1615 tulo,
261 1578 456 1618 subagreste
472 1578 631 1618 quiddam
650 1579 711 1609 &c.

201 1620 359 1652 Somnus.
392 1622 457 1661 adj.
485 1621 526 1652 ad
542 1623 618 1653 Div.
634 1623 676 1651 vi.
692 1623 724 1652 6.
756 1622 904 1662 tripudia

155 1666 296 1696 sonivia:
326 1670 419 1702 sunt,
443 1675 520 1696 cum
552 1666 618 1696 offa
648 1665 773 1695 excidit
804 1665 903 1706 pullis

153 1709 382 1748 pascentibus,
395 1714 429 1739 et
445 1710 480 1739 in
498 1714 624 1740 terram
642 1708 764 1739 cadens
781 1719 902 1740 sonum

156 1752 251 1783 facit.

197 1795 378 1835 Sfflhisma.
411 1796 513 1827 Acad.
540 1797 583 1827 iv.
609 1798 661 1827 24.
691 1797 901 1836 sophismata,

152 1839 199 1869 sic
230 1840 322 1870 enirn
353 1839 564 1881 appellantur
596 1839 732 1871 fallaces
764 1840 899 1872 conclu-

153 1883 328 1913 siunculae.

194 1925 366 1967 sophistes.
390 1927 491 1958 Acad.
508 1928 550 1958 iv.
568 1930 621 1960 23.
647 1927 704 1967 qui
721 1927 788 1958 sit?

194 1969 341 2001 Sorbere.
379 1971 421 2002 ad
445 1972 486 2011 Ω.
514 1971 565 2002 Fr.
594 1972 640 2002 iii.
668 1976 699 2006 9.
732 1972 797 2002 ista
823 1973 901 2003 odia

149 2023 218 2044 non
241 2014 350 2045 solum
372 2017 489 2053 sorbeo,
506 2015 564 2046 sed
587 2016 690 2045 etiam
714 2025 899 2055 concoquo.

150 2057 236 2089 Phil.
259 2059 303 2089 xi.
321 2061 350 2090 5.
381 2059 462 2099 quid
485 2069 564 2089 eum
588 2069 656 2089 non
677 2059 803 2089 sorbere
826 2060 898 2090 ani-

149 2102 227 2132 mo?
253 2102 333 2141 quid
348 2112 416 2133 non
431 2103 565 2134 haurire
583 2103 787 2142 cogitatione
801 2103 814 2133 ?
841 2113 898 2134 cu-

141 2144 198 2184 jus
214 2147 413 2185 sanguinem
432 2156 500 2177 non
516 2147 627 2177 bibere
641 2147 807 2177 censetis?

193 2189 323 2228 Sordes,
335 2191 487 2227 avaritia,
499 2197 646 2229 quaestus
658 2191 777 2230 turpis.
803 2191 844 2221 ad
856 2191 896 2231 Ω.

147 2232 198 2263 Pr.
211 2233 233 2264 i.
250 2237 276 2263 1.
289 2244 316 2264 c.
327 2237 357 2265 3.
375 2234 452 2265 nolo
465 2241 498 2264 te
511 2234 774 2273 uniuscujusque
791 2235 897 2264 sordes

146 2278 300 2307 serutari.
329 2277 432 2308 Attio.
457 2278 500 2308 iv.
525 2278 574 2308 16.
598 2278 754 2316 judicum
777 2279 895 2309 sordes.

146 2319 252 2350 naec.
270 2324 301 2352 3.
332 2321 460 2352 nullam
483 2322 608 2352 sordem
631 2322 665 2351 in
687 2331 721 2351 re
737 2321 894 2353 familiari

145 2363 283 2403 proferri
298 2375 406 2404 posse.
437 2365 572 2396 Muren.
588 2366 642 2397 36.
665 2365 809 2405 populus
827 2375 893 2395 non

143 2411 236 2437 amat
266 2408 415 2447 profusas
442 2409 571 2449 epulas,
597 2409 705 2439 sordes
731 2415 766 2439 et
795 2409 894 2439 inhu-

144 2451 340 2482 manitatem
358 2453 466 2483 multo
483 2453 606 2483 minus.
630 2452 768 2483 *omnis
785 2453 893 2492 turpi-

143 2493 225 2524 tudo
253 2496 357 2525 animi
384 2501 419 2526 et
445 2497 521 2526 vitae
544 2501 579 2526 et
611 2496 755 2535 generis.
795 2496 892 2526 Brut.

144 2537 196 2568 69.
223 2539 328 2569 sordes
344 2538 488 2570 fortunae
504 2544 540 2570 et
555 2541 643 2570 vitae.
673 2539 751 2570 Vat.
772 2542 798 2570 l.
823 2550 892 2570 sor-

142 2580 197 2610 des
225 2581 427 2613 domesticae.
463 2583 541 2613 ibid.
576 2586 606 2613 5.
644 2583 891 2614 adolescentiae.

143 2624 221 2654 Sen.
239 2635 271 2664 p.
289 2625 328 2655 R.
345 2629 375 2656 4.
405 2637 499 2658 mens
514 2627 649 2667 oppleta
662 2627 817 2657 sordibus.
850 2627 892 2657 ad

141 2667 220 2698 Div.
244 2669 311 2698 viii.
345 2672 392 2699 14.
428 2680 505 2700 nam
533 2671 637 2701 sordes
666 2671 780 2701 eluere
807 2671 890 2701 vult.

141 2710 214 2741 *de
231 2711 350 2741 infima
363 2712 469 2752 plebe.
498 2714 569 2745 Att.
588 2715 608 2744 i.
630 2714 679 2745 16.
712 2714 801 2754 apud
823 2724 891 2744 sor-

141 2754 214 2785 dem
242 2755 332 2785 urbis
362 2760 397 2785 et
418 2756 538 2787 fecem.
575 2758 710 2788 *sordes
737 2763 817 2788 sunt
841 2764 891 2788 et-

141 2798 208 2828 iam
232 2798 267 2828 in
291 2798 398 2829 luctu.
428 2800 468 2830 ad
492 2802 568 2832 Div.
584 2802 647 2831 xiv.
664 2803 695 2832 2.
722 2801 838 2840 jacere
855 2802 888 2832 in

142 2841 287 2872 lacrimis
303 2845 337 2872 et
350 2844 504 2874 sordibus.

187 2885 392 2925 Sordidatus,
416 2886 579 2919 sordidus.
611 2888 676 2920 Pis.
701 2890 754 2922 27.
785 2889 888 2920 sorde·-

710 94 854 123 mnlzx
887 93 1182 123 LA'rle'rA'rls.

965 183 1036 213 dati
1051 183 1132 213 servi
1151 182 1354 213 ministrant.
1386 182 1405 201 ¹*
1417 183 1458 213 de
1474 193 1541 215 reo.
1573 184 1639 215 Pis.
1654 187 1709 217 41.

965 236 1027 256 nec
1045 227 1156 256 minus
1181 226 1325 256 libenter
1349 231 1558 258 metuentem
1581 227 1714 267 videbo,

965 280 1006 300 ne
1034 280 1107 300 reus
1135 271 1206 308 fias,
1232 280 1330 308 quam
1361 279 1473 300 reum:
1511 281 1572 302 nec
1598 272 1711 302 minu}

963 313 1103 344 laetabor
1118 324 1195 344 cum
1210 321 1245 343 te
1261 323 1394 353 semper
1409 314 1594 353 sordidum,
1608 325 1709 355 quam

962 357 988 387 si
1006 356 1188 398 paullisper
1200 357 1401 388 sordidatum
1420 358 1578 388 viderem.

1007 400 1176 432 Sordidus.
1208 402 1265 431 Or.
1299 401 1347 430 iii.
1377 402 1430 432 32.
1458 401 1616 432 sordidior
1645 412 1710 440 ars,

962 443 1086 473 dicitur
1113 444 1153 474 de
1181 448 1251 474 arte
1279 443 1450 475 sellularia
1477 451 1512 475 et
1543 444 1708 477 illiberali.

965 487 1110 527 *turpis
1137 488 1176 518 ad
1201 488 1277 518 Div.
1295 489 1349 519 xii.
1371 491 1397 518 l.
1429 493 1468 518 ut
1493 489 1575 519 mihi
1600 489 1712 520 videa-

961 539 1037 560 mur
1052 540 1152 560 omne
1171 531 1242 570 jam
1260 536 1395 571 tempus
1413 528 1453 562 ab
1470 531 1527 562 illo
1545 532 1711 564 duntaxat

958 574 1170 604 sordidissimo
1206 575 1356 614 periculo
1392 576 1458 606 tuti
1494 576 1620 607 futuri:
1659 587 1705 607 sc.

959 617 1047 656 quod
1064 627 1083 646 a
1105 617 1176 647 fece
1201 618 1315 658 populi
1339 619 1550 657 imminebat,
1569 629 1643 659 quae
1667 620 1708 651 ad

960 661 1096 691 bustum
1114 661 1256 691 Caesaris
1273 664 1549 702 congregabatur.
1577 663 1646 695 Att.
1663 664 1708 694 ix.

957 709 988 738 9.
1027 705 1181 735 omnium
1209 705 1424 745 turpissimus
1457 712 1491 737 et
1527 707 1707 738 sordidissi-

959 758 1044 778 mus.

1001 791 1134 822 Sorites.
1180 791 1283 822 Acad.
1314 792 1357 822 iv.
1393 793 1443 823 16.
1477 795 1529 828 29.
1570 803 1600 825 v.
1632 793 1708 826 Ind.

959 835 1064 866 Graec.

1001 878 1087 909 Sors.
1118 878 1195 910 Div.
1212 880 1246 909 ii.
1261 882 1314 910 33.
1345 883 1456 916 sortes,
1480 889 1554 919 quae
1578 879 1707 912 ducun-

954 926 1024 959 tur,
1045 932 1112 952 non
1137 933 1210 962 quae
1234 923 1476 953 vaticinatione
1499 923 1705 963 funduntur,

954 976 1029 1005 quae
1054 967 1192 996 oracula
1217 967 1326 997 verius
1351 967 1505 997 dicimus.
1541 967 1583 998 cf.
1608 968 1630 998 i.
1658 971 1705 1000 18.

953 1010 972 1028 *ἱ
985 1019 1109 1040 munus
1126 1010 1350 1050 quodcunque
1371 1014 1457 1040 sorte
1484 1010 1650 1049 delatum,
1667 1016 1707 1043 ut

954 1054 1147 1093 provinciae,
1179 1054 1205 1083 si
1246 1064 1300 1084 eas
1339 1055 1555 1094 magistratus
1595 1056 1703 1087 sortiti

953 1102 1049 1134 suat,
1067 1100 1258 1136 quaesturae,
1284 1107 1407 1128 munus
1433 1099 1617 1129 scribarum
1643 1101 1704 1130 &c.

954 1141 1068 1171 Plauc.
1094 1143 1147 1174 527.
1187 1151 1373 1180 numquam
1401 1152 1439 1172 ex
1469 1142 1552 1172 urbe
1583 1142 1705 1182 abfuit,

953 1185 1017 1214 nisi
1039 1188 1134 1215 sorte.
1166 1183 1209 1214 cf.
1225 1184 1301 1215 Act.
1319 1186 1340 1214 i.
1356 1184 1449 1215 Verr.
1467 1188 1498 1216 8.
1530 1186 1565 1216 in
1590 1186 1702 1218 Caecil.

956 1231 1005 1259 14.
1047 1228 1147 1258 Catil.
1178 1228 1220 1258 iv.
1252 1231 1283 1263 7.
1323 1228 1364 1258 ad
1396 1229 1472 1259 Div.
1500 1229 1535 1259 ii.
1566 1232 1614 1264 19.
1645 1230 1705 1262 διο.

951 1271 1077 1302 *sortes
1100 1281 1232 1311 aequare
1257 1276 1310 1302 est
1333 1282 1392 1312 pro
1417 1272 1549 1303 Cornel.
1565 1278 1600 1303 et
1623 1273 1702 1305 Div.

950 1316 972 1346 i.
993 1319 1042 1346 18.
1074 1315 1199 1346 Eadem
1224 1316 1332 1346 forma
1354 1322 1406 1346 est
1430 1316 1520 1356 apud
1543 1316 1703 1350 Plautum

952 1359 1063 1389 Casin.
1093 1360 1126 1390 ii.
1151 1361 1182 1390 6.
1222 1360 1276 1389 ubi
1301 1360 1337 1389 in
1367 1361 1544 1391 sortitione
1570 1360 1701 1392 Stalino

950 1403 1032 1433 dicit
1062 1403 1177 1433 uxori:
1216 1413 1300 1433 uxor
1334 1413 1449 1443 aequa:
1488 1405 1550 1434 int.
1581 1408 1701 1435 sortes.-

949 1447 1004 1486 qui
1033 1447 1124 1477 locus
1148 1450 1199 1477 est
1222 1447 1398 1477 classicus:
1431 1447 1471 1478 ad
1495 1458 1594 1487 quem
1619 1448 1702 1480 adeo

948 1490 1081 1520 videndi
1113 1491 1324 1530 interpretes.
1372 1491 1517 1522 Pronum
1554 1495 1619 1529 est,
1649 1492 1701 1524 in-

948 1534 1113 1574 telligere,
1130 1544 1225 1574 pares
1241 1534 1364 1572 facere,
1381 1540 1420 1564 ut
1444 1535 1528 1565 nihil
1552 1536 1699 1574 intersit,

948 1587 1010 1608 nec
1027 1578 1118 1608 fraus
1135 1579 1205 1608 fieri
1224 1579 1328 1618 possit
1352 1578 1387 1608 in
1410 1578 1602 1609 educendo:
1634 1579 1701 1612 Sed

947 1621 1112 1651 Patricius
1144 1622 1185 1652 ad
1218 1621 1426 1652 Cornelianae
1454 1622 1574 1662 fragm.
1602 1627 1701 1664 putat

948 1675 1032 1703 esse,
1050 1665 1214 1696 movenda
1235 1675 1322 1695 urna
1344 1665 1550 1696 confundere
1575 1675 1615 1696 ac
1637 1666 1701 1698 mi-

946 1719 1048 1739 scere.
1095 1708 1132 1739 Id
1163 1709 1330 1748 quomodo
1360 1710 1432 1739 fieri
1457 1710 1616 1749 potuerit,
1639 1710 1699 1742 ubi

946 1762 1033 1782 urna
1049 1753 1150 1793 plena
1169 1757 1256 1783 esset
1280 1762 1388 1792 aquae,
1403 1757 1443 1783 ut
1467 1754 1501 1783 in
1524 1753 1700 1785 sortitione

947 1796 1114 1833 Plautina,
1143 1801 1177 1826 et
1204 1806 1305 1836 quare
1334 1796 1368 1826 id
1397 1796 1541 1834 dicatur,
1569 1807 1699 1837 oequare

944 1844 1058 1878 sortes,
1085 1850 1152 1870 non
1179 1841 1260 1870 satis
1291 1840 1399 1870 video.
1446 1840 1533 1871 Nam
1565 1840 1697 1873 Stalino

937 1884 1038 1922 jubet
1067 1888 1172 1914 sortes
1210 1894 1341 1923 aequare
1375 1885 1447 1923 jam
1487 1884 1632 1924 dejectas
1661 1885 1696 1916 in

945 1938 1063 1958 urnam
1089 1938 1166 1957 cum
1191 1938 1287 1967 aqua.
1335 1927 1411 1957 Non
1434 1928 1516 1958 satis
1540 1933 1622 1968 puto
1646 1928 1697 1960 in-

943 1971 1063 2011 telligi,
1096 1976 1135 2001 ut
1169 1981 1259 2002 nunc
1291 1977 1355 2009 est,
1387 1971 1468 2010 quid
1502 1973 1559 2011 sit,
1590 1976 1696 2004 sorte·

943 2025 1088 2054 aequare.

986 2059 1181 2098 sortilegus,
1198 2059 1255 2098 qui
1278 2068 1337 2099 per
1356 2062 1461 2089 sortes
1477 2057 1594 2089 futura
1608 2069 1694 2100 prm-

942 2102 1036 2133 dicit.
1060 2103 1138 2133 Div.
1157 2103 1178 2132 i.
1199 2106 1252 2133 58.

985 2146 1128 2177 Sor-titio.
1164 2145 1278 2176 Plane.
1306 2147 1358 2176 22.
1389 2147 1510 2176 sortitio
1539 2145 1693 2185 aedilitia,

941 2190 993 2228 fit,
1017 2200 1095 2220 cum
1126 2191 1362 2230 competitores
1393 2189 1564 2220 aedilitatis
1595 2199 1691 2230 paren

941 2234 1107 2273 suffragiis
1131 2239 1223 2264 sunt.
1253 2234 1294 2263 de
1310 2243 1350 2262 ea
1363 2233 1430 2263 vid.
1447 2232 1635 2263 Gesnerum
1650 2233 1692 2265 V.

941 2277 1010 2308 Cel.
1028 2278 1070 2308 ad
1091 2277 1186 2308 Varr.
1207 2277 1248 2307 R.
1265 2277 1305 2308 R.
1320 2276 1368 2307 iii.
1384 2276 1447 2306 ult.
1479 2277 1563 2307 Phil.
1584 2277 1619 2307 ii.
1635 2280 1689 2309 33.

937 2324 1059 2352 sortitio
1087 2321 1326 2361 praerogativae.
1366 2320 1432 2350 vid.
1457 2320 1690 2361 praerogativa.

938 2365 980 2395 ad
994 2365 1036 2405 Q.
1053 2364 1104 2395 Fr.
1122 2365 1157 2394 ii.
1179 2367 1205 2394 1.
1229 2363 1527 2403 sortitiojudicum.
1553 2363 1690 2396 Cluent.

936 2409 990 2440 46.
1013 2412 1053 2439 ut
1067 2409 1231 2439 sortitione
1246 2409 1281 2438 in
1301 2407 1461 2447 quosdam
1479 2407 1690 2439 animadver-

937 2458 1082 2483 teretur.

982 2495 1114 2532 Sortito,
1132 2505 1191 2535 per
1205 2495 1428 2525 sortitionem.
1461 2494 1503 2525 ad
1520 2495 1599 2526 Div.
1617 2495 1689 2526 viii.

937 2542 967 2570 8.
1003 2550 1058 2570 eos
1085 2541 1196 2570 sortito
1223 2539 1258 2569 in
1286 2539 1472 2579 provincias
1498 2539 1588 2569 mitti
1616 2538 1688 2580 pla·

936 2593 1020 2613 cere.
1051 2583 1146 2613 verr.
1163 2584 1198 2613 ii.
1214 2585 1268 2614 51.
1298 2581 1351 2612 lex
1366 2581 1458 2612 Jovis
1475 2581 1685 2614 sacerdotem

934 2629 1043 2658 sortito
1058 2627 1131 2667 capi
1141 2627 1251 2666 jubet.
1618 2639 1621 2643 ·

979 2670 1133 2702 Sm‘te‘cus.
1166 2670 1266 2701 Dom.
1288 2673 1334 2704 19.
1365 2668 1458 2708 quid,
1477 2668 1502 2698 si
1519 2669 1622 2700 etiam
1640 2669 1683 2700 de

935 2714 1084 2754 pluribus
1116 2714 1213 2744 rebus
1252 2722 1321 2742 uno
1358 2713 1476 2742 sortitu
1514 2713 1680 2744 retulisti?

931 2758 1022 2798 Quid
1044 2759 1080 2788 in
1103 2757 1275 2797 rogatione
1301 2755 1441 2786 ferenda
1470 2756 1602 2787 sortitio
1623 2757 1681 2795 sit,

933 2811 1033 2832 nemo
1057 2802 1280 2840 interpretum
1306 2799 1560 2830 demonstravit.
1608 2799 1682 2830 Ma-

933 2847 1048 2876 nutius
1064 2845 1147 2875 adeo
1162 2848 1356 2884 suspectum
1376 2844 1476 2874 habet
1495 2843 1535 2873 de
1559 2843 1682 2874 mendo

933 2888 1059 2928 locum,
1089 2893 1125 2920 et
1161 2887 1391 2929 reponendum
1433 2891 1549 2918 censet
1584 2888 1682 2919 ecies·
