1800 3131
126 86 209 123 358

175 181 396 222 Mammam,
428 193 533 223 genus
567 185 745 226 placentae,
773 188 859 227 quod

135 225 231 265 quale
247 226 361 265 fuerit,
379 227 461 258 Cato
486 228 526 258 de
552 240 587 259 re
613 231 738 261 rustica
763 242 864 272 expo-

134 270 214 300 suit.
229 281 260 300 v.
279 270 358 300 Lex.
382 271 476 302 Fabr.
499 272 539 302 ab
564 272 625 304 hoc
653 276 862 314 proverbium

136 312 208 344 Att.
224 324 254 344 v.
273 316 324 345 20.
347 314 530 346 laureolam
546 317 579 347 iu
598 323 758 348 mustaceo
773 328 864 357 quae-

136 367 222 387 rere.

181 400 356 432 Museosus.
371 402 411 442 Ω.
428 402 479 433 Fr.
495 403 540 433 iii.
563 407 589 434 l.
607 415 636 434 c.
649 407 679 435 2.
691 403 874 446 ἀποδυτηρίῳ

140 443 225 475 nihil
240 445 353 482 alsius,
372 446 454 476 nihil
479 449 670 478 muscos-ius.-
702 458 768 478 non
788 449 866 486 quia

138 497 290 519 muscum
320 488 476 526 habebat,
497 491 554 520 scd
584 493 662 530 quia
691 501 799 530 aeque,
827 500 865 520 ac

139 541 268 563 muscus
296 532 332 562 in
362 533 507 563 humidis
538 534 631 572 locis,
666 535 865 564 delectabat.

138 575 328 606 Manutius.

182 619 400 650 Mutabilitas.
423 620 522 650 Tuse.
539 621 582 650 iv.
596 623 648 651 34.
673 621 867 651 inconstan-

137 663 187 693 tia
202 664 464 703 mutabilitasque
477 664 611 693 mentis.

182 706 328 743 sufflari,
353 707 392 736 de
427 707 498 736 cibo
530 707 686 737 confecto
717 708 752 738 in
781 707 865 737 alvo.

139 748 219 780 Nat.
239 751 281 780 D.
298 751 331 779 ii.
349 752 400 780 54.
423 750 470 779 sic
491 750 598 781 Graeci
616 751 734 781 dicunt
753 752 866 781 cibum

139 793 402 832 μετειέάλλεσθαι.

182 836 335 867 Mutatio.
352 846 411 876 pro
421 838 668 875 permutatione
686 840 745 868 est.
762 838 826 868 Off.
845 839 866 868 i.

143 883 174 912 7.
197 880 236 910 it.
262 880 318 910 Or.
350 880 395 909 iii.
424 883 477 911 38.
512 881 569 911 ubi
593 885 707 911 tamen
736 883 867 912 variant

136 922 224 953 libri.

180 966 343 997 Mutatus.
369 966 486 997 Partit.
513 971 544 1001 7.
579 973 709 998 mutata
735 969 864 999 oratio:

140 1010 257 1040 eadem
275 1016 337 1047 est,
354 1020 426 1050 quae
443 1020 611 1041 conversa.
628 1022 658 1041 v.
678 1021 866 1043 conversus.

138 1055 373 1084 commutatio.

180 1097 360 1135 Mummio,
385 1107 529 1128 versura.
560 1098 660 1129 Tuse.
678 1100 699 1129 i.
717 1101 770 1130 42.
794 1100 866 1129 sine

135 1143 338 1171 mutuatione
350 1141 536 1171 dissolvere.
550 1142 607 1172 Or.
623 1143 669 1173 iii.
688 1145 740 1173 38.
758 1150 865 1173 traus-

136 1184 277 1215 lationes
295 1185 470 1215 verborum
487 1191 567 1216 sunt
582 1187 675 1225 quasi
692 1188 865 1217 nzutuatio-

137 1238 203 1258 nes.

181 1272 308 1302 Mutus.
332 1271 403 1302 Att.
419 1272 487 1302 viii.
509 1275 558 1303 14.
583 1277 717 1314 tempus
734 1278 865 1304 mutum

138 1314 290 1345 aliteris.
314 1314 370 1344 Or.
388 1316 433 1345 iii.
463 1320 493 1350 7.
519 1322 606 1346 artes
633 1318 726 1356 quasi
754 1323 865 1354 mmm,

137 1365 217 1389 sunt
246 1359 399 1397 pictoria,
416 1360 591 1397 statuaria,
617 1368 651 1390 et
677 1361 814 1399 similes,
831 1362 865 1391 in

139 1403 258 1441 quibus
286 1402 398 1432 nullus
416 1404 503 1433 vocis
530 1414 622 1441 usus,
649 1415 723 1444 quae
750 1405 866 1445 adspe-

136 1449 228 1475 ctum
245 1446 355 1485 potius
379 1457 479 1485 quam
508 1447 660 1478 auditum
684 1448 864 1478 delectant.

135 1487 335 1529 Explieabat
347 1489 429 1519 -hinc
456 1500 521 1520 non
538 1501 637 1521 nemo
653 1496 741 1522 artes
757 1497 865 1522 mutas

135 1532 226 1572 apud
251 1533 445 1572 Virgilium,
463 1535 520 1573 qui
550 1535 597 1564 sie
620 1541 727 1565 artem
759 1537 864 1566 medi-

135 1586 208 1606 cam
241 1576 398 1615 appellat.
443 1578 508 1607 Sed
537 1584 734 1609 contextum
757 1580 865 1610 consi-

135 1619 268 1649 deranti
296 1619 392 1650 facile
416 1621 603 1660 apparebit,
635 1627 744 1653 mutas
776 1627 862 1653 artes

135 1672 205 1693 esse
221 1663 265 1693 ibi
281 1663 457 1703 ignobiles,
474 1674 547 1703 quae
571 1675 637 1695 non
665 1670 797 1696 tantam
815 1667 863 1697 fa-

134 1716 225 1736 mam
243 1706 401 1744 afferunt,
428 1712 589 1746 quantam
620 1717 708 1738 artes
738 1709 862 1740 milita-

133 1759 198 1787 res,
216 1750 336 1789 quibus
354 1751 532 1781 manifeste
560 1753 728 1782 medicina
744 1754 787 1783 ibi
805 1764 863 1794 op-

132 1794 280 1833 ponitur.
304 1793 409 1823 Alutce
437 1798 522 1825 artes
546 1795 718 1834 dicuntur,
736 1802 775 1827 ut
791 1807 862 1828 sur-

136 1836 186 1866 dae
203 1836 313 1867 herbae
330 1838 419 1877 apud
436 1838 596 1877 Plinium,
622 1840 655 1870 h.
672 1850 701 1869 e.
719 1851 861 1879 quarum

131 1880 271 1910 nomina
286 1881 402 1919 ignota
413 1886 503 1912 sunt.
527 1882 701 1922 Adjeetiva
717 1885 860 1915 activam

129 1924 197 1953 vim
223 1924 384 1954 habentia
408 1935 496 1965 saepe
525 1930 559 1956 et
586 1928 712 1966 passive
743 1928 860 1958 dicun-

127 1971 198 2005 tur,
215 1971 254 1997 ut
269 1969 389 2006 gravis,
407 1972 506 1999 notus
525 1970 584 2000 ἃς.
618 1970 736 2001 Talem
752 1976 859 2002 artem

128 2020 200 2040 esse
217 2011 395 2050 medicam,
416 2012 469 2042 vel
489 2012 580 2043 locus
609 2014 751 2046 Luciani
767 2015 856 2046 Dial.

128 2054 232 2084 Deor.
250 2058 299 2086 13.
326 2056 438 2093 docet,
466 2057 523 2086 ubi
550 2058 713 2088 Hercules
740 2059 860 2089 AEscu-

127 2096 207 2138 lapii
233 2102 354 2137 artem,
383 2102 420 2129 ut
445 2100 634 2138 obscuram,
659 2103 859 2134 contemnit.

124 2140 146 2158 '¹‘
164 2151 281 2181 expers
313 2144 461 2173 rationis.
491 2143 586 2175 verr.
613 2155 643 2175 v.
667 2146 719 2180 67.
743 2147 859 2178 omnia

125 2189 221 2215 ‘muta
245 2190 345 2224 atque
363 2188 486 2217 inania.
534 2187 691 2219 Imitatus
716 2194 768 2219 est
793 2190 859 2220 Ta—

126 2229 184 2258 cit.
200 2228 292 2259 Hist.
315 2230 336 2259 i.
356 2234 407 2261 84.
431 2234 465 2260 et
481 2231 608 2262 Plinius
626 2233 660 2262 in
685 2233 809 2273 Paneg.
828 2244 857 2265 c.

125 2274 178 2301 50.

170 2314 338 2356 Mysqsaro,
353 2318 444 2347 navis
452 2319 601 2357 piraticae
612 2319 775 2351 faciendae
789 2321 860 2350 ido-

125 2367 201 2388 nea.
238 2361 329 2390 Verr.
344 2360 366 2390 i.
385 2364 437 2392 34.
452 2362 494 2392 iv.
513 2365 565 2393 52.
588 2373 620 2392 v.
636 2363 793 2394 Scheffer.
809 2365 857 2395 Re

126 2400 211 2432 Nav.
233 2404 266 2433 ii.
285 2407 315 2434 2.
342 2404 462 2434 savaro
479 2406 520 2435 ad
536 2406 649 2436 Sidon.
664 2408 772 2448 Epist.
788 2409 855 2439 viii.

167 2488 392 2529 Jflsssstagogm.
416 2492 509 2523 Verr.
535 2493 577 2523 iv.
607 2497 656 2528 59.
682 2494 738 2534 qui
768 2496 856 2526 dica-

124 2535 183 2562 tur
196 2533 207 2561 ?
548 2551 552 2554 »

167 2575 340 2614 Mysteria.
364 2578 444 2608 Nat.
470 2581 513 2610 D.
547 2581 580 2611 ii.
614 2583 666 2612 24.
690 2582 729 2611 de
753 2583 853 2613 sacris

125 2619 256 2649 Cereris
288 2632 319 2650 er
356 2622 479 2653 Bacchi
512 2626 654 2662 arcanis,
687 2635 760 2664 quae
792 2626 853 2657 lat.

123 2662 224 2692 initia
254 2663 423 2696 dicuntur.
485 2665 587 2698 initia
616 2669 707 2698 dicta
728 2673 808 2699 sunt
836 2680 856 2700 a

122 2705 297 2744 Romanis,
315 2709 392 2747 quia
407 2713 441 2739 et
456 2711 576 2749 Graeci,
591 2717 625 2742 et
640 2712 716 2752 ipsi,
732 2719 854 2753 myste-

122 2749 179 2779 riis
195 2749 345 2781 homines
362 2752 403 2782 ad
426 2763 537 2784 veram
560 2756 736 2795 virtutem,
761 2761 795 2786 et
812 2757 854 2787 ad

120 2791 217 2823 illum
236 2798 363 2825 statum
376 2797 511 2835 perduci
531 2800 722 2838 eredebant,
736 2801 771 2831 in
787 2811 852 2840 quo

118 2837 223 2867 animi
241 2837 380 2876 suerint,
398 2845 580 2880 antequam
600 2844 634 2872 in
652 2853 772 2884 corpus
796 2854 852 2874 ve—

119 2880 258 2912 nissent.
287 2892 318 2913 v.
348 2883 501 2923 inprimis
541 2885 778 2918 Casaubonum
807 2887 849 2919 de

651 99 796 127 INDEX
819 100 950 129 LATIN
959 101 1112 129 lTATIS.

904 188 966 218 hac
999 199 1033 219 re
1059 189 1284 229 disputantem
1311 190 1447 220 exercit.
1472 191 1544 222 adv.
1566 191 1631 222 Ba-

906 242 977 263 ron.
995 233 1059 263 xvi.
1075 236 1127 263 43.
1152 234 1170 251 *²
1181 233 1295 264 Romae.
1309 235 1465 272 mysteria
1476 234 1632 266 dicebau-

906 282 963 306 tur
981 286 1075 306 sacra
1105 278 1204 307 Bona:
1237 278 1328 307 Deae.
1352 278 1423 308 Att.
1445 287 1476 307 v.
1503 279 1555 308 21.
1578 288 1630 309 xv.

906 321 960 349 25.
984 328 1014 349 ν.
1032 321 1173 351 Gronov.
1198 320 1275 351 Obs.
1294 322 1336 351 iv.
1352 325 1383 355 9.

1244 452 1287 482 N.

952 535 1085 566 Noeozz'a.
1109 536 1190 576 Leg.
1207 537 1241 568 ii.
1258 540 1310 568 24.
1335 542 1417 568 extr.
1435 537 1514 577 quid
1528 537 1596 568 sit?
1635 546 1639 551 ·

954 580 1087 610 Noevus.
1121 579 1216 610 Brut.
1242 584 1295 614 91.
1330 586 1441 611 totum
1473 581 1634 620 aliquem,

909 632 975 652 non
994 632 1088 653 nawo
1104 626 1202 661 atque
1210 625 1412 663 crepundiis,
1424 625 1483 654 sed
1497 633 1633 664 corpore

909 667 999 695 omni
1016 666 1100 696 velle
1117 675 1305 705 agnoscere.
1330 668 1476 698 Petitum
1491 673 1538 698 est
1555 678 1573 697 e
1585 668 1634 697 fa-

907 709 1007 745 bulis,
1023 710 1056 739 in
1081 710 1199 748 quibus
1218 711 1391 749 finguntur
1412 711 1578 749 homines,
1595 710 1636 741 li-

908 753 976 782 beri
994 753 1072 783 olim
1091 754 1245 793 expositi,
1262 764 1279 783 e
1306 754 1407 784 naevis
1430 754 1537 794 agniti
1563 764 1634 785 esse

910 801 968 826 aut
984 797 1184 835 crepundiis.
1198 797 1240 827 cf.
1256 797 1446 837 crepundia.

955 840 1059 870 Nam.
1085 841 1118 870 in
1136 841 1402 871 transitionibus.
1431 841 1525 871 Vcrr.
1542 841 1564 871 i.
1581 844 1634 876 57.

910 883 1005 913 Nam
1022 883 1101 922 quid
1116 889 1404 923 argumentamur,
1420 895 1486 924 quo
1502 885 1566 914 ista
1581 893 1638 924 pe-

909 927 1010 957 cunia
1049 928 1265 966 pervenerit?
1305 928 1376 958 Att.
1406 929 1451 958 iii.
1483 931 1513 959 5.
1555 938 1635 958 nam

910 970 997 1009 quod
1014 980 1135 1010 purgas
1153 981 1206 1001 eos
1227 972 1286 1002 διο.
1304 982 1333 1001 ν.
1351 972 1484 1002 Manut.
1500 971 1541 1001 ad
1556 971 1634 1002 Div.

910 1014 955 1043 iii.
976 1017 1065 1044 ll.V.
1086 1016 1137 1044 20.
1162 1017 1180 1036 *²
1199 1016 1289 1045 enim
1306 1025 1395 1052 vero,
1412 1015 1516 1054 atqui.
1539 1015 1634 1045 Verr.

908 1057 955 1086 iii.
981 1060 1033 1088 85.
1060 1058 1155 1087 [Vani
1182 1068 1405 1098 speraveram,
1425 1059 1535 1097 inquit
1562 1068 1634 1088 ara·

908 1106 974 1137 tor,
991 1111 1044 1130 me
1061 1101 1102 1130 ad
1118 1101 1268 1131 denarios
1290 1106 1528 1141 perventurum
1543 1114 1553 1140 ;
1577 1101 1636 1132 sed

909 1145 935 1173 si
958 1145 1005 1174 ita
1030 1154 1162 1174 neeesse
1191 1149 1254 1182 est,
1281 1146 1395 1184 quanti
1423 1145 1634 1175 frumentum

909 1188 964 1224 sit,
990 1188 1172 1218 considera.
1199 1189 1254 1218 ubi
1279 1189 1345 1219 vid.
1373 1189 1508 1219 Hotom.
1537 1189 1581 1225 ib.
1600 1189 1636 1218 ii.

909 1234 960 1265 29.
985 1236 1067 1261 extr.
1093 1232 1170 1269 Dic,
1193 1233 1325 1272 inquit:
1350 1231 1397 1262 illi
1428 1232 1540 1262 adesse
1567 1241 1635 1262 non

908 1280 1058 1314 possunt.
1113 1276 1207 1305 Nam
1224 1276 1348 1314 hercle,
1366 1275 1489 1314 inquit,
1504 1276 1545 1315 ῼ.
1570 1275 1635 1306 Mi-

910 1320 1041 1356 nucius,
1067 1329 1119 1348 me
1141 1330 1271 1358 quoque
1290 1319 1439 1357 Petilius,
1456 1324 1496 1349 ut
1521 1319 1582 1349 sibi
1599 1319 1634 1348 in

908 1363 1047 1392 consilio
1075 1363 1238 1399 adessem,
1264 1365 1402 1403 rogavit.
1429 1363 1508 1393 ibid.
1540 1363 1562 1393 i.
1583 1362 1637 1393 56.

908 1405 1007 1445 Lapis
1024 1406 1142 1445 aliquis
1160 1407 1339 1437 eaedendus
1356 1413 1389 1436 et
1407 1406 1635 1447 apportandus

908 1449 972 1479 fuit
996 1450 1152 1480 maehina
1174 1461 1244 1480 sua.
1272 1451 1335 1491 (est
1360 1448 1531 1489 objectio).
1555 1459 1635 1479 nam

908 1493 964 1522 illo
993 1503 1058 1523 non
1082 1503 1211 1531 saxum,
1229 1504 1296 1523 non
1318 1496 1474 1524 materies
1497 1493 1637 1523 advecta

907 1542 968 1566 est.
1017 1537 1170 1567 Clarkius
1195 1542 1305 1567 autem
1335 1538 1377 1567 ad
1397 1538 1583 1567 Homerum
1600 1537 1636 1567 in

906 1580 1096 1619 hujusmodi
1128 1581 1207 1611 locis
1237 1581 1366 1621 ellipsin
1391 1590 1460 1610 esse
1487 1590 1555 1610 non
1579 1581 1635 1610 ab-

906 1624 1003 1654 surde
1019 1625 1138 1654 statuit
1152 1625 1236 1663 ejus,
1249 1625 1343 1662 cujus
1356 1625 1439 1654 ratio
1455 1624 1630 1655 reddatur:

907 1671 944 1697 ut
961 1679 989 1698 v.
1008 1679 1036 1698 e.
1060 1669 1092 1697 in
1120 1668 1181 1698 hoc
1198 1668 1332 1705 ultimo,
1355 1669 1388 1698 in
1420 1667 1634 1707 responsione

906 1712 947 1741 ad
972 1711 1195 1748 objectionem
1221 1712 1381 1741 omissum
1408 1711 1452 1740 sit
1474 1710 1520 1748 id,
1545 1710 1636 1749 quod

904 1754 1000 1785 facile
1027 1755 1259 1794 intelligatur:
1293 1756 1430 1785 minime
1461 1763 1549 1784 vero.
1580 1754 1634 1784 De

904 1798 1004 1828 simili
1032 1798 1141 1838 ellipsi
1166 1809 1197 1828 v.
1228 1798 1395 1828 Gesnerus
1419 1798 1460 1828 V.
1489 1797 1560 1828 Cel.
1591 1797 1634 1828 ad

903 1841 1045 1882 Quintil.
1060 1843 1093 1873 ii.
1114 1845 1162 1873 11.
1175 1846 1206 1877 7.

948 1887 1114 1926 Namque,
1132 1895 1191 1926 pro
1207 1895 1299 1922 nam,
1315 1885 1418 1914 enim.
1448 1883 1490 1914 ad
1506 1884 1582 1914 Div.
1600 1895 1632 1915 x.

907 1932 955 1960 15.
982 1940 1122 1969 namque
1145 1929 1283 1959 assiduis
1307 1928 1530 1958 internunciis
1553 1937 1631 1959 cum

901 1972 1028 2013 Lepido
1055 1974 1119 2012 egi.
1144 1973 1264 2003 *enim
1286 1981 1376 2009 vero,
1400 1971 1504 2010 atqui.
1529 1971 1586 2001 Or.
1612 1972 1634 2001 i.

902 2018 953 2047 22.
976 2017 1065 2048 Tum
1083 2016 1138 2046 ille
1153 2029 1159 2046 :
1184 2026 1325 2056 namque
1341 2015 1428 2054 quod
1442 2018 1480 2044 ‘tu
1494 2024 1561 2044 non
1577 2024 1636 2054 po-

900 2061 994 2098 teris,
1018 2070 1117 2090 nemo
1143 2061 1278 2100 poterit.
1311 2058 1330 2078 *⁶
1346 2059 1413 2090 sed.
1448 2059 1505 2089 Or.
1530 2059 1552 2088 i.
1585 2059 1634 2090 16.

902 2104 1060 2143 Namque
1076 2103 1159 2134 illud
1175 2113 1276 2143 quare
1293 2102 1440 2132 Scaevola.
1455 2102 1597 2142 negasti.

945 2147 1071 2178 Narro.
1105 2147 1206 2178 Tusc.
1229 2148 1252 2178 i.
1276 2147 1307 2177 6.
1338 2155 1381 2176 an
1403 2150 1444 2176 tu
1466 2145 1538 2175 haec
1565 2154 1634 2175 non

901 2191 1006 2221 credis
1021 2192 1033 2221 ?
1059 2191 1097 2221 A.
1115 2192 1254 2221 minime
1271 2199 1359 2220 vero.
1384 2189 1431 2220 M.
1457 2189 1543 2219 male
1559 2187 1636 2219 her-

901 2234 975 2264 cule
1002 2245 1135 2265 narras.
1157 2234 1187 2264 A
1210 2234 1294 2264 cur?
1320 2243 1442 2272 quaeso.
1473 2233 1544 2263 Att.
1569 2232 1634 2262 xvi.

905 2281 953 2308 14.
985 2278 1071 2308 male
1086 2288 1206 2309 narras
1222 2278 1261 2307 de
1278 2277 1419 2316 Nepotis
1435 2275 1515 2306 filio.
1537 2275 1632 2306 valde

901 2322 1091 2352 mehercule
1131 2331 1276 2359 moveor,
1310 2324 1344 2350 et
1374 2319 1512 2350 moleste
1551 2319 1632 2349 fero.

900 2365 979 2396 ibid.
1010 2366 1080 2396 xiii.
1112 2368 1165 2397 33.
1195 2365 1379 2401 Othonem,
1402 2363 1491 2402 quod
1520 2372 1632 2403 speras

899 2419 994 2449 posse
1025 2410 1126 2446 vinci,
1155 2419 1233 2439 sane
1264 2409 1347 2438 bene
1379 2417 1511 2438 marius.
1545 2407 1633 2437 Sunt

899 2453 1052 2483 formulae
1077 2453 1213 2483 alterius
1236 2461 1403 2488 sermone,
1426 2451 1630 2488 narratione,

900 2496 989 2526 dicto
1005 2497 1057 2526 vel
1074 2497 1216 2526 dolentis
1233 2495 1286 2526 vel
1302 2494 1492 2534 gaudentis.
1523 2494 1631 2524 *nar-

898 2550 934 2569 ro
958 2541 1032 2577 tibi,
1049 2546 1099 2570 est
1123 2539 1280 2576 formula,
1296 2548 1362 2578 qua
1386 2539 1530 2568 utu'ntur
1546 2538 1580 2567 in
1596 2546 1631 2566 re

899 2593 995 2620 nova,
1021 2585 1262 2624 inexspectata,
1288 2583 1373 2612 mira
1398 2581 1458 2611 &c.
1487 2580 1528 2611 ad
1553 2580 1634 2611 Div.

898 2627 941 2657 xi.
967 2629 1018 2658 24.
1046 2637 1147 2658 narro
1168 2627 1248 2657 tibi:
1283 2629 1384 2656 antea
1405 2624 1632 2655 subirascebar

898 2670 1051 2701 brevitati
1073 2675 1210 2701 tuarum
1235 2670 1423 2705 literarum,
1439 2677 1529 2698 nunc
1546 2667 1629 2697 mihi

898 2714 1018 2753 loquax
1046 2725 1116 2744 esse
1133 2714 1255 2744 videor.
1277 2713 1350 2744 Att.
1375 2722 1426 2742 xV.
1454 2712 1503 2742 16.
1525 2720 1630 2741 narro

896 2758 958 2788 tibi
973 2770 979 2788 ε
999 2758 1070 2788 haec
1083 2758 1156 2788 loca
1170 2761 1314 2787 venusta
1328 2760 1417 2786 sunt.
1431 2755 1509 2786 ibid.
1526 2755 1563 2785 ii.
1581 2757 1631 2786 11.

896 2811 996 2831 narro
1009 2802 1070 2832 tibi
1085 2814 1091 2831 z
1110 2802 1208 2842 plane
1225 2800 1393 2840 relegatus
1410 2798 1491 2830 mihi
1503 2798 1632 2835 videor,

897 2855 974 2875 cum
1003 2846 1037 2875 in
1063 2845 1238 2875 Formiano
1265 2853 1352 2874 sum.
1390 2841 1471 2873 ibid.
1496 2851 1548 2872 xv.
1575 2843 1628 2872 21.

895 2899 996 2920 narro
1024 2889 1110 2920 tibi:
1146 2888 1307 2929 Quintius
1337 2885 1468 2918 exultat
1497 2885 1627 2917 laetitia.
