1800 3131
125 165 203 205 198

124 263 179 295 66.
202 262 284 302 quid
302 264 440 295 attinuit
463 263 522 295 ὄις.
555 264 620 296 Off.
642 266 663 296 i.
681 268 733 296 31.
755 275 863 306 neque

127 308 246 338 attinet
259 313 388 338 naturae
401 317 599 348 repugnare.
622 309 641 327 ’ἓ
651 310 747 340 Rosc.
762 310 798 340 A.
812 313 863 341 43.

128 351 214 381 nihil
230 351 271 388 ad
287 361 340 382 me
355 352 486 382 attinet.
503 353 524 382 i.
541 363 570 382 e.
588 359 781 391 contemno,
799 363 865 383 non

127 395 244 425 timeo.
264 393 359 425 *sine
377 405 515 435 praepos.
533 396 594 427 Ad.
624 397 665 427 ad
680 398 750 427 Att.
768 407 818 427 xv.
840 401 866 427 1.

133 438 279 480 primurn
297 439 384 478 quod
401 441 530 469 attinet.

175 483 360 522 Accingere,
387 482 504 513 cadere
536 483 570 512 in
603 483 762 522 aliquem,
791 493 868 513 con-

131 526 259 563 venire,
297 527 470 566 proprium
509 536 591 556 esse.
643 527 724 557 Nat.
761 527 803 556 D.
846 529 867 558 i.

132 574 163 604 9.
189 568 281 599 labor
304 579 370 600 non
393 571 530 609 attingit
554 571 677 600 Deum.
705 571 768 599 Off.
792 571 813 599 i.
839 571 869 601 6.

133 613 200 643 veri
232 614 445 652 investigatio
477 614 620 643 maxime
651 615 786 651 attingit
812 623 870 642 na-

132 661 243 687 turam
282 657 478 687 humanam.
517 657 586 686 fin.
621 667 651 686 ν.
685 661 715 690 9.
756 660 872 695 quate-

135 710 196 730 nus
221 700 378 739 quicquid
405 710 438 729 se
463 702 618 739 attingat.
650 699 682 729 h.
708 710 737 729 e.
763 700 804 729 ad
837 710 871 730 se

132 744 311 783 pertineat.
350 743 485 773 *Tusa
518 753 548 772 v.
579 746 634 773 33.
671 743 871 783 cupiditates

134 788 369 817 necessitatem
399 796 465 816 non
494 787 678 825 attingunt,
704 788 724 817 i.
751 797 780 816 e.
804 796 871 817 non

134 833 215 860 sunt
241 830 446 860 necessariae.
481 830 562 869 Leg.
589 830 622 860 ii.
651 833 681 861 5.
705 840 779 870 quae
805 840 872 861 non

135 874 242 913 magis
268 873 349 912 legis
374 883 498 903 nomen
523 875 707 912 attingunt,
729 875 874 915 (meren-

135 916 205 955 tur)
225 926 324 955 quam
349 916 376 946 si
398 917 545 947 latrones
563 917 674 956 aliqua
689 919 872 949 sanxerint.

136 960 154 979 ’ἓ
167 960 246 999 Leg.
263 961 297 990 ii.
319 963 344 989 1.
368 959 432 990 alia
447 970 548 991 causa
560 971 612 990 me
628 961 786 998 delcetat,
800 971 873 1000 quae

134 1008 170 1034 te
200 1013 267 1033 non
290 1005 427 1041 attingit
453 1005 510 1034 ita.
534 1004 636 1034 Acad.
659 1006 700 1035 iv.
724 1009 776 1036 31.
800 1015 874 1045 quae

136 1057 187 1077 res
204 1057 279 1076 eum
298 1048 345 1077 sic
362 1049 506 1087 attingit.
545 1048 586 1078 ad
601 1048 672 1078 Att.
691 1049 734 1078 ix.
753 1052 803 1079 ll.
841 1049 874 1078 Si
918 1054 926 1057 “

135 1101 202 1130 qua
218 1100 298 1120 cura
314 1096 348 1120 te
364 1093 510 1130 attingit.
534 1091 633 1121 Tusc.
651 1092 691 1122 iv.
712 1095 759 1123 13.
783 1097 823 1122 ut
840 1093 873 1123 in

136 1134 233 1165 malis
250 1135 394 1174 corporis
411 1135 596 1165 similitudo
613 1137 750 1175 attingit
770 1137 873 1166 animi

137 1183 308 1215 naturam,
324 1178 371 1208 sic
387 1179 422 1208 in
438 1179 543 1209 bonis.
563 1179 594 1209 h.
612 1190 641 1210 e.
659 1180 874 1219 quemadmo-

137 1221 218 1251 dum
246 1222 452 1259 affectiones,
479 1223 652 1262 morbique
681 1224 785 1254 animi
817 1224 874 1254 ha-

136 1265 219 1295 bent
242 1265 412 1304 quandam
436 1266 694 1297 similitudinem
711 1277 788 1297 eum
805 1277 876 1297 cor·

137 1309 225 1349 poris
242 1309 365 1339 morbis
392 1310 702 1350 affectionibusque,
719 1312 764 1341 sic
788 1311 877 1341 bona

138 1353 284 1392 corporis
310 1363 387 1383 cum
414 1354 507 1384 bonis
536 1355 657 1384 animi:
684 1356 816 1385 animus
840 1356 875 1385 in

136 1401 280 1435 utroque
321 1406 442 1436 genere
482 1398 599 1427 similis
637 1402 687 1428 est
735 1399 874 1438 corpori.

136 1440 155 1458 ‘¹‘
168 1440 263 1470 Rosc.
282 1439 320 1470 A.
336 1441 388 1471 26.
413 1441 542 1478 bestiae,
562 1451 636 1480 quae
652 1446 788 1473 tantum
806 1452 876 1472 scc-

136 1482 188 1513 lus
203 1484 399 1522 attigissent.
418 1485 439 1514 i.
461 1494 490 1514 e.
512 1485 552 1515 de
576 1491 646 1515 tam
663 1485 802 1516 scelesto
819 1486 876 1516 ho-

139 1527 230 1557 mine
262 1527 497 1565 comedissent,
520 1534 559 1558 ut
583 1529 690 1559 Graeci
722 1529 877 1561 ἅττισθαι

139 1570 256 1600 eodem
271 1570 380 1601 modo.
398 1582 428 1605 v.
440 1582 468 1601 c.
484 1572 636 1612 Thucyd.
653 1573 746 1604 ii.50.
771 1575 789 1591 ³⁶
800 1574 876 1604 Mu-

140 1624 212 1644 ren.
236 1619 267 1649 9.
290 1616 456 1654 attingere
479 1616 601 1653 forum,
626 1616 797 1654 dicuntur,
819 1618 876 1656 qui

138 1659 248 1697 posita
271 1662 434 1697 praetexta
456 1669 474 1689 a
490 1667 632 1699 praetore
649 1661 682 1690 in
699 1661 769 1690 foro
792 1661 877 1691 aeci-

138 1701 238 1741 piunt
252 1706 367 1741 togam
385 1713 516 1742 puram,
536 1713 601 1741 qua
616 1710 756 1744 accepta
777 1704 816 1734 iis
838 1704 877 1734 li-

139 1748 194 1775 cet
225 1745 259 1775 in
290 1745 362 1775 foro
390 1747 522 1784 versari,
548 1757 664 1777 causas
691 1758 788 1787 agere
816 1748 875 1778 &c.

138 1788 240 1818 ‘Ate
257 1789 325 1819 xiii.
342 1792 393 1820 33.
419 1790 538 1820 horum
555 1791 605 1820 vix
623 1801 684 1830 ego
700 1793 798 1831 astigi
821 1802 877 1831 pe-

140 1832 278 1862 nulam:
303 1833 494 1872 parcissime
523 1835 672 1872 invitavi,
700 1839 738 1865 ut
763 1845 877 1865 mane—

140 1879 226 1906 rent.
249 1875 403 1906 *Caecm
435 1880 482 1911 17.
509 1887 579 1907 rem
604 1879 644 1908 ad
667 1880 802 1909 verbum
827 1884 878 1909 at-

139 1919 277 1957 tingere,
295 1920 316 1949 i.
333 1929 361 1950 e.
378 1921 580 1960 intelligere,
592 1922 764 1961 judicare:
790 1923 878 1953 sita-

140 1972 219 1993 men
238 1962 337 1993 lectio
354 1973 435 1994 sana
450 1970 511 1995 est.

183 2006 348 2037 Attonsus.
374 2008 474 2039 Tusc.
491 2019 520 2038 v.
538 2012 587 2042 17.
612 2008 682 2039 laus
700 2015 750 2040 est
765 2014 878 2040 atton·

139 2058 176 2080 na
192 2049 376 2082 Laconum.
394 2052 415 2081 i.
433 2062 462 2082 e.
480 2052 672 2083 imminuta.
689 2064 706 2083 e
723 2058 832 2094 po'eta.

185 2094 338 2124 Attralm.
371 2095 412 2125 ad
435 2096 512 2126 Div.
529 2097 584 2126 vii.
605 2099 651 2127 10.
682 2097 825 2128 Romam
843 2104 876 2128 te

144 2139 330 2175 attraham,
346 2137 380 2168 h.
397 2149 426 2169 e.
443 2140 556 2170 venire
568 2140 705 2179 jubebo.

185 2181 341 2211 Attrecto.
365 2181 445 2212 Cael.
464 2186 492 2215 8.
517 2187 694 2215 attrectare
705 2184 876 2214 foeminas:

144 2228 195 2254 est
208 2234 267 2264 per
279 2225 452 2256 libidinem
463 2227 657 2266 contingere
671 2233 795 2268 partes,
806 2229 878 2267 qui-

147 2267 209 2297 bus
233 2268 335 2298 libido
354 2269 526 2300 incitatur.
572 2271 634 2301 Est
649 2272 786 2302 verbum
803 2282 878 2311 pro-

147 2311 257 2350 prium
275 2313 311 2342 in
327 2323 367 2343 ea
379 2323 427 2352 re,
440 2325 504 2354 quo
520 2324 600 2345 usus
617 2315 720 2345 etiam
736 2316 877 2346 Sueton.

147 2354 227 2385 Ner.
247 2356 299 2386 526.

187 2399 347 2429 Attm'buo.
371 2399 472 2430 Tusc.
486 2401 532 2432 iii.
545 2404 596 2433 30.
616 2411 685 2432 non
701 2403 878 2433 attribuere

148 2441 190 2471 ad
203 2442 416 2473 amissionem
432 2445 617 2475 amicorum
632 2446 801 2476 miseriam
819 2456 878 2477 no-

145 2491 263 2515 stram.
285 2486 306 2515 i.
324 2496 353 2516 e.
371 2487 523 2527 adjicere.
549 2489 568 2507 ³*
582 2490 617 2519 in
634 2499 669 2519 re
686 2491 879 2530 pecuniaria

147 2528 229 2568 quid
244 2529 299 2566 sit,
317 2539 347 2559 v.
364 2531 398 2560 in
418 2531 617 2563 Atti-ibatur.

188 2572 379 2610 Atta-thuan,
420 2575 509 2614 apud
551 2576 702 2606 rhetores
740 2576 876 2615 dicitur,

141 2615 299 2654 quicquid
326 2618 374 2646 rei
406 2619 579 2649 tribuitur.
624 2619 735 2659 Vulgo
758 2621 878 2661 praedi-

144 2662 269 2689 catum.
287 2670 316 2689 v.
334 2659 404 2690 Inv.
422 2662 442 2691 i.
461 2663 512 2692 26.
549 2663 569 2682 ²*
582 2663 617 2692 in
634 2673 668 2693 re
685 2664 879 2703 pecuniaria

144 2701 280 2739 dicitur,
307 2713 407 2741 quam
437 2704 534 2735 hodie
557 2706 658 2746 vulgo
681 2708 878 2748 assignatio-

146 2754 225 2775 nem
247 2752 380 2784 vocant‚
397 2758 474 2778 cum
499 2759 566 2779 non
586 2750 648 2789 ipsi
664 2750 822 2781 solvimus
837 2762 879 2782 ex

145 2797 234 2826 arca,
250 2789 308 2819 sed
331 2791 372 2820 ab
395 2790 473 2827 alio,
490 2794 545 2831 qui
570 2794 664 2823 nobis
691 2800 749 2825 aut
765 2795 878 2833 debet,

145 2836 205 2862 aut
217 2842 276 2872 pro
291 2834 385 2864 nobis
400 2834 526 2866 solvere
542 2843 679 2876 paratus
695 2843 747 2868 est
763 2840 879 2869 amici-

144 2875 202 2905 tiae
226 2885 315 2915 erge.
348 2877 390 2907 ad
412 2878 487 2909 Div.
511 2880 575 2910 xvi.
593 2881 644 2911 24.
674 2882 746 2912 Att.
764 2883 828 2912 xvi.
847 2886 878 2913 3.

143 2919 180 2949 in
203 2920 414 2951 attributione
439 2922 520 2952 mihi
544 2923 661 2962 ignota
678 2926 826 2956 nomina.
843 2926 876 2956 b.

141 2971 172 2993 e.
195 2962 360 3004 homines,
377 2974 397 2996 a
412 2966 531 3005 quibus
548 2966 630 2997 mihi
646 2968 772 3000 solvere
789 2969 875 3009 vult,

616 176 764 207 INDEX
784 178 1082 208 LATINITATIS.

909 267 1015 306 ignoti
1038 271 1118 298 sunt
1141 267 1231 298 mibi.
1264 267 1368 298 Attio.
1385 267 1449 298 xvi.
1469 269 1497 299 l.
1526 272 1577 299 est
1594 266 1636 298 do

908 310 1074 341 solutione
1098 312 1262 352 pecuniae,
1279 321 1352 350 quae
1374 312 1535 343 attributa
1550 316 1602 342 est
1615 322 1637 343 a

909 354 1083 384 creditore.
1394 378 1399 387 1

952 399 1148 428 Attributus.
1171 399 1264 429 Verr.
1278 399 1299 428 i.
1317 401 1364 429 13.
1388 399 1530 438 pecunia
1540 399 1637 429 attri-

911 442 999 478 buta,
1016 441 1048 471 h.
1073 452 1101 471 e.
1126 452 1199 481 quae
1224 443 1317 472 nobis
1341 442 1481 471 solvitur
1503 442 1542 472 ab
1559 442 1637 480 alio,

911 484 989 514 data
1012 486 1249 524 assignatione,
1266 496 1364 524 quam
1389 485 1487 515 hodie
1507 490 1639 515 vocant.

912 528 1003 558 Verr.
1020 529 1066 558 iii.
1083 531 1135 562 70.
1167 529 1356 565 societates,
1382 529 1469 559 unde
1492 533 1562 559 erat
1587 532 1640 559 at-

912 572 1038 601 tributa
1055 573 1205 611 pecunia.
1229 572 1298 603 Att.
1312 574 1379 603 xiii.
1393 575 1445 603 22.
1468 573 1640 602 attributos

913 615 1000 653 quod
1031 614 1189 654 appelles,
1213 616 1306 645 valde.
1337 617 1449 656 probo.
1481 616 1640 647 Attributz'

913 664 993 688 sunt
1017 658 1052 695 ii,
1068 668 1087 687 a
1102 659 1220 696 quibus
1237 661 1397 690 attributa
1414 664 1465 690 est
1481 660 1639 700 pecunia,

914 712 933 732 a
948 701 1067 741 quibus
1086 701 1214 732 debitor
1229 702 1336 732 solvit.

956 745 1120 776 Avaritia.
1155 745 1225 775 Fin.
1252 747 1293 776 iv.
1323 749 1375 780 27.
1414 748 1577 784 avaritioe,
1605 746 1641 776 in

913 788 1000 829 plur.
1016 788 1110 819 Verr.
1128 789 1161 819 ii.
1180 792 1231 820 54.
1254 791 1398 820 avaritia
1414 789 1509 820 hians
1526 795 1561 821 et
1577 791 1642 820 im-

914 833 1057 862 minens.

956 877 1090 907 Auctor.
1114 876 1223 913 Hujus
1236 875 1386 906 vocabuli
1403 875 1579 917 multiplex
1591 881 1643 907 est

915 923 950 950 et
971 922 1080 950 varius
1097 920 1186 960 apud
1203 920 1398 950 Ciceronem
1417 930 1506 950 usus.
1551 920 1646 961 Quas

916 973 974 993 nos
1007 963 1141 1003 quidem
1164 964 1409 994 observavimus
1433 963 1576 994 diversas
1600 964 1646 994 si-

915 1007 1161 1046 gnificationes,
1176 1007 1228 1037 hae
1245 1012 1325 1037 sunt
1338 1019 1344 1037 :

963 1050 992 1088 1)
1027 1051 1067 1088 is,
1095 1060 1114 1080 a
1137 1061 1201 1090 quo
1228 1051 1319 1081 fama
1341 1054 1416 1081 orta
1439 1054 1502 1088 est,
1526 1056 1561 1081 et
1586 1050 1644 1090 qui

916 1093 1024 1124 dicere
1049 1100 1172 1134 potest,
1189 1095 1277 1124 unde
1302 1095 1436 1132 habeat,
1453 1104 1527 1134 quae
1549 1094 1643 1124 dicit.

916 1137 957 1167 ad
970 1138 1045 1167 Div.
1060 1138 1115 1168 xii.
1132 1140 1163 1168 4.
1186 1138 1314 1168 Rumor
1330 1142 1560 1169 erat--auctar
1572 1142 1646 1168 erat

917 1191 1026 1211 nemo.
1052 1181 1149 1212 Unde
1173 1186 1292 1212 auctor
1314 1183 1416 1212 etiam
1440 1192 1499 1222 pro
1520 1182 1646 1212 nuncio

916 1230 979 1255 est.
1012 1225 1077 1255 vid.
1103 1225 1204 1255 Gron.
1222 1225 1264 1255 ad
1279 1226 1351 1256 Liv.
1369 1235 1397 1255 v.
1418 1229 1445 1256 1.
1477 1225 1594 1256 Heius.
1610 1229 1646 1256 et

916 1268 1033 1299 Burm.
1050 1268 1091 1298 ad
1107 1268 1203 1298 Ovid.
1220 1269 1257 1299 A.
1276 1269 1310 1299 ii.
1327 1269 1358 1299 6.
1381 1272 1434 1300 34.

961 1313 993 1351 2)
1021 1317 1217 1353 praeceptor.
1240 1313 1304 1343 Off.
1329 1313 1363 1343 ii.
1387 1314 1416 1343 2.
1441 1321 1646 1352 quamquam

917 1356 951 1386 in
981 1356 1215 1395 antiquissima
1239 1356 1462 1397 philosophia,
1487 1355 1647 1396 Cratippo

917 1404 1058 1437 auctore,
1075 1400 1224 1430 versaris.

961 1444 994 1482 3)
1023 1443 1078 1483 qui
1092 1443 1282 1483 exemplum
1295 1444 1342 1474 rei
1357 1442 1519 1473 faciendae
1534 1442 1646 1473 dedit:

918 1487 973 1526 qui
999 1497 1067 1517 rem
1087 1487 1196 1517 facere
1213 1488 1331 1517 suadet
1348 1494 1407 1517 aut
1423 1487 1576 1527 praecipit
1591 1496 1648 1516 ex-

918 1531 1039 1570 emplo.
1070 1531 1227 1561 Academ.
1255 1532 1295 1561 iv.
1323 1533 1353 1561 2.
1384 1540 1446 1561 nec
1472 1530 1648 1560 literarum

918 1574 1110 1605 Graecarum
1136 1584 1196 1604 nec
1217 1574 1437 1615 Philosophiae
1448 1574 1522 1613 jam
1538 1573 1646 1604 ullum

918 1623 1080 1649 auctorem
1098 1618 1243 1657 requiro,
1256 1629 1301 1649 sc.
1315 1628 1392 1648 cum
1405 1618 1600 1648 Africanum
1614 1621 1650 1647 et

920 1662 1084 1692 Catonem
1107 1662 1261 1699 habeam,
1278 1662 1333 1701 qui
1359 1661 1558 1691 didicerunt.
1583 1661 1649 1692 Off.

919 1706 964 1736 iii.
979 1707 1030 1740 ⁶27.
1055 1716 1136 1735 num
1155 1705 1388 1746 locupletiores
1404 1705 1524 1744 quaeris
1538 1709 1651 1735 aucto-

919 1760 969 1780 res
980 1750 996 1779 ?
1014 1750 1107 1780 Verr.
1122 1750 1168 1779 iii.
1181 1753 1233 1780 38.
1255 1750 1323 1780 Cur
1335 1758 1416 1786 non,
1428 1748 1491 1779 hoc
1503 1752 1647 1787 auctore,

920 1795 1022 1823 etiam
1047 1793 1163 1823 Romae
1186 1795 1270 1824 servi
1295 1792 1337 1823 ad
1359 1792 1537 1832 vectigalia
1554 1801 1650 1822 acce-

920 1837 1017 1866 dunt.
1047 1837 1139 1868 Verr.
1157 1847 1186 1867 v.
1204 1837 1256 1867 26.
1280 1837 1396 1867 Unum
1420 1839 1585 1867 auctorem
1600 1835 1651 1866 fa·

919 1882 965 1910 cti
978 1881 1028 1910 tui
1042 1880 1162 1920 profer.
1183 1881 1254 1911 Fin.
1268 1881 1309 1910 iv.
1324 1880 1373 1910 16.
1398 1880 1482 1910 Cato
1494 1880 1649 1911 omnium

920 1925 1084 1954 virtutum
1101 1928 1223 1955 auctor.
1240 1925 1260 1954 i.
1277 1934 1306 1954 e.
1323 1923 1503 1963 exemplar.

963 1967 996 2007 4)
1025 1969 1081 2007 qui
1105 1978 1175 1998 rem
1191 1968 1300 1998 facere
1316 1967 1448 2005 suadet,
1465 1971 1526 1998 aut
1535 1967 1650 2007 jubet,

920 2016 980 2041 aut
995 2012 1174 2052 permittit.
1198 2012 1273 2042 Div.
1286 2011 1307 2041 i.
1324 2015 1372 2042 15.
1397 2020 1472 2041 aves
1489 2015 1650 2048 auctores,

920 2064 966 2085 sc.
983 2065 1093 2086 rerum
1111 2055 1398 2095 suscipiendarum
1415 2059 1474 2085 aut
1488 2055 1650 2085 omitten-

920 2098 1051 2129 darum.
1076 2099 1117 2129 cf.
1133 2099 1237 2129 Attio.
1255 2099 1275 2129 i.
1295 2102 1344 2133 19.
1368 2103 1403 2129 et
1419 2099 1520 2129 Dom.
1538 2100 1591 2133 29.

965 2142 997 2181 5)
1032 2141 1063 2181 a)
1090 2147 1204 2173 auctor
1228 2141 1310 2182 legis
1341 2142 1476 2181 dicitur,
1500 2142 1557 2181 qui
1583 2140 1652 2182 pri-

920 2196 1014 2217 mum
1038 2186 1146 2226 legem
1171 2187 1280 2224 scivit,
1304 2187 1405 2217 Dom.
1423 2189 1477 2218 30.
1508 2185 1543 2225 b)
1566 2184 1650 2225 legis

920 2240 1046 2267 suasor,
1077 2230 1222 2269 adjutor,
1255 2229 1420 2267 laudator,
1449 2229 1528 2269 Agr.
1558 2229 1593 2260 ii.
1619 2231 1651 2259 5.

920 2274 1002 2313 Leg.
1019 2275 1064 2304 iii.
1087 2275 1135 2305 16.
1164 2274 1206 2304 cf.
1222 2273 1324 2304 Gron.
1340 2273 1382 2303 ad
1396 2272 1468 2304 Liv.
1484 2273 1518 2304 ii.
1535 2273 1586 2304 56.
1615 2270 1647 2310 c)

920 2318 976 2356 qui
1000 2317 1110 2357 legem
1132 2318 1210 2347 ferri
1228 2317 1342 2356 jubet,
1359 2316 1448 2356 quod
1467 2320 1540 2347 erat
1555 2325 1653 2346 sena·

919 2365 1000 2399 tus3
1033 2361 1121 2392 unde
1153 2362 1329 2391 Senatores
1359 2364 1507 2391 auctores
1535 2359 1651 2400 legum

921 2404 1092 2435 dicuntur.
1115 2405 1208 2436 Verr.
1226 2415 1255 2434 v.
1273 2405 1325 2438 67.

964 2449 997 2487 6)
1025 2453 1171 2479 auctores
1192 2449 1226 2478 in
1248 2452 1381 2485 senatu,
1397 2446 1494 2477 Brut.
1514 2448 1567 2477 34.
1592 2449 1653 2476 aut

920 2492 1048 2522 consilii
1067 2492 1203 2533 publici.
1236 2492 1294 2522 Or.
1312 2492 1333 2522 i.
1350 2494 1402 2525 49.
1426 2494 1507 2521 sunt
1528 2489 1653 2530 princi-

919 2545 977 2575 pes
1002 2537 1192 2573 Senatores,
1207 2535 1240 2565 h.
1264 2545 1292 2564 e.
1314 2534 1527 2571 Consulares,
1545 2539 1580 2563 et
1595 2533 1653 2572 qui

920 2578 1047 2609 habent
1070 2580 1128 2619 jus
1159 2579 1336 2609 sententiae
1362 2578 1464 2618 priori
1488 2576 1651 2614 dicendae,

920 2623 1068 2662 adeoque
1087 2623 1132 2653 rei
1151 2623 1292 2662 alicujus
1315 2626 1463 2652 auctores
1480 2621 1552 2651 fieri
1576 2629 1653 2660 pos-

920 2671 1011 2696 sunt.
1032 2667 1128 2704 item,
1142 2667 1198 2706 qui
1215 2665 1361 2696 multum
1376 2664 1489 2695 valent
1506 2665 1541 2694 in
1556 2672 1655 2693 sena-

919 2713 972 2747 tu,
995 2715 1036 2740 ut
1069 2711 1126 2741 Or.
1151 2711 1197 2741 iii.
1225 2712 1272 2743 17.
1309 2709 1406 2746 item,
1430 2708 1487 2747 qui
1509 2707 1652 2746 alicujus

920 2754 967 2783 rei
982 2754 1016 2783 in
1030 2759 1150 2784 senatu
1164 2757 1310 2784 auctores
1325 2759 1405 2782 sunt
1417 2750 1651 2787 decernendae,

919 2796 992 2827 Att.
1021 2798 1068 2827 iii.
1096 2800 1145 2828 18.
1174 2798 1210 2827 in
1230 2805 1372 2836 quorum
1389 2795 1594 2826 sententiam
1611 2794 1653 2823 fit

920 2840 1058 2871 SCtum.
1082 2840 1125 2870 ad
1147 2841 1238 2870 Fam.
1269 2850 1320 2870 xv.
1344 2842 1377 2870 4.
1406 2839 1533 2878 Regem
1556 2837 1653 2867 Ario·

919 2884 1113 2922 barzanem,
1137 2888 1172 2914 te
1200 2888 1343 2921 auctore,
1374 2881 1652 2913 commendatum

920 2926 1094 2958 habebam.
1118 2927 1151 2957 h.
1168 2937 1198 2957 e.
1215 2937 1232 2956 e
1248 2927 1336 2957 SCto
1352 2927 1388 2957 in
1404 2930 1499 2956 tuam
1515 2928 1653 2955 senten-

921 2971 1005 3002 tiam
1020 2971 1122 3002 facto.
1138 2971 1180 3002 cf.
1195 2971 1338 3002 Gronov.
1353 2970 1396 3001 ad
1408 2970 1480 3001 Liv.
1495 2969 1583 3000 xxiv.
1597 2968 1652 2999 43.
