1800 3131
81 57 166 97 402
178 64 179 67 ’

135 151 302 189 Pulsatz‘o,
317 146 517 180 verberatio.
540 147 623 180 Her.
639 148 675 180 ii.
691 148 745 180 26.

136 195 274 228 Falsas.
290 193 331 224 de
355 192 444 224 visis.
466 192 545 225 Div.
570 192 606 224 ii.
636 193 689 224 61.
706 193 825 234 pulsus

98 240 314 272 adventitius,
326 236 368 268 cf.
384 247 413 267 c.
431 236 485 271 67.
660 252 671 261 ³

139 283 320 315 Pulvinar.
338 281 445 311 lectus
461 280 523 311 deo
546 280 581 311 in
596 279 724 321 templo
741 279 827 320 posi-

97 332 168 366 tus,
184 330 219 358 et
239 327 349 367 ipsum
375 324 553 365 templum.
576 324 722 364 Harusp.
738 323 778 354 R.
795 326 826 354 5.

93 370 326 414 pulvinaribus
339 373 495 409 stuprum
511 367 639 399 intulit.
655 367 756 398 Dom.
773 369 826 398 53.

94 424 188 447 aram
205 420 240 445 et
264 412 441 445 aediculam
457 415 492 443 et
500 414 663 453 pulvinar
679 410 828 440 dedicas-

101 466 164 490 set.
181 457 224 489 ef.
242 457 342 489 Catil.
358 457 406 487 iii.
434 458 481 487 10.
505 459 525 478 ²*
542 455 680 496 epulum
697 454 731 484 in
751 455 829 494 pal-

100 503 283 534 vinarz'bue.
305 501 406 532 Tuse.
423 499 465 530 iv.
481 500 511 530 2.

147 545 277 577 Pulvis.
300 543 532 575 exercitationi
556 541 749 582 opponitur.
772 540 830 571 Or.

103 591 192 621 i.34.
217 589 313 620 Brut.
329 592 361 622 9.
384 587 485 618 Tusc.
513 586 546 616 ii.
574 588 624 616 15.
649 584 783 614 *Tusa
799 593 829 615 v.

103 635 157 665 23.
182 633 281 664 homo
298 639 317 662 a
321 633 457 672 pulvere
472 633 506 659 et
518 629 621 666 radio,
636 632 688 658 est
702 627 832 658 mathe-

107 678 267 714 maticus,
281 676 336 714 qui
347 675 470 714 figuras
480 674 514 703 in
521 674 655 713 pulvere
664 671 833 702 describit.

155 720 340 752 Punctum.
369 717 579 756 suffragium,
607 716 688 756 quia
709 725 755 745 sc.
797 715 833 745 in

109 764 254 795 comitiis
285 762 443 800 suffragia
464 759 674 800 singulorum
701 759 833 800 punctis

107 808 144 838 in
162 806 284 838 tabulis
296 805 511 836 notabantur.
536 803 650 834 Plane.
673 805 726 835 22.
749 812 836 833 non·

108 852 215 882 nullas
232 850 338 880 tribus
353 849 486 890 punctis
511 857 607 888 paene
622 847 764 877 totidem
782 852 835 877 tu-

108 895 231 926 lerunt.
248 893 291 923 ef.
317 893 406 924 Mur.
424 894 476 923 34.
498 891 600 922 Tusc.
618 892 651 921 ii.
679 891 732 922 26.
756 890 835 920 hinc

110 939 166 970 Or.
183 937 217 968 ii.
233 940 286 968 41.
303 941 433 977 puncta
448 939 738 975 argumentorum.

152 981 294 1012 Punire.
319 979 465 1019 Harusp.
482 979 521 1010 R.
539 982 568 1010 8.
593 979 731 1009 domum
748 977 835 1018 aju-

111 1026 239 1056 dicibus
247 1024 452 1065 puniendam
473 1026 619 1064 putaret.
643 1022 750 1052 Graev.
764 1024 840 1063 post

112 1070 256 1100 Fabrum
271 1081 278 1099 ι
315 1067 545 1098 muniendam.
572 1066 630 1097 sed
667 1070 760 1096 recta
787 1070 839 1096 est

115 1113 264 1153 vulgata.
298 1111 431 1147 Punire
461 1111 599 1141 domum
626 1114 678 1140 est
706 1119 839 1150 poenam

111 1161 262 1197 repetere
279 1156 320 1186 ob
338 1155 495 1186 violatam
513 1154 663 1184 domum.
681 1164 709 1184 v.
728 1154 839 1184 Poena.

112 1202 170 1232 Or.
187 1201 210 1231 i.
226 1203 279 1231 51.
296 1200 420 1240 punire
442 1198 589 1229 dolorem
606 1208 717 1228 suum.
745 1200 840 1239 a‘pu-

114 1245 185 1276 niri
197 1245 316 1275 active.
339 1243 412 1273 Mil.
437 1245 486 1274 13.
511 1243 604 1281 eujus
620 1245 658 1271 tu
681 1241 841 1272 inimicis-

114 1291 238 1319 simum
260 1288 398 1328 punitus
414 1296 460 1317 es.
485 1286 570 1317 Phil.
588 1286 656 1316 viii.
675 1287 706 1317 2.
725 1290 764 1316 ut
775 1295 842 1325 pu-

117 1334 248 1363 niretur
262 1340 391 1361 necem.
407 1340 437 1360 v.
452 1334 486 1360 et
502 1330 639 1370 poenire.

160 1375 301 1416 Puppis.
318 1375 359 1405 ad
385 1374 462 1405 Div.
492 1374 535 1404 ix.
549 1388 550 1391 ¹
566 1377 616 1404 15.
639 1373 842 1404 Sedebamus

121 1420 156 1451 in
166 1421 283 1460 puppi.
300 1418 332 1448 h.
343 1428 370 1448 e.
381 1418 578 1457 regebamus
588 1417 843 1457 rempublicam.

161 1463 311 1502 Pupula,
328 1472 387 1502 pro
396 1462 539 1502 pupilla.
562 1461 642 1492 Nat.
658 1461 701 1492 D.
717 1461 751 1491 ii.
770 1464 822 1495 57.

161 1506 336 1547 Purpura.
361 1506 449 1536 Sext.
468 1509 498 1536 8.
517 1515 672 1545 purpura
691 1504 842 1545 plebeia:

118 1560 191 1590 quae
207 1554 242 1580 et
255 1550 351 1580 fusca
365 1550 489 1580 dicitur
505 1562 511 1579 z
529 1549 777 1589 opponiturque
795 1558 847 1578 ar-

117 1594 224 1632 denti,
237 1598 272 1624 et
295 1603 396 1633 quam
415 1592 540 1623 Plinius
557 1593 678 1623 xxxvii.
698 1596 748 1626 19.
771 1591 846 1622 feli-

117 1648 191 1668 eem
218 1637 379 1678 appellat,
405 1639 499 1676 cujus
527 1636 618 1667 color
648 1636 767 1666 similis
795 1641 846 1665 est

119 1680 307 1722 amethysto
324 1680 458 1711 Indieae.

164 1724 393 1756 Purus.verr.
403 1725 444 1754 iv.
455 1726 506 1755 ⁶22.
512 1733 638 1764 purum
649 1727 827 1763 argeutum
839 1734 845 1752 :

120 1768 154 1799 h.
165 1778 195 1799 e.
205 1778 261 1799 vas
273 1772 485 1808 argenteum,
503 1767 592 1807 quod
607 1772 658 1798 est
674 1768 746 1798 sine
757 1766 849 1806 sigil-

121 1811 174 1843 lis.
194 1812 214 1831 *
229 1812 273 1842 ib.
285 1812 331 1842 iii.
349 1812 400 1843 86.
424 1811 505 1851 quid
517 1811 567 1841 his
579 1811 676 1842 rebus
690 1811 848 1842 detractis

122 1857 228 1897 possit
245 1855 285 1886 ad
297 1855 450 1886 dominos
460 1856 593 1896 pariae
603 1856 721 1895 reliqui
736 1864 851 1895 perve-

123 1901 218 1938 nire3
244 1899 347 1929 nostri
368 1911 374 1929 ε
394 1900 503 1930 reines
520 1898 619 1937 Gelu,
640 1898 750 1930 klares
767 1899 850 1929 Ver-

124 1946 256 1983 mugen.
270 1942 610 1983 ¹⁵judidumpurvmc.
627 1953 657 1973 v.
668 1942 850 1982 judicium.

168 1986 311 2018 Patare.
333 1987 404 2018 Att.
423 1987 464 2017 iv.
486 1990 535 2019 ll.
553 1991 593 2017 ut
610 1988 755 2017 rationes
773 1996 850 2017 eum

124 2029 313 2073 publicanis
333 2035 517 2072 putarent.-
542 2030 561 2061 i.
589 2040 620 2061 e.
647 2030 851 2068 conferrent,

126 2073 364 2105 subducerent.

170 2116 306 2156 Puteal,
340 2118 472 2159 proprie
510 2117 706 2158 operculum
749 2118 854 2160 putei.

128 2160 204 2192 Div.
220 2162 242 2192 i.
264 2165 312 2196 17.
335 2172 436 2202 supra
451 2165 560 2191 cotem
585 2162 781 2202 impositum
790 2172 855 2203 pu-

126 2206 202 2236 teal.
215 2206 286 2236 Att.
302 2206 324 2236 i.
341 2209 390 2236 lo.
401 2207 551 2246 putealia
561 2206 717 2245 sigillata.
729 2206 748 2225 ³*
764 2206 855 2238 Sext.

128 2251 158 2280 8.
176 2251 294 2289 puteal
308 2254 358 2280 est
375 2259 444 2287 ara,
460 2249 501 2279 ad
525 2259 624 2289 quam
640 2249 856 2281 foeneratores

129 2293 325 2331 consistere,
341 2296 376 2322 et
390 2297 536 2323 tractare
551 2293 680 2324 foenora
693 2293 855 2325 solebant.

130 2345 161 2366 v.
187 2336 325 2367 Salmas.
345 2337 385 2366 ad
408 2336 510 2367 Solin.
529 2347 559 2377 p.
578 2339 651 2368 802.
676 2347 724 2377 sq.
751 2338 857 2378 Span-

131 2378 222 2411 hem.
246 2380 285 2410 de
312 2380 372 2411 Us.
388 2386 423 2411 et
442 2380 493 2411 Pr.
511 2380 552 2411 N.
579 2381 666 2412 Diss.
684 2392 715 2413 x.
733 2391 766 2423 p.
788 2385 858 2420 189.

131 2422 247 2454 Burni.
264 2423 305 2453 ad
317 2424 412 2455 Ovid.
428 2424 523 2455 Rem.
540 2425 615 2455 Am.
634 2427 685 2456 50.

177 2465 312 2497 Paride.
338 2469 437 2498 nimis
462 2472 629 2499 accurate.
655 2468 712 2500 Or.
729 2468 776 2499 iii.
811 2472 858 2500 ll.

128 2510 244 2551 putide
266 2510 379 2541 literas
395 2512 590 2550 exprimere.
613 2511 708 2543 Brut.
726 2515 777 2545 82.
796 2523 860 2554 pu-

133 2554 198 2585 tide
214 2553 333 2584 dicere.
349 2555 396 2585 sic
412 2556 513 2585 etiam

179 2596 322 2628 Putidus
347 2599 381 2628 in
408 2608 572 2630 sermone.
602 2598 668 2630 Off.
694 2600 716 2631 i.
744 2603 797 2635 37.
827 2604 862 2631 et

133 2639 211 2676 Div.
225 2641 280 2672 vii.
299 2645 328 2673 5.
353 2644 457 2673 simus
467 2643 694 2683 putidiaseuli.

479 2730 521 2769 Ω.

179 2814 448 2855 ,ρααᾱναπταν-έα.
483 2815 564 2847 Coel.
594 2818 648 2849 26.
687 2819 752 2849 uisi
778 2818 864 2849 forte

133 2859 258 2902 mulier
285 2863 403 2900 potens
434 2859 678 2899 quadrantaria
705 2861 763 2895 illa
791 2871 867 2905 per.-

587 58 732 88 mnnx
763 58 1061 89 LATINITATIS.

866 148 1056 180 mutatione
1079 145 1253 178 familiaris
1268 143 1359 177 facta
1372 150 1445 178 emt
1457 145 1596 178 balneo.-

864 193 942 223 tori.
964 192 1072 223 Lusus
1097 195 1149 222 est
1175 192 1210 222 in
1233 200 1314 221 voce
1338 191 1593 230 quadrantaria.

866 236 954 268 Nam
971 235 1112 266 lavaturi
1128 235 1254 266 dabant
1277 234 1500 274 quadrantem
1523 233 1595 264 bal-

868 280 1012 317 neatori,
1029 282 1064 310 et
1089 279 1206 310 Clodia
1236 277 1428 317 aliquando,
1449 278 1490 308 ab
1517 277 1596 307 ado-

867 323 1015 354 lescente
1032 322 1184 363 decepta,
1201 331 1303 354 aereos
1325 322 1598 362 quadi-antesae-

869 371 1004 407 ceperat
1018 377 1076 407 pro
1091 372 1221 407 stupro,
1234 366 1322 397 unde
1337 365 1597 407 ‚Qaadrantaria

871 410 1112 450 appellabatur.
1136 421 1166 441 v.
1185 411 1317 441 Manut.
1336 409 1378 440 ad
1393 410 1426 440 h.
1446 409 1468 440 1.
1498 409 1598 439 Cete-

871 463 946 484 rum
972 454 1110 485 fortasse
1127 455 1372 494 quadrantaria
1388 453 1533 484 refertur
1555 450 1598 482 ad

873 498 1133 539 permutatione.

916 542 1109 583 chadrare,
1127 541 1162 571 in
1176 542 1357 572 rationibus
1373 544 1437 579 est,
1452 549 1528 571 eum
1545 548 1600 569 ae-

874 590 1047 625 ceptorum
1065 590 1100 614 et
1123 594 1344 624 expensorum
1366 594 1507 616 summae
1524 581 1602 613 soli-

874 629 925 659 ‹1ae
952 633 1044 666 suut,
1060 632 1100 658 ut
1122 637 1230 668 neque
1252 628 1325 669 plus
1352 638 1460 668 neque
1487 628 1600 658 minua

874 673 1050 703 efficiatur.
1084 671 1179 702 Verr.
1208 673 1230 702 i.
1260 672 1314 703 36.
1348 671 1513 711 quomodo
1543 679 1602 700 Dc.

875 716 992 747 eodem
1030 715 1130 746 modo
1168 716 1378 756 quadrarint.
1419 716 1439 734 ²*
1453 723 1604 745 commo-

877 761 970 798 dum,
988 759 1145 790 idoneum
1163 769 1246 790 esse.
1260 760 1356 791 Brut.
1378 761 1427 790 11.
1442 758 1602 798 quoniam

876 804 937 834 tibi
954 804 1003 834 ita
1017 804 1171 844 quadrat.
1195 803 1265 834 Att.
1283 803 1324 833 iv.
1351 806 1400 835 18.
1434 802 1476 832 ad
1492 800 1604 832 multa.

877 848 1031 888 quadrat.
1051 848 1094 877 ib.
1121 847 1190 878 xiii.
1216 851 1269 879 33.
1292 847 1319 877 si
1336 850 1496 877 neutrum
1521 854 1606 886 qua-

877 893 962 922 (Iret.
985 891 1004 910 ¹*
1019 891 1205 921 orationem
1223 900 1435 922 numerosam
1459 890 1604 927 efficere,

879 939 930 966 est
943 935 1109 976 quadrare
1123 935 1321 966 orationem.
1337 935 1394 966 Or.
1410 937 1462 966 58.
1484 934 1542 965 Or.
1559 933 1608 966 iii.

880 982 933 1010 44.
950 989 980 1009 v.
995 979 1098 1009 etiam
1114 978 1290 1018 quadrum.

923 1023 1118 1064 Quadriga».
1141 1023 1238 1053 Brut.
1255 1026 1308 1058 97.
1326 1022 1419 1063 quasi
1435 1021 1608 1063 quadriga

881 1067 1004 1097 vehens
1021 1077 1081 1107 per
1096 1066 1221 1097 medias
1233 1066 1358 1097 laudes.
1371 1067 1542 1108 quadriga?
1552 1075 1609 1096 ce-

882 1111 1050 1141 leritatem
1076 1111 1280 1149 significant.
1302 1110 1368 1141 vid.
1394 1110 1471 1141 Div.
1495 1109 1530 1140 ii.
1553 1113 1609 1144 70.

882 1154 970 1185 conf.
986 1155 1078 1194 Lips.
1093 1154 1187 1185 Lect.
1211 1154 1289 1184 Ant.
1311 1154 1345 1184 ii.
1371 1157 1403 1188 7.
1437 1153 1457 1173 ⁴*
1473 1153 1609 1184 Muren.

883 1201 935 1233 27.
959 1198 1040 1229 mihi
1058 1197 1192 1229 videtur
1213 1199 1386 1238 praetorius
1403 1197 1610 1228 Candidatus

884 1244 919 1273 in
951 1241 1174 1280 consularem,
1206 1242 1299 1281 quasi
1339 1240 1543 1272 desultorius
1572 1241 1609 1271 in

883 1286 1130 1327 quadrigarum
1169 1284 1388 1323 curriculum,
1426 1285 1612 1316 incurrere.

884 1331 942 1361 Or.
959 1332 1012 1364 47.
1030 1330 1202 1370 quadriga>
1213 1329 1464 1370 pomeridianas.
1480 1334 1613 1369 v.post-
1628 1340 1630 1342 ·

885 1373 1102 1405 meridianus.

929 1417 1190 1459 Quadrigarius.
1207 1416 1339 1457 Fragm.
1357 1418 1391 1447 in
1405 1415 1492 1456 Tog.
1505 1414 1612 1447 Cand.

888 1467 925 1492 ut
940 1462 1044 1492 istum
1066 1461 1235 1498 omittam,
1252 1461 1287 1491 in
1310 1461 1459 1492 exercitu
1475 1459 1615 1490 Sullano

888 1505 1092 1546 praedonem,
1109 1505 1143 1535 in
1165 1504 1307 1534 introitu
1330 1504 1563 1546 gladiatorem,
1578 1504 1614 1534 in

888 1550 1027 1579 victoria
1051 1549 1316 1589 quadrigarium.
1361 1547 1616 1589 ‚Quadrigarius

888 1600 939 1623 cst
955 1593 1084 1631 auriga,
1095 1592 1151 1632 qui
1164 1592 1199 1622 in
1216 1592 1428 1622 Circensibus
1443 1591 1617 1632 quadoigit

889 1636 1055 1675 agitandis
1082 1640 1203 1667 certat.
1225 1636 1388 1666 Asconius
1412 1635 1545 1675 proprie
1561 1644 1618 1665 ac·

890 1680 972 1720 cipit
989 1679 1028 1709 de
1045 1679 1205 1717 Antonio,
1222 1680 1278 1718 qui
1294 1679 1330 1709 in
1356 1678 1582 1716 Circensibus,
1598 1687 1619 1709 a

890 1723 983 1754 Sulla
999 1728 1075 1763 post
1089 1723 1264 1753 victoriam
1279 1723 1392 1760 editis,
1415 1723 1477 1761 ita,
1493 1726 1534 1753 ut
1555 1721 1619 1752 ho-

892 1767 979 1798 nesti
1009 1767 1160 1798 homines
1175 1767 1358 1807 quadrigas
1373 1769 1525 1806 agerent,
1547 1766 1618 1807 ipse

892 1820 1023 1851 quoque
1040 1811 1223 1852 quadrigas
1247 1811 1366 1850 egerit.
1388 1809 1474 1841 Mihi
1491 1809 1620 1850 aliquid

892 1855 1035 1895 amplius
1054 1855 1109 1885 hie
1132 1855 1234 1886 latere
1249 1855 1392 1885 videtur.
1415 1853 1512 1885 Esset
1527 1854 1620 1884 enim

892 1899 955 1930 hoc
979 1898 1145 1929 mediocre
1175 1899 1385 1937 convicium3
1410 1907 1489 1929 cum
1518 1906 1621 1938 appa-

893 1947 978 1981 reat,
1004 1945 1140 1983 propter
1165 1942 1411 1983 gradationem,
1438 1941 1621 1983 quadriga·

893 1988 982 2018 rium
1007 1986 1116 2025 majus
1141 1987 1221 2026 quid
1246 1996 1317 2017 esse
1334 1990 1502 2027 oportere,
1518 1994 1622 2025 quam

895 2029 1086 2072 praedonem
1110 2034 1146 2061 et
1171 2030 1402 2070 gladiatorem.
1435 2028 1624 2060 Videbatur

896 2074 978 2105 mihi
1005 2073 1184 2114 aliquando
1200 2084 1267 2105 non
1287 2074 1386 2104 modo
1401 2073 1547 2114 proprie,
1564 2071 1624 2104 sed

896 2117 997 2149 simul
1013 2119 1117 2149 etiam
1134 2118 1174 2149 de
1191 2118 1316 2159 rapinis
1339 2117 1623 2158 proscriptionum

898 2161 1098 2203 capiendum
1115 2171 1198 2193 esse.
1244 2161 1283 2192 In
1295 2171 1396 2201 quam
1417 2159 1623 2191 sententiam

898 2216 951 2237 me
967 2204 1161 2247 impellebat
1176 2205 1267 2237 locus
1290 2206 1325 2235 in
1339 2204 1477 2236 Sueton.
1498 2203 1628 2235 Neron.

903 2250 951 2281 16.
966 2250 1072 2280 Vetiti
1081 2250 1375 2290 quadrigariorum
1385 2248 1492 2287 lusus,
1503 2247 1625 2287 quibua

900 2294 1086 2324 inveterata
1114 2293 1251 2324 licentia
1266 2293 1389 2333 passim
1411 2291 1625 2331 vagantibus¹

899 2337 1015 2368 fallere
1031 2336 1078 2368 ac
1103 2337 1207 2368 furari
1235 2347 1294 2378 per
1316 2337 1432 2377 jocum
1455 2336 1514 2375 jus
1540 2339 1626 2365 erat.

900 2391 1001 2421 quem
1032 2380 1157 2419 locum,
1188 2382 1224 2412 in
1251 2390 1317 2420 quo
1346 2377 1542 2420 explicando
1569 2381 1629 2410 aut

901 2424 1112 2455 emendando
1132 2425 1259 2457 frustra
1274 2423 1481 2455 desudarunt
1497 2422 1558 2453 viri
1569 2422 1628 2452 do-

902 2470 962 2507 cti,
979 2469 1026 2498 sic
1042 2469 1200 2509 explicari
1221 2469 1381 2509 putabam
1402 2475 1497 2507 posse
1513 2477 1520 2496 z
1545 2475 1629 2507 qua-

902 2512 1073 2551 ‹frig-ariis,
1082 2516 1158 2553 post
1167 2518 1337 2543 certamen
1347 2514 1382 2541 et
1391 2510 1563 2541 victoriam
1577 2509 1631 2540 in-

903 2556 1058 2594 valuisse,
1079 2561 1120 2587 ut
1134 2556 1263 2594 licerct‚
1274 2565 1334 2596 per
1360 2554 1477 2585 urbem
1502 2553 1630 2593 vag-ari,

905 2599 1078 2641 praemiola
1103 2604 1230 2641 petere,
1247 2604 1348 2638 atque
1364 2607 1425 2639 per
1441 2599 1573 2636 jocum,
1601 2596 1630 2627 si

905 2643 985 2683 quid
1011 2648 1161 2684 possent,
1192 2643 1336 2681 auferre,
1360 2651 1465 2682 eaque
1493 2640 1635 2672 licentia

905 2698 960 2719 eos
977 2686 1097 2718 deinde
1111 2697 1181 2718 esse
1197 2687 1327 2717 abusos.

916 2735 918 2738 ⁴
951 2731 1275 2772 Quadringenarius.
1287 2729 1356 2761 Att.
1370 2730 1412 2760 vi.
1430 2731 1459 2760 l.
1474 2727 1635 2770 quadrin-

904 2776 1052 2814 geum-Ace
1078 2774 1242 2811 cohortes,
1260 2773 1433 2812 dicuntur,
1455 2781 1530 2813 quae
1551 2780 1634 2813 qua·

907 2819 1092 2858 dringemos
1108 2818 1229 2849 milites
1241 2817 1378 2848 habent.

953 2862 1144 2904 Quadrima.
1160 2863 1219 2894 Or.
1229 2862 1282 2894 61.
1303 2859 1489 2893 sententias
1503 2858 1646 2899 redige·-

1398 2928 1425 2953 ρ
