1804 3178
523 72 667 102 nen-x
700 72 992 103 1..¹1·1'1N1r.¹1'1·18

69 159 235 198 Probum,
265 160 305 191 de
337 160 511 199 modestia,
542 161 599 192 Or.
641 161 662 191 i.
703 161 756 192 26.

19 205 192 242 prot-'eatis
208 204 464 235 commendatio.
481 204 521 234 de
540 214 605 245 qua
621 205 650 235 vi
668 205 755 235 verbi

26 257 55 276 v.
74 246 226 278 Pearcius
243 247 283 278 ad
295 248 389 278 Offic.
408 248 440 277 ii.
458 248 511 278 20.

62 288 254 329 Pincedere,
263 291 351 322 oriri.
360 291 435 321 Div.
448 290 470 320 i.
481 294 533 325 39.
545 294 756 331 posteaquam

25 332 234 375 philosophia
242 335 406 375 processit,
425 343 522 365 nemo
545 334 758 375 philosophus

26 375 124 407 aliter
138 378 254 408 sensit.

69 419 258 452 Procerieas
271 419 312 450 de
335 419 485 460 pedibus,
503 421 558 460 qui
575 420 680 461 longis
695 421 758 462 syl-

27 462 109 494 labis
126 468 281 494 constant
294 464 350 494 Or.
363 464 415 494 63.

71 506 256 538 Procerius.
284 506 414 537 adverb.
445 506 587 546 longius.
622 510 679 539 Or
711 509 757 539 iii.

24 553 79 582 6⁹.
98 551 265 590 procerius
276 550 461 590 projectum
479 551 663 589 brachium,
680 562 760 591 qua-

23 593 52 625 ai
69 593 234 632 quoddam
249 592 354 624 telum
369 594 537 624 orationis.
561 595 760 636 Sicproceroe

26 635 145 676 palme
162 646 214 676 ap.
231 635 414 667 Catullum.

70 678 255 716 processus,
268 679 446 720 prosectu&
469 680 592 711 nrm.-
581 702 588 715 .
599 686 629 712 8.
645 687 756 712 tantos

17 731 185 762 processus
209 722 363 761 faciebat,
388 728 426 754 ut
445 724 587 762 evolare,
611 735 677 755 non
703 736 758 755 cx-

25 776 157 797 currere
181 767 358 797 videretur.
387 768 405 785 ¹*
421 766 553 806 gradus.
591 768 682 798 Brut.
706 770 758 799 65.

17 819 184 850 processus
198 810 339 841 dicendi.
357 820 385 840 v.
398 811 529 849 gradus.

69 852 272 884 Procinclus.
297 855 390 884 Orat.
407 854 428 884 i.
445 857 497 885 53.
525 853 600 884 Nat.
615 854 657 885 D.
676 855 706 885 ii.
725 858 755 886 3.

25 900 230 927 testamenta
241 898 275 927 in
285 899 464 937 procinctu.
488 897 573 927 Sunt
590 898 758 936 militaria,

28 949 101 978 qnae
119 940 205 971 fiunt
221 945 312 977 ante,
335 948 434 979 quam
452 939 491 970 nd
509 940 660 980 proeliuin
678 942 758 979 itur,

24 988 99 1013 tuin
117 983 208 1014 enim
226 982 320 1013 miles
336 988 386 1014 est
403 983 436 1013 in
448 985 629 1023 procinctu.

69 1026 312 1064 proclamator,
330 1027 453 1057 rabula.
479 1027 534 1057 Or.
548 1028 568 1057 i.
582 1028 635 1058 46.

68 1069 294 1107 Prot-liumus,
324 1070 517 1100 inclinatus.
561 1072 631 1101 Att.
663 1081 694 1101 x.
727 1074 757 1102 8.

19 1114 206 1153 proclinata
215 1113 287 1152 jam
303 1122 349 1143 re.

67 1155 277 1194 Proclivitas,
293 1156 372 1196 quid
387 1157 453 1186 sit?
478 1157 614 1188 Tuscul.
628 1158 670 1188 iv.
694 1159 742 1189 12.

68 1199 257 1237 Prot-ansul,
274 1200 335 1230 hac
361 1200 479 1237 forma,
497 1211 563 1231 uno
580 1202 690 1238 verbo,
705 1206 758 1232 est

24 1242 153 1282 aliquot
164 1243 242 1274 locis
259 1243 347 1283 apud
357 1243 570 1274 Ciceronem:
587 1250 626 1274 ut
643 1244 755 1275 Vatin.

25 1289 57 1318 ὁ.
81 1291 116 1317 et
143 1286 234 1324 alibi,
257 1297 357 1326 quam
384 1288 582 1327 scripturam
607 1287 674 1317 late
701 1287 757 1317 de-

24 1329 134 1361 fendit
149 1331 281 1361 Manut.
296 1330 338 1360 ad
354 1330 458 1370 Epist.
476 1330 519 1362 ad
530 1331 604 1362 Div.
621 1331 641 1361 i.
663 1334 688 1362 1.
701 1331 757 1361 ad-

24 1372 65 1403 de
96 1378 210 1405 nostra
229 1373 270 1403 ad
298 1373 466 1404 Tacitum.
512 1374 621 1414 Atque
654 1376 756 1406 etiam

22 1417 113 1457 apud
129 1416 259 1447 Livium
271 1427 356 1458 saepe
370 1418 404 1448 in
419 1418 573 1448 omnibus
590 1418 680 1448 libris
693 1423 756 1455 est,

23 1466 63 1490 ut
79 1461 200 1490 xxxvii.
216 1460 269 1491 46.
282 1462 391 1491 xxxix.
410 1463 463 1494 29.
477 1460 560 1491 adde
576 1461 666 1491 dicta
678 1461 758 1491 Ges-

24 1512 104 1534 nero
131 1513 160 1534 v.
195 1503 265 1534 Cel.
291 1504 326 1534 in
348 1503 531 1534 Thesauro.
561 1504 687 1543 Saepius
707 1509 759 1535 ta-

24 1555 104 1577 men
119 1546 235 1577 Cicero
251 1546 351 1577 habet
366 1546 505 1578 alteram
519 1547 661 1578 formam
688 1546 759 1578 Pro

27 1590 170 1628 (hasale,
189 1591 222 1620 in
248 1589 396 1622 Verrinis
421 1595 455 1621 et
479 1591 566 1621 alibi.
590 1591 757 1631 *Proprie

23 1641 138 1664 autem
156 1633 227 1665 Pro
246 1633 361 1665 Consul
375 1639 439 1684 est,
455 1635 510 1674 qui
535 1644 601 1665 non
618 1635 756 1673 Consul,

21 1680 137 1708 tamen
166 1687 242 1707 cum
271 1677 409 1727 irnperio
433 1678 605 1708 Consulari
633 1678 759 1708 exerci-

19 1724 110 1757 tum,
127 1725 188 1751 aut
212 1721 414 1760 provinciam
432 1731 509 1751 euin
525 1721 672 1752 exercitu
699 1721 757 1751 ob-

21 1764 120 1794 tinet.
151 1763 216 1794 Sed
229 1767 343 1794 tamen
360 1764 528 1795 interdum
543 1765 645 1795 etiam
662 1764 702 1794 de
717 1774 756 1794 eo

22 1806 159 1845 dicitur,
174 1808 230 1846 qui
246 1812 381 1838 tantum
398 1808 547 1848 praetoris
576 1808 755 1848 imperium

22 1849 136 1888 habet,
160 1860 198 1881 ac
222 1849 413 1890 Proproetor
436 1850 500 1881 dici
524 1851 685 1882 debebat:
715 1855 756 1881 ut

1445 67 1531 106 393

797 171 894 200 quem
910 168 946 192 tu
971 172 1036 193 non
1054 172 1112 204 pro
1128 162 1216 194 inim
1232 162 1393 203 digniora
1404 164 1527 203 produ-

795 206 1007 236 .1·eras.’vid.
1024 208 1130 237 Croev.
1156 206 1195 237 ad
1220 206 1251 236 h.
1276 206 1297 237 1.
1324 212 1357 237 et
1382 207 1422 237 :ul
1450 207 1528 238 Div.

798 249 852 278 xii.
875 252 896 278 Ι
893 252 921 279 ’.1
946 256 981 279 ct
998 249 1210 280 Lae1.;0.·
1205 260 1236 280 in
1253 251 1409 280 concione
1425 251 1526 282 alicui

799 296 994 331 pote-tatem
1011 293 1086 323 dare
1111 293 1255 329 attendi.
1270 294 1337 324 sixt·
1360 294 1446 333 quod
1474 304 1528 323 ve-

801 334 851 371 lit,
878 336 944 366 sive
966 336 1208 366 ῐυ-ιῐὶῐηυιιίυιιι.
1241 337 1338 367 Dom.
1367 341 1413 367 15.
1438 339 1529 369 Sext.

804 381 851 408 14.
876 379 969 410 Brut.
987 381 1038 409 60.
1064 380 1157 416 item,
1181 380 1298 418 juben·
1324 380 1467 419 aliquem
1495 381 1531 413 in

801 423 958 452 concione
982 422 1177 463 respondere
1204 422 1245 452 ad
1271 424 1423 460 crimina,
1451 425 1531 462 Agr.

801 465 834 494 ii.
851 467 902 495 36.
928 475 1025 496 nemo
1047 466 1087 496 ml
1110 476 1185 507 pop.
1214 466 1252 496 R.
1273 477 1327 496 vos
1353 467 1531 507 adducere,

802 518 898 538 nemo
920 509 1097 548 producere
1124 509 1236 549 possit.
1264 510 1319 540 ubi
1344 520 1371 539 ν.
1391 509 1530 542 Laured.

801 557 834 581 ct
859 552 1005 582 'rui-neb.
1021 552 1061 583 ad
1080 553 1154 594 Diy.
1172 553 1226 582 xii.
1243 556 1273 583 3.
1292 553 1468 593 productus
1494 555 1531 584 in

801 596 995 626 concionem
1023 606 1042 626 a
1066 596 1222 633 canutio,
1247 597 1436 636 turpissime
1466 597 1531 626 dis-

802 639 911 668 cessit.
936 639 1192 679 ‘producuntur
1205 640 1320 677 etiam,
1336 640 1392 678 qui
1409 640 1442 669 in
1458 650 1533 679 spe·

801 681 939 711 ctaculis
957 682 1165 713 exhibentur.
1190 683 1258 713 Att.
1278 683 1318 713 iv.
1341 686 1388 714 15.
1412 685 1438 712 is
1457 691 1531 715 erat

800 732 878 754 ante
910 727 1145 762 manumissus,
1179 736 1278 765 qnam
1310 726 1533 766 productus-

801 767 944 806 palmam
981 769 1071 798 tulit.
1119 769 1292 799 ‘dimi-re.
1327 769 1367 810 Q.
1405 769 1454 799 lr
1494 771 1529 801 ii.

801 813 830 840 3.
860 811 1022 851 pruine-ta
1055 812 1123 842 dies
1153 819 1201 842 est
1232 814 1263 842 in
1290 813 1331 843 iv.
1358 812 1406 842 ld.
1435 812 1529 844 Febr.

800 854 997 884 ‘extrahere
1027 855 1196 894 aliquem:
1221 856 1317 885 eintn
1342 855 1529 887 anshalten.

799 897 915 937 Quint.
940 902 970 928 8.
995 898 1238 929 conditionibus
1255 898 1343 929 hunc
1368 899 1532 939 pmducit.

799 940 817 958 ⁴
831 940 869 970 de
887 940 969 971 tilio.
992 941 1084 972 Verr.
1111 943 1132 972 i.
1154 944 1199 972 1⁶2.
1221 953 1258 972 ex
1290 953 1339 979 cu,
1357 953 1455 981 quem
1477 943 1531 973 sui

799 983 1006 1014 simillimum
1026 986 1194 1024 produxit,
1218 995 1414 1022 cognoscere
1437 990 1530 1025 pote·

799 1028 868 1057 stis.
903 1027 977 1068 ⁸⁹2.
1004 1027 1053 1058 Fr.
1084 1028 1117 1058 ii.
1147 1031 1195 1058 1⁴.
1227 1029 1385 1059 Cicerone
1417 1033 1532 1063 nostro

800 1071 927 1100 minore
939 1071 1149 1111 produt-endo.
1166 1072 1227 1102 hoe
1243 1081 1308 1102 non
1326 1072 1486 1111 intelligo.

842 1112 1008 1144 Praduete
1030 1114 1088 1144 Or.
1103 1117 1156 1145 4¹5.
1174 1125 1248 1154 opp.
1273 1115 1426 1145 breviter.

841 1154 1264 1200 Productumzvgonypcirn.
1283 1158 1352 1188 Fin.
1371 1159 1416 1189 iii.
1434 1158 1481 1190 16.
1499 1167 1527 1190 v.

799 1205 1037 1238 argumentum
1055 1200 1076 1230 l.
1089 1201 1134 1230 iii.
1150 1201 1189 1230 de
1207 1201 1351 1232 Finibus.

842 1242 1016 1283 Profectio.
1050 1243 1184 1274 Cluent.
1207 1247 1259 1275 30.
1290 1244 1444 1284 profectio
1469 1255 1526 1286 pt*-

798 1287 906 1316 cuniae
925 1298 932 1316 :
957 1287 989 1317 h.
1005 1298 1034 1317 e.
1051 1297 1070 1318 a
1095 1297 1160 1326 qno
1176 1287 1254 1318 data
1269 1289 1322 1318 sit.
1345 1288 1386 1318 ad
1400 1289 1475 1319 Div.
1494 1289 1529 1319 ii.

803 1330 852 1360 16.
870 1329 910 1360 de
926 1330 1032 1367 abitu,
1047 1341 1074 1360 v.
1091 1340 1120 1360 c.
1136 1331 1170 1360 in
1185 1331 1321 1361 exilium
1339 1333 1399 1362 διο.

842 1371 1012 1413 Proferre,
1054 1373 1196 1404 differre.
1235 1375 1336 1405 Attic.
1372 1375 1439 1405 xiii.
1477 1378 1527 1406 14.

797 1414 904 1447 laxius
920 1416 1072 1457 proferre
1099 1417 1197 1448 diem.
1216 1417 1293 1448 ibid.
1313 1420 1361 1448 12.
1379 1417 1533 1458 proferre

799 1460 999 1491 auctionem.
1031 1460 1074 1490 cf.
1106 1460 1228 1491 Caecin.
1261 1464 1292 1492 4.
1331 1461 1443 1491 Plane.
1475 1463 1531 1493 20.

799 1502 989 1542 provehere.
1012 1503 1095 1534 Sull.
1111 1505 1163 1534 23.
1179 1505 1206 1534 si
1218 1504 1347 1542 longius
1363 1514 1440 1534 eum
1452 1515 1529 1545 pro-

799 1547 922 1577 tulisset
938 1547 1056 1586 pietas,
1073 1548 1093 1577 i.
1111 1557 1140 1576 e.
1164 1548 1375 1587 provexisset.
1400 1549 1418 1566 *⁵
1435 1548 1528 1578 inut-

800 1589 884 1627 nire‚
911 1591 1134 1630 excogitatum
1160 1590 1338 1630 publicare.
1362 1591 1462 1622 Acad.
1486 1592 1530 1621 iv.

804 1635 830 1662 1.
853 1642 918 1669 ars,
937 1643 1010 1672 quae
1026 1637 1098 1663 tum
1116 1635 1262 1674 primum
1287 1633 1528 1674 prosi-rebatur.

798 1675 876 1706 Nat.
894 1676 937 1707 D.
954 1677 999 1706 iii.
1012 1680 1075 1707 -30,
1093 1677 1258 1715 judicium
1279 1680 1426 1717 protulit.
1451 1678 1526 1708 add.

798 1719 948 1750 Broukh.
976 1719 1018 1750 ad
1045 1719 1119 1750 Tib.
1150 1721 1171 1750 i.
1206 1724 1252 1751 11.
1279 1724 1306 1752 1.
1338 1722 1357 1739 ἕ
1374 1720 1531 1761 perferre.

799 1762 870 1793 Fin.
886 1763 931 1793 iii.
946 1764 999 1794 2⁶2.
1022 1773 1126 1803 usque
1137 1763 1179 1794 ad
1191 1774 1306 1804 rogum
1316 1766 1528 1805 protulissset.

797 1806 854 1836 sed
872 1816 900 1835 v.
919 1811 986 1836 not.

841 1847 1013 1888 Prrffessio.
1048 1849 1118 1880 Att.
1141 1851 1209 1881 xiii.
1240 1853 1292 1881 33.
1317 1850 1422 1880 relata
1447 1860 1526 1890 pro-

21 1891 247 1928 Verr.iii.91.
269 1894 326 1924 ubi
351 1903 381 1924 v.
397 1893 531 1925 Manut.
559 1894 601 1926 cf.
619 1895 653 1925 in
669 1894 758 1925 Prae-
783 1891 905 1932 fissio.-
942 1893 963 1922 i.
980 1904 1008 1922 c.
1026 1893 1188 1924 bonorum
1215 1893 1249 1923 in
1277 1903 1414 1923 censum
1437 1892 1526 1923 dela-

21 1940 85 1968 tor.
102 1936 176 1967 add.
199 1936 377 1968 Dukerum
394 1937 437 1967 ad
449 1937 582 1970 Livium
599 1937 633 1969 ll.
651 1948 698 1969 cc.

67 1979 284 2018 Procurator,
310 1981 366 2020 qui
383 1990 434 2010 res
456 1980 593 2012 alterius
609 1981 754 2012 absentis

798 1936 856 1966 tio.
874 1935 916 1966 cf.
930 1935 1028 1967 Arch.
1045 1939 1076 1966 4.

842 1977 1019 2019 Prtficere,
1041 1980 1169 2010 efficere
1203 1981 1259 2010 Or.
1283 1980 1329 2009 iii.
1352 1983 1404 2009 51.
1444 1978 1528 2009 nihil

22 2030 132 2061 aurat,
148 2033 282 2054 causam
298 2024 379 2063 agit,
392 2023 551 2056 defendit.
573 2024 616 2056 ad
638 2025 714 2057 Div.
732 2025 753 2055 i.
793 2022 949 2062 proficere
964 2024 1114 2053 oratione
1131 2023 1172 2053 ad
1193 2030 1323 2053 mentes
1339 2023 1527 2054 flectendas.

21 2070 54 2099 8.
76 2067 194 2108 Quint.
212 2071 244 2101 7.
268 2066 391 2097 Caecin.
409 2068 461 2098 20.

55 2110 223 2147 ,Prodere,
235 2109 436 2150 relinquere,
450 2109 594 2141 tradere.
616 2109 709 2142 Verr.
727 2121 757 2142 v.

799 2065 877 2096 ibid.
889 2065 1110 2106 plusprqficit,
1123 2066 1259 2106 (neutr),
1275 2067 1301 2096 si
1318 2066 1524 2106 proponitur.
1563 2091 1565 2094 .

799 2109 820 2139 i.
836 2118 865 2139 e.
890 2109 1034 2149 prodest.
1059 2109 1102 2140 ad
1122 2110 1193 2140 Att.
1210 2110 1230 2140 i.
1252 2112 1278 2139 1.
1312 2119 1407 2149 spero
1434 2108 1527 2139 nobis

26 2156 76 2185 14.
99 2154 255 2194 imaginis
275 2154 524 2194 prodendoejus.
548 2153 630 2193 Leg.
652 2154 686 2184 ii.
707 2157 756 2189 19.
793 2152 919 2193 profici.

22 2202 62 2228 ut
90 2197 247 2238 deinceps
276 2197 411 2227 familiis
436 2197 632 2236 prodantur.
661 2197 757 2228 Offic.

21 2241 68 2272 iii.
83 2242 137 2272 21.
156 2250 297 2280 regnum
314 2251 334 2271 a
347 2240 489 2272 Tantalo
500 2245 535 2270 et
551 2239 670 2280 Pelope
682 2251 756 2281 pro-

22 2285 128 2316 ditum
149 2285 226 2324 jure
250 2284 474 2317 obtinebatur.
505 2284 523 2302 ὖ
541 2293 665 2321 creare,
682 2294 758 2324 pro-

21 2328 93 2368 prie
117 2327 156 2358 de
181 2327 314 2358 flamine
340 2331 376 2357 et
401 2328 577 2365 interrege.
601 2326 674 2358 Mil.
709 2330 758 2358 10.

23 2371 195 2403 flaminem
207 2371 355 2411 prodere.
371 2370 459 2402 cons.
477 2371 576 2401 Dom.
597 2372 643 2400 14.
668 2369 758 2401 ‘de-

845 2195 1023 2235 Pmficisce',
1051 2195 1184 2226 initium
1214 2194 1333 2226 facere.
1356 2195 1435 2235 Lag.
1453 2195 1475 2224 i.
1493 2195 1525 2225 6.

800 2238 1228 2288 placuitprqficssdalege.
1253 2239 1322 2268 Fin.
1339 2239 1372 2268 ii.
1395 2241 1440 2269 14.
1451 2248 1529 2277 pro·-

787 2281 933 2322 see-tusa
948 2282 1096 2312 caritate
1115 2282 1156 2312 cf.
1176 2283 1220 2312 iii.
1237 2283 1288 2312 21.
1312 2282 1435 2312 *ou-iri.
1449 2282 1525 2312 Div.

801 2326 820 2355 i.
837 2329 867 2356 3.
891 2326 948 2364 qui
969 2324 1137 2355 aZenone
1159 2324 1411 2365 Jnofeclisunt:
1450 2324 1481 2354 Ιι.
1498 2334 1528 2354 e.

799 2372 988 2399 sectatores.
1013 2367 1104 2399 Verr.
1121 2368 1154 2398 ii.
1170 2372 1222 2402 71.
1247 2378 1284 2398 ex
1298 2367 1531 2407 equestriloco

23 2423 146 2446 serere.
170 2413 275 2445 flacc.
297 2416 349 2445 41.
372 2424 434 2453 ego
460 2418 494 2444 te
513 2413 694 2453 prodidero.
725 2423 756 2444 v.
793 2410 952 2452 profheta.

25 2456 128 2488 Gron.
145 2457 224 2489 Obs.
239 2458 285 2488 iii.
300 2459 353 2489 20.
377 2458 482 2488 Graev.
500 2457 540 2487 ad
557 2456 590 2487 h.
607 2455 628 2486 1.

69 2499 256 2543 Prodietus.
279 2501 377 2532 Dom.
406 2504 454 2534 17.
471 2500 621 2540 prodicta
644 2498 745 2530 die:
738 2510 760 2530 1.

26 2553 56 2574 e.
75 2544 175 2583 dicta,
200 2544 350 2575 definita.
366 2555 396 2575 v.
418 2544 524 2584 Ryok.
537 2543 579 2574 ad
593 2543 702 2574 Tacit.
719 2543 758 2574 A.

25 2587 60 2618 ii.
72 2590 125 2621 79.
149 2587 402 2618 Drakenborch.
421 2587 463 2618 ad
479 2586 550 2617 Liv.
568 2586 601 2616 ii.
619 2586 687 2621 61.>

69 2629 256 2661 Prodi-omi.
272 2632 372 2662 Attic.
389 2631 453 2661 xvi.
471 2631 502 2661 6.
526 2630 616 2660 venti
633 2629 760 2668 aquilo-

27 2682 85 2704 nes
101 2674 266 2714 spirantes
277 2674 389 2715 paullo
398 2679 476 2704 ante
486 2674 616 2704 etesias.
629 2683 658 2703 v.
675 2672 758 2713 Pop-

27 2725 85 2746 ma
95 2716 136 2747 ad
151 2716 223 2748 hsl.

68 2759 266 2797 producere,
298 2761 488 2800 provehere.
524 2759 603 2790 Her.
636 2759 678 2790 iv.
703 2761 757 2793 47.

17 2803 198 2843 productus
212 2803 324 2834 studio
346 2809 382 2835 et
403 2804 538 2835 viribus.
562 2804 608 2834 sie
624 2807 659 2833 et
680 2801 757 2832 alibi

24 2845 158 2884 dicitur.
193 2846 213 2867 θ
229 2855 346 2881 ornare
377 2848 568 2886 houm-ibus-
598 2846 698 2880 Dom.
725 2849 759 2882 9.

845 2454 1012 2495 Profiteri,
1029 2453 1138 2493 edere,
1155 2454 1274 2485 dicere.
1299 2455 1391 2485 Verr.
1414 2454 1460 2484 iii.
1478 2453 1532 2485 56.

800 2502 933 2528 tantum
951 2497 1010 2528 de‹.
1014 2507 1173 2528 umanum
1195 2497 1377 2538 professum
1397 2508 1466 2527 esse
1484 2497 1528 2527 si-

802 2542 833 2571 bi
859 2542 981 2572 deberi.
999 2541 1097 2571 Arch.
1122 2544 1153 2572 4.
1173 2541 1336 2581 professus
1362 2545 1413 2571 est
1439 2540 1529 2581 apud

802 2585 980 2616 Praetorem
995 2596 1001 2614 z
1027 2585 1089 2614 int.
1105 2594 1239 2615 nomen.

847 2627 1047 2668 Prrfiigare,
1069 2637 1225 2666 magnam
1243 2627 1288 2657 rei
1306 2630 1433 2667 partem
1453 2637 1533 2656 con-

802 2671 910 2701 ficere.
931 2670 1032 2700 Tusc.
1054 2680 1083 2700 v.
1110 2672 1139 2701 6.
1158 2669 1420 2712 μψίςηιιψιω
1444 2679 1533 2709 qua·-

800 2715 865 2744 stio
895 2719 960 2749 est.
986 2721 1019 2744 et
1051 2723 1144 2753 paene
1170 2714 1212 2744 ad
1234 2715 1361 2744 exitum
1379 2713 1533 2744 adducta.

802 2758 895 2788 Prov.
913 2758 1011 2788 Cons.
1032 2759 1079 2787 14.
1102 2760 1270 2797 oporteret
1286 2757 1326 2787 ab
1342 2756 1457 2787 eodem
1475 2755 1533 2786 illa.

801 2801 926 2839 omnia,
943 2810 963 2830 a
987 2810 1052 2839 qun
1077 2799 1259 2841 profligata
1289 2806 1382 2838 sunt,
1412 2799 1530 2828 confici

802 2843 898 2878 velle.
914 2843 956 2876 cf.
973 2843 1015 2878 ad
1031 2844 1107 2876 Div.
1126 2843 1182 2876 xii.
1203 2847 1255 2879 30.
1272 2843 1360 2876 conf.
1383 2841 1460 2874 ibid.
1483 2843 1529 2871 1⁴.
