1804 3235
0 3009 15 3235 '‘ww-fi
0 2919 7 3002 —.-—-

660 197 805 226 mnnx
825 195 1190 225 enocha-puteus.
1610 187 1661 224 53

148 286 299 362 {limi
316 286 671 363 ξ’-’,,ξ’ἓ,ἳ.ξὲ“ἔ”ξῗξὲξ“
684 287 788 361 ἷὲμῖἓ
804 287 887 366 2³²ss

152 376 203 406 10.
234 382 270 405 et
301 376 345 406 ibi
378 375 526 416 lutei-pp.
557 374 714 405 Heinsius
740 381 774 405 et
803 374 885 405 Bur-

145 426 263 449 mann.
280 418 323 449 ad
337 419 428 458 Virg.
445 418 521 449 AEn.
538 418 593 448 vii.
611 420 684 451 719.

193 461 332 499 Rudini,
349 462 389 492 de
412 462 504 492 Orat.
530 461 574 491 iii.
600 463 655 493 49.
687 460 803 491 incola·
826 472 884 502 op—

147 504 216 545 pidi
240 505 275 536 in
300 504 452 536 Calabria
477 504 673 536 Rudini—um.
703 515 760 545 pro
786 504 883 536 ΑΓι-Ιι.

152 551 200 579 10.
230 548 362 579 Radius
385 554 446 579 est.
492 548 556 579 Sed
580 548 633 577 hic
654 558 783 587 quoque
804 549 881 579 Ant.

146 591 353 631 Augustinus
371 597 403 621 et
424 591 563 622 Ursinus
580 592 711 621 rescribi
730 591 883 622 volebant

147 634 312 666 Rudinus.
364 635 530 666 Ausonius
567 645 697 674 quoque
735 635 880 666 Ennium

147 678 319 709 Rudinum
329 678 520 719 appellavit,
533 687 598 708 non
612 679 770 709 [sudium.
797 678 882 709 ltcm

145 730 198 762 ap.
216 720 364 753 Frontin.
382 722 422 752 de
440 721 556 752 Culon.
574 733 606 762 p.
628 723 698 756 1⁸27.
726 721 880 754 leodinus,

494 851 526 882 S.

191 935 320 974 Sabini,
336 935 478 977 populus
494 936 593 966 Latii.

191 980 299 1010 Sacra
328 981 395 1017 via,
423 979 465 1009 ad
487 979 557 1009 Att.
587 979 628 1009 iv.
653 982 683 1010 3.
709 981 762 1010 via
792 981 882 1013 urbis

145 1021 275 1059 Romae,
306 1032 379 1062 quae
414 1032 536 1052 nomen
568 1022 667 1053 habet
697 1033 718 1054 a
747 1024 881 1063 foederc,

146 1065 291 1104 quodxin
314 1076 355 1096 ea
377 1066 466 1096 inter
486 1065 668 1096 Romulum
692 1075 726 1097 et
743 1067 879 1099 Tatium

144 1109 251 1139 ictum
267 1115 329 1140 est.

190 1151 317 1192 Sagra,
330 1152 370 1183 de
386 1152 465 1183 Nat.
483 1153 525 1183 D.
544 1153 577 1182 ii.
595 1155 624 1183 2.
652 1153 769 1184 fluvius
783 1154 882 1186 Brut-

143 1195 269 1226 tiorum
297 1197 386 1227 inter
412 1197 534 1227 Locros
561 1202 595 1226 et
622 1196 819 1228 Cauloniam
848 1199 881 1229 in

145 1236 273 1279 Magna
287 1239 426 1270 Graecia.

190 1282 396 1323 Saguntum,
434 1284 511 1314 urbs
552 1283 722 1323 Hispaniae
764 1283 884 1315 Tarra—

144 1327 319 1366 conensi55
336 1327 425 1357 unde
445 1327 635 1366 Saguntini.

191 1367 307 1407 Saitae,
332 1371 372 1400 de
402 1370 481 1400 Nat.
508 1370 607 1401 Deor.
634 1371 680 1400 iii.
704 1371 756 1402 ⁶23.
781 1381 800 1401 a
822 1371 883 1403 Sui

143 1413 227 1444 urbe
242 1414 391 1454 AEgypfi,
408 1419 442 1443 et
459 1413 592 1452 quidem
610 1414 644 1443 in
662 1414 774 1444 Delta.

191 1457 349 1494 Salamis,
366 1458 406 1487 de
422 1457 486 1488 Off.
502 1457 523 1487 i.
547 1460 595 1488 18.
627 1467 694 1487 una
710 1467 750 1488 ex
765 1458 881 1489 insulis

142 1499 271 1539 ‚Gi-acis
308 1501 398 1531 circa
441 1500 721 1542 Peloponnesum,
763 1502 882 1533 nobilis

146 1543 241 1574 clade
255 1543 385 1575 Xerxis.

191 1587 350 1625 Salamis,
376 1587 419 1618 ad
441 1587 512 1618 Att.
538 1588 581 1618 vi.
609 1591 636 1618 1.
664 1589 742 1620 urbs
772 1589 882 1630 C>pri.

146 1629 246 1662 Unde
281 1631 472 1670 Salaminii,
503 1632 545 1662 ad
575 1631 647 1662 Att.
678 1643 708 1663 v.
738 1635 790 1664 21.
822 1643 882 1673 pro

144 1673 292 1706 Areua.

192 1717 358 1758 Salapiai,
374 1718 490 1759 Agrar.
511 1720 545 1750 ii.
567 1721 619 1753 27.
637 1718 755 1750 incolae
770 1720 883 1761 oppidi

146 1760 277 1802 Apuliae
293 1761 469 1802 Salapinae.

192 1805 343 1844 Salaria,
359 1806 399 1836 de
415 1805 494 1837 Nat.
510 1806 553 1837 D.
568 1807 616 1837 iii.
632 1810 662 1838 5.
684 1807 747 1838 Via
762 1811 887 1847 aporta

144 1847 280 1880 Collina
294 1850 329 1880 in
346 1849 496 1888 Sabinos,
512 1860 532 1880 a
546 1849 614 1880 sale
630 1850 721 1881 dicta
736 1861 796 1892 per
809 1860 884 1881 eam

146 1891 291 1924 Romam
307 1893 456 1924 devecto.

193 1935 372 1974 Salentini,
401 1936 498 1968 Rosc.
529 1937 641 1968 Amer.
675 1938 727 1969 46.
766 1937 884 1968 ineolae

150 1979 265 2020 oppidi
281 1980 451 2018 Sulcum,
467 1981 503 2011 in
521 1980 684 2011 Calabria.

194 2023 386 2061 Salernum,
403 2023 553 2055 Hei-eun.
576 2025 618 2055 iv.
643 2027 694 2055 51.
725 2024 885 2065 oppidum

149 2066 416 2106 Picentinorum,
432 2077 509 2108 pop.
523 2068 559 2098 in
575 2067 701 2107 Magna
715 2068 855 2099 Graecia.

194 2110 375 2148 Samnites,
392 2111 505 2152 populi
520 2111 658 2142 Samnii.
688 2112 770 2142 item

194 2154 341 2192 Samnis,
381 2163 485 2194 genus
523 2154 759 2195 gladiatorum,
797 2156 886 2195 quod

149 2197 251 2229 armis
266 2198 458 2230 Samniticis
473 2199 644 2230 utebatur.
670 2209 700 2229 v.
716 2197 788 2230 Liv.
803 2199 826 2231 1.
842 2201 886 2230 ix.

195 2283 386 2323 Samnium,
403 2286 495 2325 regio
514 2285 620 2315 Italia*
637 2285 726 2315 inter
738 2285 887 2324 volscos,

150 2327 319 2368 Pelignos,
337 2328 538 2369 Campanos
555 2328 692 2369 Apulos,
708 2329 872 2361 Lucanos.

195 2371 450 2410 Samarobrivae,
462 2373 503 2403 ad
515 2372 592 2404 Div.
609 2373 663 2403 vii.
679 2374 710 2404 2.
726 2373 886 2415 oppidum

152 2414 270 2446 Gauiae
286 2414 430 2456 Belgicae
446 2417 481 2446 in
497 2416 679 2447 Ainbianis.

196 2458 324 2497 Swmos,
336 2459 446 2490 insula
456 2459 603 2490 Asiatica
614 2460 648 2490 in
663 2460 746 2490 mari
761 2460 889 2501 Εἰς-κο,

152 2511 232 2533 cum
254 2503 336 2533 urbe
359 2503 509 2543 ejusdem
534 2504 692 2541 nominis,
711 2503 801 2533 unde
826 2504 889 2535 Sa-

151 2547 224 2583 mii,
237 2545 367 2620 l{S'cmu'a
388 2556 482 2586 vasa,
505 2557 564 2588 pro
586 2547 676 2578 Mur.
699 2549 751 2579 36.
773 2547 891 2578 fictilia

152 2592 189 2620 et
205 2589 235 2620 vi
251 2589 293 2620 'a-

198 2632 442 2671 Samotltracia,
461 2634 571 2665 insula
593 2643 662 2665 una
675 2645 726 2667 ¹ex
745 2635 798 2672 iis,
815 2644 889 2674 quae

154 2676 244 2708 circa
256 2675 434 2708 Thraciam
445 2678 574 2717 jacent.

198 2719 313 2757 Sardi,
343 2720 462 2752 incolae
499 2721 672 2759 Sardiniae,
704 2720 822 2751 insulae
856 2721 891 2751 in

154 2763 239 2794 mari
255 2762 438 2802 Ligustico.

200 2805 331 2844 Sardis,
347 2807 388 2837 de
409 2808 540 2839 Scnect.
566 2812 614 2842 17.
631 2809 708 2838 urbs
726 2808 894 2848 praecipua

155 2848 285 2890 Lydiae,
301 2859 321 2879 a
336 2860 402 2890 qua
419 2851 590 2882 Sat-dlani.
614 2852 655 2881 ad
672 2853 728 2882 Dii
740 2875 746 2882 .
760 2852 827 2882 xiii.
842 2854 892 2882 55.

201 2892 398 2932 Sardonius,
412 2895 454 2925 ad
471 2895 547 2926 niv.
560 2896 614 2926 vii.
627 2896 679 2926 25.
699 2906 718 2924 a
733 2895 894 2925 Sardinia.

203 2935 388 2977 Satricum,
404 2939 483 2970 urbs
506 2939 594 2970 Latii
618 2939 747 2978 antiqui
772 2938 812 2968 ad
832 2938 895 2978 Ap-

158 2979 250 3024 piam
268 2980 366 3014 viam.

974 284 1067 316 Saxa
1088 287 1203 322 rubra,
1229 284 1312 317 Phil.
1332 286 1365 316 ii.
1386 288 1437 317 31.
1466 286 1555 316 locus
1573 287 1660 316 inu-r

931 329 956 359 C
960 339 1122 359 remoram
1139 336 1172 358 et
1188 330 1294 360 Veios.

974 374 1111 403 Scantia
1141 374 1247 411 sylva,
1276 374 1390 411 Agrar.
1421 373 1441 402 i.
1476 375 1499 401 1.
1529 378 1561 401 et
1588 372 1657 402 aliis

927 414 1027 445 locis:
1061 417 1094 445 in
1123 417 1306 455 Campania
1332 417 1394 445 tuit
1423 415 1553 455 publica
1578 415 1658 445 silva

928 469 1002 500 pop.
1030 459 1124 489 Rom.
1141 469 1238 498 quani
1259 460 1418 492 (Jrnvzorvs
1436 458 1596 498 pecimriiz
1613 458 1658 487 lo·

925 503 1058 533 cabant.
1093 504 1187 542 Aqua
1220 502 1362 533 Scantia·
1387 510 1462 531 sun!
1494 511 1546 541 ap.
1575 501 1657 530 Plin.

927 544 968 576 ll.
989 545 1029 576 N.
1047 547 1079 576 ii.
1101 549 1170 579 107.

967 588 1316 629 .S't·epsius‚'l‘useulan.
1328 589 1392 627 Qu.
1405 588 1425 618 i.
1438 589 1489 618 9A.
1507 598 1526 618 a
1536 588 1656 627 Scepsi,

924 633 1036 673 My-iae
1053 633 1186 673 oppido.
1406 643 1414 648 “

968 676 1092 715 quslla,
1111 677 1214 716 Syrtis
1231 675 1272 705 ad
1283 675 1407 705 fretum
1425 673 1586 704 Siculum.

966 720 1103 759 Scyrus,
1131 720 1173 750 ad
1195 720 1266 751 Att.
1292 729 1321 749 v.
1348 720 1396 750 12.
1429 717 1538 748 insula
1560 716 1659 747 maris

922 763 1038 802 AEgoei.

966 807 1106 844 Scyffla’,
1129 806 1240 847 populi
1258 805 1441 836 Sarmatiae,

967 850 1116 889 Scythia,
1134 860 1209 890 pars
1226 850 1399 880 Sarmatia:
1417 849 1599 888 Europaeae.

967 888 1152 930 Sebastiam,
1168 893 1305 933 Quinct.
1329 895 1381 924 25.
1408 891 1522 932 populi
1542 890 1656 921 Gallia:

923 935 1170 976 Lugdunensis,
1210 936 1325 967 AEduis
1362 942 1394 966 et
1428 934 1657 974 Allobrogibus

921 980 1105 1017 interiecti,
1121 986 1161 1010 ut
1180 979 1381 1019 intelligitur
1398 989 1438 1009 cx
1457 978 1529 1008 loco
1551 978 1659 1008 Cicer.

922 1028 956 1053 et
983 1024 1066 1054 Caes.
1094 1023 1132 1053 B.
1156 1023 1195 1053 G.
1219 1024 1273 1053 vii.
1299 1025 1350 1054 64.
1395 1021 1476 1053 Aliis
1499 1021 1659 1051 dicuntur

924 1066 1114 1105 segusiam,
1139 1067 1220 1096 item
1246 1067 1427 1097 Secnse'aui.
1473 1064 1659 1095 Hotoman-

922 1120 983 1140 nus
1007 1110 1049 1140 ad
1070 1112 1232 1141 caesarem
1257 1109 1373 1149 probat
1392 1109 1590 1147 Segusiaui:
1616 1108 1659 1138 ad

922 1153 1117 1184 Ciceronem
1133 1166 1138 1183 :
1159 1154 1341 1184 Sebusiani.
1387 1152 1601 1191 Oudendorp.
1617 1151 1658 1181 V.

924 1197 960 1226 (Ι.
977 1197 1018 1227 ad
1036 1198 1119 1227 Caes.
1142 1197 1180 1226 B.
1199 1197 1237 1227 G.
1255 1197 1275 1226 i.
1298 1200 1344 1227 10.
1375 1196 1508 1236 praefert
1526 1196 1660 1233 Segusi-

922 1241 992 1277 (mi,
1018 1250 1095 1270 cuin
1127 1241 1262 1271 interim
1298 1240 1457 1276 fateatur,
1487 1238 1660 1278 plerosque

924 1283 1017 1314 MSS.
1049 1289 1084 1314 et
1114 1290 1196 1314 vett.
1224 1283 1299 1313 edd.
1327 1283 1446 1313 habere
1475 1282 1658 1313 sebasiani.

922 1328 982 1367 Ap.
1012 1327 1206 1358 Ciceronem
1235 1327 1282 1356 nil
1309 1327 1452 1364 variant,
1479 1325 1542 1355 nisi
1571 1324 1661 1365 quod

921 1371 1040 1402 Drcsd.
1067 1371 1167 1401 habet
1185 1371 1394 1409 Sebagi-nnos.

966 1414 1115 1454 Segesta,
1146 1414 1304 1454 oppidum
1344 1412 1478 1450 siciliae,
1517 1411 1557 1442 de
1594 1421 1660 1450 quo

920 1458 986 1488 vid.
1013 1459 1104 1489 verr.
1136 1459 1178 1488 iv.
1209 1460 1261 1489 33.
1300 1458 1388 1488 unde
1422 1456 1596 1495 Segestani
1626 1458 1661 1485 et

925 1502 1128 1541 Seg-estenses
1143 1502 1188 1532 iii.
1206 1504 1258 1533 34.

967 1546 1138 1583 Seianum,
1156 1544 1198 1575 ad
1218 1545 1294 1575 Div.
1315 1544 1371 1574 vii.
1398 1553 1451 1583 ep.
1477 1545 1504 1574 1.
1535 1550 1659 1572 nomen

923 1589 1051 1629 praedii,
1065 1589 1154 1628 quod
1165 1589 1205 1619 ab
1221 1588 1360 1617 obscuro
1376 1586 1486 1625 aliquo
1501 1584 1660 1627 oppidulo

924 1642 1048 1663 nomen
1064 1632 1176 1669 habet,
1194 1632 1226 1662 in
1244 1641 1322 1671 agro
1336 1630 1487 1661 Etrusco.

968 1676 1122 1706 Seleucea
1147 1676 1276 1712 Pieria,
1295 1674 1335 1704 ad
1359 1673 1430 1704 Att.
1446 1673 1490 1703 xi.
1507 1674 1559 1703 20.
1581 1670 1660 1702 urbs

924 1719 1025 1760 Syriae
1042 1719 1083 1749 ad
1100 1719 1306 1760 Euphraten.
1324 1717 1364 1747 de
1380 1726 1446 1756 qua
1460 1715 1533 1746 vide
1550 1714 1661 1754 Polyb.

924 1773 954 1793 v.
973 1766 1024 1797 59.
1041 1768 1075 1792 et
1093 1763 1212 1793 Cellar.
1229 1761 1268 1792 G.
1285 1760 1323 1791 A.
1341 1760 1387 1790 iii.
1407 1761 1456 1791 12.
1473 1759 1524 1791 26.
1541 1768 1630 1797 seqq.

970 1807 1132 1845 Seleucia,
1151 1806 1192 1836 ad
1212 1805 1289 1837 Div.
1312 1804 1378 1834 viii.
1398 1806 1446 1835 14.
1478 1802 1570 1842 regia
1585 1801 1663 1832 Par·

924 1850 1073 1881 thorum.

971 1894 1174 1930 Semurium,
1192 1891 1277 1923 Phil.
1292 1891 1335 1921 vi.
1353 1891 1383 1921 6.
1410 1899 1488 1929 ager
1503 1898 1524 1919 a
1538 1887 1663 1918 Laren-

925 1937 975 1967 tia
1005 1947 1081 1978 pop.
1112 1937 1263 1967 Romano
1293 1935 1436 1974 legatus.
1461 1943 1491 1964 v.
1514 1932 1662 1963 Macrob.

926 1981 1061 2011 Saturn.
1078 1980 1133 2010 lib.
1150 1981 1171 2010 i.
1188 1990 1217 2011 c.
1235 1982 1284 2010 10.

970 2024 1138 2062 Senenses,
1154 2023 1250 2053 Brut.
1275 2024 1325 2052 18.
1356 2031 1375 2051 a
1397 2019 1499 2057 Sena,
1519 2017 1662 2049 Etruriae

925 2067 1058 2109 oppido.

972 2111 1135 2151 Seplasia,
1158 2110 1192 2139 in
1215 2109 1326 2139 Pison.
1352 2110 1383 2141 7.
1410 2109 1459 2137 ll.
1486 2105 1578 2136 locus
1601 2104 1664 2136 Ca·

927 2164 1015 2196 puae,
1045 2154 1102 2184 ubi
1132 2157 1310 2193 unguenta
1344 2149 1585 2180 vendebantur.
1622 2144 1665 2178 cs.

927 2199 1042 2239 Agrar.
1060 2198 1093 2228 ii.
1110 2200 1161 2228 34.

972 2241 1102 2282 Septem
1120 2240 1234 2280 Aqua’,
1259 2238 1300 2268 ad
1323 2237 1394 2267 Att.
1413 2236 1455 2267 iv.
1482 2238 1532 2266 15.
1555 2233 1664 2265 Lacus

927 2286 997 2327 agri
1014 2284 1159 2316 Reatini.
1614 2320 1620 2326 .
1639 2320 1646 2326 .

973 2329 1112 2368 Sepyra,
1129 2327 1171 2357 ad
1186 2325 1262 2357 Div.
1280 2334 1331 2355 xv.
1345 2333 1397 2364 ep.
1413 2325 1444 2353 4.
1475 2322 1567 2351 vicus
1585 2319 1664 2350 Cih-

928 2373 1000 2410 ciae,
1017 2373 1052 2402 in
1069 2381 1108 2401 ea
1123 2369 1241 2401 Amani
1261 2373 1370 2408 parte,
1390 2366 1452 2396 sub
1468 2367 1563 2404 eujus
1580 2363 1665 2394 radi-

927 2417 1019 2447 cibus
1037 2415 1109 2445 Arae
1125 2412 1303 2444 Alexandri
1319 2414 1427 2441 erant.

973 2460 1144 2499 Seriphus,
1161 2456 1200 2486 de
1222 2455 1303 2486 Nat.
1326 2454 1368 2485 D.
1386 2454 1416 2484 i:
1429 2454 1481 2483 31.
1505 2450 1615 2482 insula
1631 2450 1664 2480 in

929 2503 1014 2534 mari
1027 2503 1153 2541 AEgaeo,
1168 2501 1257 2530 inter
1271 2497 1429 2540 Cycladas
1443 2507 1453 2535 3
1471 2495 1560 2525 unde
1577 2493 1666 2525 Seri-

923 2548 1037 2588 pltz'us,
1054 2545 1093 2575 de
1110 2545 1186 2574 Sen.
1203 2546 1234 2574 3.
1624 2579 1632 2586 ι

974 2590 1107 2620 Setinus
1121 2597 1216 2626 ager,
1238 2584 1354 2624 Agrar.
1376 2584 1410 2613 ii.
1431 2584 1484 2614 25.
1506 2581 1541 2611 in
1558 2580 1669 2617 Latio,

931 2634 1064 2673 frugum
1093 2636 1127 2661 et
1147 2630 1216 2660 vini
1239 2627 1477 2664 fertilissimus,
1500 2625 1541 2655 ab
1565 2624 1669 2661 Setia,

932 2671 1330 2754 ορῖἓὲἳ·ῑ“11ἱῗ1ὲιῗιῐιιιῑοτιιῗςι,ὴ8.
1353 2714 1449 2745 Rosc.
1472 2713 1525 2744 3⁶2.
1555 2710 1670 2741 Romae

932 2764 1009 2795 fuit.

978 2805 1169 2843 Siciliensis,
1201 2802 1242 2834 de
1278 2801 1360 2833 Nat.
1394 2801 1495 2832 Deor.
1534 2798 1580 2828 iii.
1622 2799 1671 2828 10.

935 2850 961 2882 Α
1007 2873 1013 2880 .
1031 2851 1051 2880 i.
1069 2851 1101 2879 4.

965 2860 1112 2933 gigicyon,
1129 2891 1171 2921 ad
1186 2890 1258 2921 Att.
1274 2890 1297 2920 i.
1317 2891 1367 2920 13.
1395 2895 1465 2917 una
1488 2885 1528 2915 de
1544 2888 1672 2924 septem

938 2937 1130 2967 civitatibus
1142 2934 1308 2965 veteribus
1320 2931 1457 2963 Graeciae
1472 2929 1505 2959 in
1517 2927 1674 2967 Pelopon-

942 2990 1020 3012 neso
1038 2989 1138 3021 prope
1156 2978 1334 3009 Isthmum.
1380 2972 1600 3005 Celebrautur
1609 2971 1675 3000 cnl-

1108 3029 1129 3051 n
1144 3024 1162 3052 3
