1790 3219
614 96 761 128 11*an
793 95 1089 124 LATIMTATis.

129 184 276 216 &ceuton
308 187 379 217 Att.
411 187 466 217 vii.
494 188 543 216 14.
565 188 744 216 secutorum
774 184 807 213 iu

84 227 164 258 ludo
180 228 240 260 loo
258 230 405 260 fuerunt.
452 229 586 260 Secum»-
610 233 662 258 est
686 226 811 266 gladia-

83 276 150 308 tor,
166 274 222 311 qui
250 274 464 314 componitur
492 281 570 303 cum
597 271 745 308 retiario,
772 277 811 301 ut

82 320 183 355 putat
214 316 305 357 Lips.
333 317 468 347 Saturn.
498 316 531 346 ii.
559 319 590 349 7.
622 318 652 345 8.
676 314 734 344 ubi
751 323 811 354 pro

85 357 146 390 loa
160 360 387 400 reponendum
411 364 527 389 censet
546 357 607 389 cl.)
628 356 701 388 cla.
723 357 810 397 quod

84 401 140 432 ille
164 412 323 434 numerus
347 403 453 441 major
475 401 540 432 fide
563 401 706 432 videtur.
741 401 812 432 Sal-

85 455 167 476 mas.
191 446 233 477 ad
256 446 425 487 Lamprid.
452 446 582 476 Comm.
613 449 661 476 15.
686 455 717 485 p.
736 448 809 477 515.

83 494 110 520 t.
126 490 148 520 i.
174 489 263 520 Hist.
286 489 373 529 Aug.
397 494 555 520 secutores
584 489 690 520 dictos
715 493 812 529 putat

82 532 295 572 gladiatores,
311 533 367 572 qui
391 539 479 563 sorte
500 533 594 563 victis
621 533 812 563 sufficeren-

81 583 152 613 tur,
168 582 205 606 et
230 576 411 607 victoribus
428 584 716 617 compararentur.
751 576 809 608 Gr.

121 617 204 700 a,
219 662 393 703 eleg-anter
404 663 582 695 adhibetur
593 671 630 695 ut
643 665 758 704 igitur,
771 662 812 693 de

83 714 150 744 quo
173 715 287 747 supra,
310 713 386 746 post
412 708 641 748 parenthesin,
659 707 812 747 inprimis

82 747 280 789 longiorem.
303 751 368 782 Off.
396 751 416 781 i.
443 754 496 783 30.
519 752 574 783 sed
599 751 625 781 si
649 751 722 790 quis
748 754 812 780 est.

82 792 142 866 gr.
166 794 201 824 ii.
223 798 277 829 90.
301 795 358 825 seael
378 799 492 825 tamen
519 796 578 826 διο.
603 796 661 825 Or.
687 794 734 825 iii.
763 795 811 824 1‘2.

118 846 147 866 c.

129 879 300 912 sedecula.
331 880 402 911 Att.
428 882 470 912 iv.
502 885 551 912 lO.
583 881 639 912 alii
670 881 814 912 sedit-ula

85 923 229 955 malunt.
246 934 276 956 v.
294 925 406 955 Lexic.
423 925 516 956 Fabr.

127 966 258 1006 Sedere,
285 970 495 1000 commorari.
529 969 570 999 ad
589 969 664 1001 Div.
691 969 755 999 xvi.
779 971 810 1002 7.

84 1013 175 1042 venti
192 1012 218 1042 si
230 1016 356 1049 essent,
369 1021 428 1043 nos
442 1013 593 1052 Corcyrae
607 1023 675 1043 non
690 1013 813 1043 sedere-

82 1065 168 1085 mus.
190 1057 281 1086 Sext.
295 1057 347 1085 213.
359 1057 470 1087 sedens
485 1058 668 1097 imperator
683 1056 725 1087 ad
737 1065 813 1097 por·

82 1103 146 1129 tae.
170 1098 190 1117 ‘
206 1099 290 1130 nihil
322 1109 433 1138 agere,
461 1101 644 1140 quiescere.
667 1100 737 1131 Att.
766 1100 810 1130 ix.

87 1143 136 1173 12.
167 1152 230 1182 ego
246 1143 316 1184 ipse
330 1143 445 1174 sedeo?
469 1153 570 1174 coner
592 1143 673 1174 illuc
696 1145 757 1181 ire,
774 1146 813 1173 ut

82 1186 241 1217 insanus?
261 1187 321 1217 ἀς.
346 1187 388 1217 ix.
407 1191 436 1219 8.
462 1198 521 1218 nos
535 1188 676 1219 sedentes
692 1188 726 1218 in
743 1186 812 1217 Ita-

85 1229 133 1260 lia
154 1239 202 1261 sc.
229 1230 342 1268 medii,
361 1232 514 1262 neutrius
539 1232 643 1272 partis
667 1234 702 1261 et
729 1230 813 1261 nihil

83 1281 232 1313 agentes.
257 1274 307 1305 Fr.
325 1274 403 1315 Agr.
434 1279 461 1306 l.
493 1286 533 1306 ex
560 1275 645 1306 Gell.
665 1275 733 1306 xiii.
758 1276 811 1306 24.

83 1317 246 1357 predam,
264 1319 453 1357 manubias,
479 1320 677 1358 sectionem,
703 1322 814 1349 castra

82 1360 227 1400 denique
251 1361 314 1392 Cn.
340 1362 502 1404 Pompeii,
517 1364 643 1394 sedente
668 1363 812 1403 impera—

80 1409 169 1443 tore,
200 1405 379 1436 decemviri
409 1407 569 1437 vendent.
601 1407 743 1438 *sedere
765 1406 813 1436 di-

83 1454 222 1486 cuntur,
239 1449 296 1489 qui
321 1449 355 1479 in
371 1450 532 1488 tabernis,
549 1455 609 1481 aut
633 1451 712 1481 locis
728 1450 812 1491 pub-

83 1491 169 1530 licis,
187 1501 313 1522 merces
341 1493 503 1524 vendunt.
527 1494 657 1525 Verriu.
682 1494 729 1524 iii.
757 1494 811 1524 62.

82 1535 203 1566 Albam
219 1535 393 1567 AEmilium
418 1537 579 1568 sedentem
602 1539 636 1568 in
659 1537 812 1568 faucibus

84 1579 228 1610 macelli.
250 1579 269 1599 *
279 1580 422 1611 sedentes
436 1586 655 1622 opponuntur
670 1581 813 1612 dicenti-

81 1623 156 1661 bus,
173 1633 251 1654 cum
270 1624 304 1654 in
319 1630 452 1662 senatu,
468 1631 541 1656 tum
560 1625 748 1666 injudiciis.
771 1624 811 1655 ad

82 1667 160 1698 Div.
177 1677 208 1697 v.
223 1669 255 1698 2.
279 1668 390 1698 sedens
404 1669 444 1699 iis
460 1670 597 1700 assensi.
614 1669 711 1700 Rose.
726 1668 764 1698 A.
785 1671 813 1699 l.

83 1720 161 1741 cum
186 1715 239 1741 tot
266 1712 391 1742 summi
418 1716 576 1750 oratores,
594 1712 813 1752 hominesque

83 1753 281 1785 nobilissimi
290 1755 433 1793 sedeant,
443 1766 504 1796 ego
517 1757 730 1796 potissimum
743 1765 815 1786 sur-

85 1798 237 1828 rexerim.
270 1798 290 1817 *
315 1798 356 1829 ‹le
386 1800 637 1839 magistratibus
679 1800 815 1837 dicitur,

83 1851 162 1872 cum
178 1851 237 1882 pro
253 1844 368 1873 rostris
391 1844 426 1873 in
449 1849 611 1884 suggestu
633 1844 753 1874 sedent
778 1843 813 1874 in

83 1884 166 1915 sella
181 1885 304 1923 curuli,
321 1886 394 1917 aliis
417 1887 620 1924 dicentibus,
642 1887 751 1927 legem
767 1887 816 1917 fe-

87 1929 250 1967 rentibus,
272 1930 513 1970 suadentibus3
539 1932 646 1962 autin
663 1931 815 1962 tribuna-

85 1971 108 2002 li
124 1971 243 2012 veljus
255 1973 445 2012 dicunt,vel
459 1975 635 2014 quaestioni
653 1979 815 2015 praesunt.

85 2017 163 2046 Seu.
179 2026 213 2056 p.
236 2016 276 2047 R.
304 2019 334 2048 5.
361 2027 426 2057 quo
452 2019 580 2049 sedente
603 2019 712 2060 legem
735 2018 815 2049 trib.

86 2059 130 2099 pl.
157 2059 250 2090 tulit.
277 2061 368 2092 Sext.
390 2064 438 2092 15.
460 2063 641 2093 sedentibus
666 2062 812 2093 consuli-

84 2103 157 2133 bus.
182 2103 277 2134 Brut.
301 2107 354 2136 43.
379 2105 527 2136 Scau-ola
547 2107 685 2136 tribuno
702 2107 736 2137 in
763 2116 815 2137 ro-

84 2147 162 2177 stris
190 2147 330 2185 sedente,
357 2149 463 2179 suasit
494 2149 667 2180 Serviliam
704 2149 813 2190 legem

65 2207 68 2212 ·
84 2190 234 2221 Crassus.
259 2191 278 2209 ‘⁵
295 2192 375 2222 item
393 2192 433 2223 de
444 2193 614 2231 judicibus
630 2197 663 2223 et
681 2193 814 2224 consili-

84 2233 289 2273 ariisjudicis
303 2237 508 2276 praetorisve,
518 2243 552 2267 et
566 2237 733 2267 advocatis
743 2247 817 2278 par-

84 2278 184 2308 tium.
231 2279 289 2310 Or.
303 2280 324 2310 i.
340 2282 394 2314 37.
419 2290 545 2318 nonne,
562 2281 656 2311 nubis
678 2281 815 2312 sedenti-

89 2321 195 2352 busin
222 2323 385 2354 tribunali
412 2324 453 2364 Ω.
482 2324 632 2365 Pompeii
662 2325 814 2364 praetoris

84 2365 217 2403 urbani,
243 2366 419 2398 familiaris
448 2368 552 2398 nostri
577 2368 636 2398 ἃς.
661 2368 758 2399 Rosc.
776 2367 814 2399 C.

86 2411 118 2439 4.
140 2409 250 2440 sedere
265 2411 298 2440 in
316 2411 466 2442 consilio.
490 2411 625 2442 Cluent.
652 2415 705 2443 38.
728 2412 816 2443 sede-

86 2462 124 2483 re
139 2452 174 2482 in
189 2452 347 2494 aliquem.
365 2455 443 2485 ibid.
471 2458 523 2489 37.
549 2465 671 2495 paucos
688 2455 757 2486 dies
775 2466 814 2486 ex

83 2495 321 2528 subsortitione
334 2499 451 2529 sedere.
474 2498 515 2529 ad
530 2499 605 2529 Div.
619 2500 640 2530 i.
658 2503 689 2534 9.
705 2499 815 2530 seden-

85 2544 117 2590 te
133 2539 195 2571 Cn.
213 2540 381 2582 Pompeio.
398 2544 455 2573 Or.
474 2543 509 2573 ii.
525 2545 578 2577 47.
596 2551 674 2573 cum
689 2543 726 2574 C.
742 2543 816 2574 Ma·

87 2592 156 2614 rius
178 2593 357 2616 moerorem
379 2586 541 2617 orationis
559 2595 643 2618 meae
671 2596 816 2627 praesens

86 2635 126 2657 ac
145 2628 255 2659 sedens
278 2629 425 2660 multum
451 2629 605 2670 lacrymis
629 2630 698 2661 suis
721 2630 818 2671 adju·
839 2633 845 2638 “

86 2674 325 2712 varet—atque
369 2674 479 2715 ipsum
518 2673 733 2712 advocatum,
774 2674 815 2704 ad

87 2722 302 2746 communem
350 2718 592 2758 imperatorum
644 2717 814 2748 fortunam

90 2756 338 2790 defendendam
355 2761 558 2792 invocarem.

131 2799 241 2832 Sedes.
257 2806 366 2835 certus
389 2805 495 2843 locus,
513 2805 569 2836 ubi
584 2805 628 2835 sit
640 2807 741 2844 eaput
757 2804 819 2843 rei,

87 2844 167 2875 belli
186 2844 246 2876 ὅτε.
269 2846 341 2878 Att.
366 2849 434 2880 viii.
459 2851 489 2880 3.
513 2847 609 2879 nulla
635 2848 736 2886 sedes,
753 2858 820 2888 quo

87 2894 306 2929 concurrant,
319 2891 375 2931 qui
391 2901 497 2933 remp.
514 2892 686 2924 defensam
702 2891 820 2924 velint.

1505 85 1588 122 423

855 182 935 213 Coel.
957 185 1005 214 13.
1030 181 1161 212 nullum
1177 187 1228 213 est
1250 182 1510 214 fundamentum
1525 181 1585 213 ho-

856 235 930 256 rum
949 226 1142 261 criminum,
1159 226 1251 257 nulla
1272 227 1376 257 sedes.-
1400 226 1433 257 h.
1461 236 1490 256 e.
1518 227 1583 256 cri-

859 279 936 300 men
952 268 1172 299 demonstrari
1189 279 1255 300 non
1272 275 1392 310 potest.
1507 260 1546 290 ¹9

900 312 1072 344 Seducere.
1089 311 1132 342 ad
1150 312 1280 343 Dis-ers.
1306 314 1327 344 i.
1344 319 1374 347 9.
1399 307 1581 354 saepe‘eum

856 358 890 387 in
903 361 1038 394 senatu,
1062 355 1161 385 modo
1185 365 1296 386 severe
1321 357 1519 393 seducerent,
1535 365 1582 387 sc.

854 407 1028 440 tamquam
1059 399 1085 430 si
1106 408 1173 438 qua
1200 399 1241 428 de
1263 408 1297 429 re
1322 402 1411 438 gravi
1436 409 1514 430 cum
1541 409 1580 430 eo

855 443 997 483 colloqui
1019 447 1054 474 et
1077 442 1259 473 deliberare
1275 442 1412 480 vellent,
1428 447 1487 473 aut
1503 453 1582 474 cum

855 498 894 518 eo
933 487 1183 518 communicare
1209 491 1254 525 ,et
1275 486 1459 517 consulere.
1492 487 1580 517 conf.

855 532 926 562 Att.
940 541 970 561 v.
988 533 1040 562 21.
1056 531 1114 561 Or.
1131 530 1152 560 i.
1171 530 1223 561 56.

900 574 1058 606 Seductio.
1084 574 1173 605 Mur.
1195 575 1249 605 24.
1272 572 1469 603 seductiones
1490 573 1585 603 testi-

854 629 926 656 um,
941 619 1164 649 secessionem
1181 617 1446 656 subscriptorum
1473 616 1582 646 anim-

853 662 1082 693 advertebant.
1099 661 1163 691 vid.
1177 661 1339 691 seducere.

901 706 1010 745 seges.
1034 705 1152 736 Milon.
1174 707 1223 736 13.
1248 703 1328 743 quid
1344 703 1435 733 enim
1460 702 1584 733 odisset

858 749 1013 780 Clodium
1045 748 1141 787 Milo,
1170 752 1307 788 segetem
1338 757 1377 777 ae
1410 746 1585 777 materiam

858 803 927 826 suae
944 793 1058 833 gloriae
1071 793 1082 822 ?

902 836 1062 876 seg-uitia.
1090 836 1186 866 Brut.
1205 837 1257 866 81.
1273 835 1323 865 vir
1339 834 1412 864 sine
1429 843 1586 874 arrogan-

856 881 906 911 tia
937 881 1059 921 gravis,
1087 885 1121 910 et
1151 879 1223 909 sine
1257 879 1399 918 seg-uitia
1425 887 1586 909 verecun-

859 924 932 955 dus.

902 966 1097 1009 sejugaeus,
1113 965 1305 996 distinctus.
1322 965 1399 997 Div.
1417 965 1438 995 i.
1455 967 1508 996 3⁶2.
1525 964 1587 995 hu-

858 1013 950 1042 mani
967 1012 1071 1042 animi
1094 1014 1237 1051 partem,
1255 1019 1330 1049 quae
1346 1019 1497 1047 sensum,
1514 1018 1585 1040 mo-

857 1055 1114 1092 tum—habeat,
1137 1063 1204 1084 non
1221 1063 1291 1084 esse
1308 1053 1348 1084 ab
1365 1053 1498 1083 actione
1515 1062 1587 1084 cor·

858 1100 945 1139 poris
960 1097 1162 1139 sejugatam.

901 1140 1091 1184 Sejunctus,
1118 1141 1307 1171 distinctus.
1330 1140 1388 1171 Or.
1405 1141 1457 1171 20.
1480 1138 1586 1182 sejun-

856 1191 926 1218 ctus
938 1187 1043 1226 igitur
1058 1189 1172 1216 orator
1187 1194 1207 1214 a
1218 1183 1491 1224 philosophorum
1519 1184 1587 1214 elo-

857 1227 1271 1271 quentia‚—explicandus
1295 1232 1347 1257 est
1371 1227 1480 1265 nobis,
1501 1237 1583 1267 qua-

859 1274 899 1305 lis
915 1275 1050 1305 futurus
1064 1274 1118 1304 sit.

902 1316 1098 1360 quungere,
1120 1316 1319 1347 discernere.
1345 1315 1403 1345 Or.
1424 1314 1458 1345 ii.
1475 1316 1528 1346 25.
1550 1321 1589 1345 ut

857 1363 961 1402 possis
979 1360 1213 1392 liberalitatem
1230 1369 1250 1390 a
1275 1359 1453 1398 largitione
1478 1355 1589 1398 sejun-

852 1416 942 1445 gere.
965 1404 1066 1436 Tusc.
1089 1405 1131 1434 iv.
1162 1405 1210 1434 13.
1232 1400 1404 1444 sejungere
1430 1402 1591 1441 cogitati-

855 1458 918 1480 one
936 1450 1089 1479 morbum
1103 1448 1143 1478 ab
1156 1446 1387 1486 aegrotatione.
1404 1446 1423 1464 ¹*
1439 1455 1589 1476 avocare.

854 1493 927 1524 Fin.
937 1493 958 1522 i.
975 1494 1028 1524 20.
1041 1492 1174 1522 animus
1189 1500 1209 1520 a
1219 1499 1277 1530 spe
1288 1488 1418 1532 sejungi
1434 1498 1501 1519 non
1514 1494 1590 1529 pot-

857 1543 919 1567 est.
942 1536 961 1554 *
973 1536 1151 1566 abstinere.
1183 1533 1265 1565 Coel.
1280 1537 1312 1565 3.
1334 1531 1506 1575 sejungere
1521 1542 1556 1563 se
1573 1542 1592 1563 a

856 1580 1012 1611 libertate
1030 1579 1218 1609 verborum.

903 1623 1057 1655 selectus.
1080 1622 1174 1653 Verr.
1190 1622 1224 1653 ii.
1244 1624 1294 1652 13.
1312 1620 1444 1660 judices
1470 1622 1591 1659 selecti,

860 1675 941 1699 sunt
979 1669 1035 1707 qui
1077 1666 1208 1707 judicia
1246 1664 1383 1705 publica
1417 1669 1588 1695 exercent.

862 1712 998 1742 Cluent.
1020 1713 1074 1742 43.
1108 1714 1269 1750 praetores
1308 1708 1428 1739 urbani
1467 1707 1591 1739 debent

860 1756 1028 1795 optimum
1055 1762 1222 1793 quemque
1253 1753 1288 1782 in
1309 1753 1436 1783 selectos
1459 1751 1592 1792 judices

864 1799 911 1840 (h.
927 1809 956 1829 e.
983 1798 1134 1829 decurias
1161 1795 1292 1835 eorum)
1321 1795 1458 1826 referre.
1503 1795 1592 1827 Nam

863 1843 896 1873 in
907 1842 1046 1882 judiciis
1061 1841 1182 1872 sedent
1198 1845 1287 1870 sorte
1313 1839 1514 1878 quaesitoris,
1531 1849 1593 1870 nec

861 1888 968 1917 selecti
990 1886 1031 1916 ab
1057 1885 1120 1916 hac
1146 1883 1322 1914 sortitione
1353 1882 1527 1920 dicuntur,
1554 1886 1594 1914 ut

862 1930 1061 1969 quibusdam
1079 1929 1201 1969 placet.
1226 1927 1388 1958 Asconius
1402 1925 1539 1966 quidem
1551 1926 1593 1957 ad

861 1974 936 2004 Act.
954 1975 975 2005 i.
999 1974 1034 2004 in
1049 1973 1189 2004 Verrem
1214 1981 1243 2001 c.
1267 1972 1299 2001 6.
1323 1969 1365 2001 ad
1380 1970 1592 2001 sortitionem

861 2017 963 2048 refert
989 2017 1053 2048 hoc
1070 2024 1194 2046 nomen
1209 2027 1215 2045 :
1242 2014 1298 2046 sed
1319 2013 1409 2044 haud
1425 2013 1525 2044 dubie
1541 2023 1595 2044 er-

861 2062 947 2092 ravit
958 2073 968 2100 ;
993 2070 1072 2091 cum
1083 2060 1200 2090 Cicero
1212 2058 1334 2089 diserte
1349 2057 1526 2088 lectionem
1535 2057 1594 2098 ju-

861 2105 974 2136 dicum
995 2104 1132 2135 Praetori
1159 2103 1287 2133 urbano
1305 2101 1436 2132 tribuat
1462 2101 1485 2131 l.
1515 2111 1544 2132 c.
1574 2111 1594 2132 a

861 2159 927 2188 quo
941 2153 1018 2190 post
1034 2148 1075 2178 ad
1094 2147 1317 2187 Imperatores
1338 2144 1505 2176 translata
1527 2151 1592 2184 est,

861 2203 943 2232 quos
966 2192 1118 2224 decurias
1131 2190 1315 2227 ordinasse,
1332 2193 1454 2230 praeter
1472 2188 1591 2220 Sueto-

862 2237 970 2274 nium,
988 2235 1105 2266 multis
1122 2234 1216 2272 locis,
1243 2232 1340 2264 docet
1368 2231 1454 2263 Plin.
1479 2233 1594 2263 xxxiii.

864 2283 891 2311 l.
915 2280 1046 2319 fuitque
1072 2288 1112 2308 ea
1127 2277 1230 2308 lectio
1246 2286 1321 2317 pars
1345 2282 1440 2307 aetus
1464 2285 1593 2315 rerum,

861 2325 956 2364 cujus
973 2322 1063 2363 apud
1085 2321 1287 2352 Suetonium
1309 2320 1469 2360 frequens
1498 2330 1595 2351 men-

861 2368 919 2398 tio.
944 2368 1012 2397 Sub
1049 2365 1236 2397 Caesaribus
1281 2364 1422 2394 selectos
1460 2363 1594 2404 judices

861 2411 963 2452 paulo
987 2410 1098 2448 aliter,
1114 2414 1149 2440 et
1173 2408 1308 2439 arctiori
1332 2407 1478 2448 quodam
1493 2416 1593 2439 sensu

862 2455 968 2486 dictos
980 2458 1076 2495 patet
1091 2463 1129 2483 ex
1144 2452 1261 2483 eodem
1275 2451 1394 2482 Plinio.

905 2498 1054 2536 Selectio,
1068 2496 1229 2528 delectus.
1254 2495 1326 2526 Pin.
1341 2495 1376 2525 ii.
1399 2497 1447 2526 13.
1462 2499 1503 2526 ut
1519 2504 1594 2526 eam

861 2551 975 2573 rerum
997 2542 1160 2572 selectione
1192 2538 1428 2579 exspoliarent.
1452 2540 1594 2580 opponi-

863 2591 921 2617 tur
935 2585 1122 2625 rejectioni.

907 2629 1116 2660 sellularias.
1133 2627 1253 2667 fragm.
1270 2626 1390 2658 incert.
1404 2625 1445 2657 de
1463 2625 1595 2667 plebeia

863 2674 944 2704 saece
967 2673 1224 2704 sellulariorum.
1269 2669 1324 2700 lta
1346 2670 1518 2708 dicuutur,
1538 2670 1594 2709 qui

862 2718 978 2748 Graece
990 2715 1128 2754 βάναυσοι
1150 2713 1391 2756 appellantur:
1414 2714 1449 2745 h.
1475 2724 1505 2744 e.
1525 2713 1596 2754 opi-

864 2761 941 2791 ficia
968 2763 1170 2796 tractantes,
1200 2767 1274 2797 quae
1303 2763 1392 2789 artes
1419 2756 1597 2789 sellularia-

864 2805 1034 2836 dicuntur.
1049 2802 1092 2834 cf.
1105 2802 1205 2833 Sella.

911 2847 1015 2886 Sella,
1047 2845 1245 2887 simpliciter
1276 2855 1337 2889 pro
1370 2846 1451 2876 sella
1478 2843 1600 2874 curuli.

867 2893 1058 2932 junguntur
1072 2889 1245 2922 interdum
1273 2891 1354 2921 sella
1380 2898 1418 2919 ac
1440 2885 1604 2923 tribunal,

919 2944 941 2966 ι
959 2946 976 2966 e
1002 2938 1023 2966 4
