1804 3178
582 101 725 130 lxDEx
758 101 887 130 LATIN
897 102 1051 131 frans.

65 195 154 226 gam.
185 186 224 217 de
241 197 307 226 qua
331 189 456 219 ratione
480 197 510 219 v.
527 188 629 219 Gron.
646 194 679 218 et
706 188 789 219 Dra-

67 229 169 260 kenb.
192 230 234 260 ad
259 231 329 262 Liv.
349 232 454 263 xxxiv.
472 235 503 262 3.
547 232 600 261 sic
623 238 657 262 et
684 231 791 261 Hora·

62 273 132 303 tius
149 274 269 310 utitur.
285 282 320 305 et
342 275 448 305 Graeci
473 274 506 305 ‘ro'
522 274 585 313 ἔφη.
610 275 695 315 ‘pro
720 274 792 315 pln-

63 315 123 346 mli
147 322 197 346 est
223 317 292 348 Fin.
308 319 349 348 iv.
365 321 418 349 24.
447 318 519 348 ‘ad
542 318 618 349 Div.
636 319 678 348 xi.
701 321 726 348 1.
743 320 791 348 in-

62 361 134 399 quis
148 367 198 390 est
217 371 274 401 pro
290 361 430 400 inquies,

113 403 245 435 Insania
268 404 434 435 villarum.
473 404 513 434 ad
537 405 578 445 Q.
609 404 660 435 Fr.
689 405 734 435 iii.
766 407 792 436 1.

65 457 94 476 e.
111 449 142 477 2.
173 448 276 478 nimia
291 448 552 486 magnificentia.

112 490 274 528 bannire,
305 491 404 521 nimis
433 491 553 531 cupide
584 496 616 521 et
649 490 792 521 multum

65 533 198 565 licitari.
227 534 321 564 Verr.
336 534 383 564 iii.
400 536 452 565 48.
477 535 557 564 item
579 534 794 565 vehementi-1·

64 586 175 617 agere,
190 577 311 608 coeluxu
334 585 370 608 et
392 583 516 608 terram
533 588 676 608 inovere-
702 578 794 609 Yerr.

64 621 108 652 iv.
130 623 179 655 19.

107 663 323 700 Insatiabilis,
346 665 464 694 active.
496 664 565 695 Fin.
590 665 631 695 iv.
655 668 685 695 5.
708 666 794 695 insa-

63 707 186 737 nubilis
207 707 371 747 voluptas.
405 707 505 738 Tusc.
529 719 558 738 v.
581 710 633 738 ⁶25.
658 710 793 739 insatia-

65 750 126 780 bile
139 750 311 790 gaudium.
342 751 430 781 conf,
447 752 490 782 N.
506 752 549 782 D.
565 752 598 781 ii.
615 755 668 784 39.
685 753 736 782 62.

107 793 296 830 Insa-tentia,
325 795 526 834 ignorantia.
554 795 598 825 N.
616 795 659 825 D.
677 795 723 825 iii.
740 798 758 826 3

64 836 138 867 Deo
165 847 231 870 non
257 841 308 868 est
331 838 502 868 excusatio
527 839 710 868 instientiae.
751 838 792 868 ef.

65 879 136 911 Inv.
153 881 175 911 i.
193 883 223 912 2.
246 881 348 914 Acad.
364 882 407 912 iv
424 884 476 915 47.
508 881 600 911 *Est
621 887 653 911 et
658 882 685 911 iz»
680 891 722 911 111
741 891 794 911 v-o

63 924 222 957 nabulum
249 924 525 965 philosophicum.
570 925 614 955 N.
641 925 683 955 D.
711 926 734 955 i.
766 928 792 955 1.

64 967 116 997 De
133 967 195 998 hac
217 969 402 1006 quoestione
426 975 494 998 tam
519 968 617 998 variae
641 973 720 998 sunt
737 968 795 998 ‹lo-

62 1011 289 1042 ctissimorum
312 1011 487 1041 hominum
514 1015 650 1050 tamque
673 1011 794 1042 discre-

65 1060 183 1094 pantes
205 1055 396 1092 sententiae,
412 1062 450 1085 ut
473 1064 596 1094 magno
618 1065 795 1094 argumen-

62 1103 100 1128 to
122 1107 193 1128 esse
216 1098 348 1135 debeat,
364 1108 512 1135 causam,
537 1098 570 1128 id
593 1106 656 1135 est,
672 1099 795 1136 princi-

63 1141 158 1181 pium
175 1141 390 1182 philosophiae
407 1152 477 1172 esse
492 1143 706 1180 inscientiam,
717 1152 796 1182 pru-

65 1184 248 1224 denterque
264 1185 479 1216 Academicos
503 1196 523 1215 a
546 1185 642 1215 rebus
660 1185 795 1215 incertis

63 1229 289 1263 assensionem
327 1228 523 1259 cohibuisse.
577 1229 686 1267 Hujus
731 1228 795 1258 loci

64 1275 147 1311 quot
169 1273 237 1303 sint
260 1271 499 1312 explicationes
522 1276 622 1311 atque
637 1271 795 1302 emenda·

62 1315 185 1352 tiones,
205 1315 336 1346 difficile
361 1320 411 1345 est
432 1325 640 1346 enumerare.
685 1315 796 1346 Olive-

62 1366 131 1396 tus‚
159 1369 278 1390 novem
303 1358 477 1389 doctorum
507 1359 682 1389 hominum
720 1369 796 1389 sen-

63 1402 181 1433 tentiis
207 1403 490 1439 commemoratis,
514 1403 583 1442 ipse
611 1403 659 1432 ita
683 1403 794 1439 verba,

64 1444 104 1476 de
121 1456 262 1485 quorum
285 1456 384 1476 sensu
408 1447 582 1485 quzeritur,
598 1444 796 1486 interpreta-

62 1494 141 1519 tur:
167 1499 230 1529 que
246 1489 278 1520 la
300 1489 508 1529 philosophie
528 1489 598 1520 doit
613 1497 725 1529 porter
739 1499 796 1520 sur

65 1533 123 1564 des
139 1533 305 1573 principes
321 1533 546 1562 evidemment
560 1543 687 1563 connns
704 1545 714 1571 ς
739 1543 796 1572 ap-

65 1576 228 1616 probante
253 1575 410 1607 Buherio.
443 1576 507 1606 vid.
535 1577 727 1606 Eutretiens
754 1576 794 1606 de

65 1619 204 1650 Ciceron
230 1630 289 1650 sur
310 1619 343 1650 la
364 1619 493 1650 Nature
517 1619 573 1650 des
596 1620 706 1650 Dienx
730 1624 756 1650 t.
772 1620 794 1650 i.

64 1673 98 1704 p.
113 1666 188 1694 341.
203 1665 279 1697 437.
316 1662 381 1693 Sed
397 1673 464 1695 non
481 1668 566 1700 erat,
582 1673 683 1702 quare
698 1663 745 1693 sic
760 1673 794 1693 se

64 1716 181 1737 verum
196 1707 371 1737 verborum
395 1716 530 1738 sensum
547 1706 664 1736 vidisse
682 1707 796 1737 existi-

66 1755 186 1781 maret.
230 1750 318 1780 Nam
342 1751 369 1780 si
386 1750 458 1789 quis
475 1750 682 1780 Academicae
698 1750 796 1780 ‹lisci-

64 1793 166 1834 plinae
193 1794 358 1824 rationem
385 1793 585 1831 consideret,
613 1803 686 1832 quae
713 1793 797 1824 nihil

66 1838 149 1867 certi
179 1847 249 1867 esse
286 1847 324 1867 ae
361 1837 509 1877 percepti
546 1836 731 1874 contendit,
761 1842 797 1867 et

66 1880 153 1911 hanc
179 1880 488 1921 interpretationem
518 1890 595 1911 eum
627 1881 796 1919 sequenti-

66 1924 126 1954 bus
144 1927 326 1964 comparet,
339 1923 436 1953 facile
453 1923 621 1963 intelligat
635 1923 796 1964 profecto,

64 1966 165 2007 longe
190 1967 291 1998 aliam
318 1967 368 1997 his
391 1967 497 1998 verbis
513 1968 579 1997 vim
602 1977 673 1997 esse
695 1967 797 2006 subji-

66 2010 232 2041 ciendam.
277 2010 370 2041 Vidit
402 2010 466 2040 hoe
494 2011 544 2040 vir
572 2010 796 2049 doctissimus²

67 2055 124 2094 qui
148 2054 183 2084 in
207 2053 350 2085 Miscell.
374 2054 561 2084 Observatt.
578 2053 641 2096 vol.
658 2054 705 2084 iii.
720 2058 746 2085 t.
761 2054 795 2084 ii.

66 2108 100 2139 p.
136 2101 207 2128 154.
239 2107 443 2138 quamquam
482 2097 796 2137 interpretationem

65 2141 188 2172 Oliveti
214 2141 354 2178 viderat,
378 2145 491 2171 tamen
518 2149 636 2170 novam
663 2145 798 2172 senten-

61 2185 151 2216 tiam
179 2185 362 2225 proposuit.
408 2185 572 2221 Socrates,
598 2184 658 2221 ait,
682 2195 703 2214 a
732 2195 797 2224 qno

69 2228 262 2259 Academici
287 2228 426 2268 profecti
449 2231 541 2264 sunt,
558 2228 592 2257 in
619 2228 712 2265 eujus
739 2238 798 2258 au-

68 2273 227 2303 ctoritate
253 2276 342 2302 certe
370 2271 513 2301 libenter
543 2270 797 2309 delitescebant,

68 2318 97 2347 is
121 2316 226 2356 igitur
248 2315 356 2345 dicere
379 2314 519 2352 solebat,
543 2324 577 2344 se
602 2324 708 2344 unum
735 2314 798 2345 hoc

68 2359 168 2397 scire,
185 2358 274 2399 quod
296 2357 380 2389 nihil
402 2358 497 2388 sciat.
543 2356 686 2396 Ideoque
710 2359 799 2388 inter

67 2402 284 2435 Academicos
306 2408 477 2441 receptum
500 2410 549 2431 ess
553 2412 569 2430 e
593 2402 703 2440 potnit
726 2402 800 2442 (cnr

71 2455 140 2477 non
155 2446 280 2486 potius,
297 2445 361 2475 suit
372 2445 400 2483 ?)
418 2444 481 2475 hoc
495 2444 800 2496 plaei2121n:o’eg5<m

70 2502 121 2526 τῆς
137 2489 271 2529 φιλοσοφῖ
270 2502 304 2522 ας
321 2501 386 2519 εινωι
409 2488 460 2520 τὴν
483 2501 533 2521 ’της
553 2486 672 2527 ἀγνοιας
689 2488 799 2527 γνᾶσιν.

71 2532 155 2563 Haec
170 2534 286 2562 omnia
300 2538 400 2563 recte.
444 2531 532 2570 Ouid
549 2541 594 2560 er
585 2540 647 2570 ἐμ»
642 2532 652 2550 ²
672 2531 800 2562 Censeo

70 2575 272 2616 legendum:
298 2576 473 2606 inscientise
501 2575 688 2604 scientiam.
725 2575 801 2614 Qua

69 2629 220 2656 sensum,
236 2629 304 2650 non
321 2618 420 2654 male,
434 2617 490 2648 sed
502 2617 737 2648 emendatione
755 2617 801 2648 nil

70 2672 166 2702 opuS.
180 2662 290 2693 Abbas
306 2661 479 2694 Morellins
494 2662 528 2691 in
546 2660 702 2692 Elemens
714 2660 754 2691 de
770 2660 802 2691 la

73 2705 224 2744 (Ji-itique
247 2716 280 2746 p.
300 2706 354 2737 63.
383 2705 520 2745 corrigit
535 2704 716 2734 solertiam.
732 2714 802 2736 ma-

70 2747 114 2782 le.
157 2747 252 2780 Alius
274 2749 325 2779 vir
346 2748 464 2780 doctus
487 2748 603 2778 eodem
626 2748 697 2778 loco
713 2758 803 2778 com-

70 2795 236 2823 memorat
265 2793 349 2832 con'.
353 2798 493 2823 cturam
524 2791 613 2821 docti
646 2791 802 2827 hominis,

72 2837 185 2866 nescio
215 2835 324 2874 eujus,
350 2845 368 2865 e
395 2835 555 2866 Bernardi
583 2834 683 2865 Novis
708 2834 804 2875 Reip.

763 799 793 829 7.
837 800 900 832 set,
923 796 1097 825 seientiam
1111 808 1117 825 :

1479 98 1564 136 ³29

834 188 958 229 sophia:
986 199 1056 219 esse
1080 191 1233 230 Scepsin:
1259 191 1316 222 scd
1338 193 1413 228 sibi.
1436 195 1498 224 etsi
1524 205 1561 225 ne

836 232 983 263 nonduin
1009 233 1175 272 expediat,
1198 241 1310 271 tanin-n
1339 235 1466 275 placi-re
1490 248 1561 267 nia-

834 275 922 305 111111.)
948 276 1094 305 ostendit
1119 276 1210 307 Baelii
1241 279 1479 317 conjecturam.
1504 282 1561 318 qni

836 319 950 358 reponi
968 318 1112 348 volebat:
1132 320 1329 358 principium
1347 322 1562 362 philosophi&

837 371 901 391 non
926 372 996 391 este
1019 363 1205 392 scientiam.
1238 363 1399 394 Viderunt
1423 366 1482 395 viri
1507 366 1565 395 do-

836 405 974 435 ctissimi
986 415 1097 436 veram
1111 405 1173 435 loci
1185 408 1330 436 sententi
1342 418 1399 443 111,
1412 408 1467 438 sed
1480 419 1563 448 prte-

836 454 887 479 ter
903 458 972 479 rem
995 448 1138 478 medicas
1155 449 1185 478 ei
1201 448 1416 480 adnumerum
1434 461 1565 482 manus.

836 491 968 522 Scilicet
980 493 1152 522 inscientioe
1166 492 1301 522 verbnm
1319 492 1483 532 duplicem
1497 496 1563 526 vim

836 535 936 569 habet
951 535 1039 576 apud
1063 535 1276 566 Ciceronem:
1302 535 1470 575 vulgarem
1483 537 1567 567 alte-

836 589 920 616 ram,
937 588 1011 617 qnae
1025 579 1193 609 neminem
1210 578 1308 617 fugit,
1325 579 1465 609 alteram
1490 589 1567 611 vero

837 628 999 652 remotam
1013 623 1054 652 ab
1066 632 1127 652 usu
1143 621 1259 662 plebis,
1272 632 1411 662 eamque
1424 623 1456 652 in
1475 622 1568 653 nullo

836 665 972 703 Lexico,
998 665 1087 705 quod
1117 666 1233 702 sciam,
1259 670 1568 698 commemoratam.

837 708 885 738 Ea
897 716 947 739 est
970 709 1072 740 Acad.
1086 709 1107 739 i.
1123 711 1170 739 ll.
1194 708 1228 739 Si
1240 709 1320 748 quid
1332 710 1379 739 ita
1391 712 1463 740 erat
1478 719 1569 740 com-

836 751 1052 792 prehensum,
1063 758 1103 783 ut
1115 752 1254 783 convelli
1269 753 1394 783 ratione
1411 762 1477 783 non
1494 763 1569 793 pos-

1149 796 1200 825 sin
1229 795 1339 833 aliter,
1366 797 1570 827 inscientiam

837 839 1031 869 nominabat
1054 839 1163 868 Zeno:
1189 849 1229 869 ex
1247 849 1312 878 qna
1326 840 1483 870 existeret
1495 841 1570 880 opi-

838 883 906 919 nio,
929 891 1003 921 quae
1026 886 1113 912 esset
1136 882 1304 912 imbecilla
1326 887 1360 913 et
1383 892 1458 913 cum
1483 883 1567 913 falso

837 925 1070 964 incognitoque
1088 926 1285 957 communis.
1320 925 1415 956 Hanc
1432 927 1570 957 inscien-

836 970 917 998 tiam
940 968 1165 999 defendebant
1186 969 1390 1007 Academici,
1409 970 1466 1009 qui
1484 969 1569 1000 nihil

836 1012 1031 1042 statuebant
1061 1021 1132 1042 esse
1163 1019 1372 1053 perceptum,
1397 1012 1431 1043 h.
1460 1022 1490 1043 e.
1521 1013 1570 1043 ita

837 1055 1128 1096 comprehensum,
1145 1060 1184 1086 ut
1199 1055 1337 1086 convelli
1357 1056 1482 1086 ratione
1499 1065 1567 1087 non

836 1103 959 1138 posset,
973 1099 1074 1129 Acad.
1087 1099 1109 1128 i.
1120 1099 1150 1129 6.
1173 1098 1289 1138 ltaque
1301 1099 1387 1130 hanc
1399 1109 1566 1131 summam

837 1141 945 1181 legem
962 1147 997 1171 et
1014 1142 1215 1182 principium
1231 1143 1334 1173 totius
1351 1142 1567 1183 philosophia

837 1185 1016 1225 putabant,
1034 1184 1117 1218 nihil
1133 1190 1225 1216 certo
1239 1186 1328 1223 sciri,
1344 1185 1429 1216 nihil
1441 1186 1568 1226 percipi

838 1238 951 1268 posse:
976 1233 1096 1259 contra
1118 1238 1199 1268 quos
1223 1230 1328 1259 coorti
1343 1229 1443 1259 Stoici
1461 1229 1568 1260 scien-

836 1272 920 1302 tiam
948 1272 1053 1302 menti
1085 1271 1240 1302 humanae
1263 1276 1297 1302 et
1320 1273 1568 1312 perceptionem

837 1315 1232 1355 coinprehensionemque
1243 1316 1445 1346 asserebant.
1455 1316 1568 1356 Quare

837 1369 913 1388 cum
939 1358 1067 1396 Cicero,
1085 1358 1118 1390 id
1141 1358 1229 1398 quod
1251 1360 1341 1390 inter
1357 1369 1471 1391 omnes
1488 1369 1569 1390 con-

837 1407 918 1438 stat,
935 1402 1168 1432 Academicam
1184 1403 1345 1435 rationem
1359 1407 1567 1442 sequeretur,

838 1445 887 1475 vel
901 1444 991 1476 illam
1006 1445 1276 1486 philosophorum
1290 1445 1330 1475 de
1343 1451 1465 1476 natura
1478 1446 1568 1477 Deo·

836 1498 911 1519 rum
943 1489 1183 1519 dissensionem
1209 1489 1406 1519 confirmare
1432 1490 1569 1520 inscien-

837 1534 918 1562 tiam
935 1531 1167 1562 Acadeinicam
1184 1532 1407 1569 existimabat,
1427 1538 1462 1563 et
1482 1532 1569 1563 Aca-

837 1575 982 1606 demicos
1001 1581 1177 1616 propterea
1192 1576 1384 1616 prudenter,
1403 1586 1480 1606 cum
1496 1586 1569 1606 om-

838 1619 1033 1649 niaincerta
1042 1619 1123 1657 sint,
1135 1619 1358 1651 assensionem
1376 1619 1497 1658 ubique
1513 1629 1568 1650 co-

837 1662 1015 1693 bibendam
1040 1666 1171 1703 putare.
1216 1662 1297 1694 Haee
1321 1673 1360 1692 ex
1378 1662 1567 1702 prolusione

837 1716 867 1736 a.
896 1708 988 1740 1737.
1017 1705 1120 1743 edita,
1144 1715 1210 1749 qua
1233 1706 1336 1738 varios
1359 1705 1447 1737 locos
1470 1706 1506 1736 in
1528 1705 1570 1739 li-

837 1749 903 1779 bris
929 1749 970 1779 de
992 1748 1074 1780 Nat.
1096 1750 1140 1781 D.
1164 1748 1413 1782 emendavimus
1436 1752 1471 1780 et
1492 1749 1569 1782 illu-

837 1792 1027 1824 stravimus.

886 1836 1070 1872 Inscribere,
1086 1835 1245 1866 tribuere.
1276 1834 1375 1866 Tusc.
1391 1845 1422 1868 v.
1438 1836 1493 1870 96,
1516 1838 1570 1869 in·

837 1880 974 1910 scribere
988 1879 1049 1909 sibi
1067 1888 1189 1909 nomen
1205 1878 1404 1919 philosophi.

886 1924 1052 1959 [nse-ctare,
1065 1922 1202 1959 instare,
1217 1932 1347 1961 urgere.
1363 1922 1459 1953 Font.
1475 1926 1502 1953 l.
1515 1924 1568 1954 in-

837 1971 937 1997 sector
951 1965 1054 2002 ultro,
1071 1970 1170 2004 atque
1185 1966 1273 1995 insto
1288 1966 1493 2004 accusator13
1517 1967 1568 1996 in-

837 2015 947 2046 sector,
963 2009 1114 2048 inquam,
1128 2016 1163 2039 et
1178 2009 1293 2048 flagito
1306 2013 1419 2039 testes.
1464 2010 1518 2040 Sic
1533 2014 1568 2040 et

841 2053 952 2084 Plane.
971 2055 1022 2087 19.

883 2097 1081 2137 Insepultus,
1104 2104 1171 2125 non
1193 2094 1362 2135 sepultus:
1394 2093 1478 2125 Phil.
1497 2095 1518 2125 i.
1534 2096 1566 2126 2.

840 2141 895 2179 qui
913 2139 1004 2170 illam
1021 2140 1215 2178 insepultam
1230 2137 1436 2178 sepulturam
1451 2138 1569 2169 effece-

840 2187 933 2214 rant:
966 2182 999 2216 h.
1025 2192 1054 2216 e.
1081 2183 1137 2221 qui
1163 2181 1327 2212 Caesarem
1352 2181 1570 2222 sepelierant,

840 2227 896 2266 qui
919 2225 1128 2266 sepeliendus
1153 2234 1218 2255 non
1241 2229 1327 2261 crat,
1345 2230 1396 2262 ut,
1412 2225 1568 2265 opinione

840 2270 1029 2306 hominum,
1053 2273 1087 2298 et
1103 2269 1194 2307 jure,
1215 2267 1303 2298 idem
1326 2268 1384 2306 sit,
1407 2278 1445 2298 ac
1467 2269 1494 2298 si
1517 2278 1570 2299 se-

840 2312 957 2354 pultus
973 2321 1038 2342 non
1053 2316 1152 2342 esset.
1196 2311 1322 2343 Contra
1345 2321 1403 2351 pro
1418 2311 1568 2352 sepultus

840 2362 892 2388 est
906 2356 990 2387 Phil.
1008 2356 1071 2385 xiv.
1092 2356 1139 2386 12.
1170 2361 1278 2385 vestra
1291 2355 1397 2385 virtus
1411 2363 1473 2384 nee
1486 2354 1568 2386 obli-

841 2401 935 2430 vione
958 2408 1085 2433 eorum,
1102 2398 1158 2437 qui
1183 2407 1273 2428 nunc
1295 2402 1387 2435 sunt,
1404 2407 1466 2428 nec
1489 2399 1569 2429 reti-

841 2443 953 2474 centia
975 2446 1181 2482 posterorum
1202 2442 1359 2481 inseJncIta
1382 2450 1452 2471 esse
1476 2446 1570 2482 pote-

842 2488 896 2518 rit.
919 2487 940 2517 i.
965 2495 994 2516 e.
1019 2494 1129 2516 carere
1151 2484 1317 2525 sepulcro,
1340 2490 1571 2517 monumento.

842 2541 872 2561 v.
891 2534 960 2560 not.

887 2573 1027 2613 leueqtu',
1057 2571 1214 2610 objicere,
1244 2570 1452 2611 exprobrare.
1486 2571 1570 2603 Sull.

842 2619 895 2651 29.
928 2616 1049 2655 insequi
1078 2613 1323 2654 turpitudinem
1355 2615 1444 2644 vitae.
1482 2614 1569 2647 *On

843 2661 876 2692 ii.
895 2662 925 2690 3.
956 2668 1017 2690 noc
1033 2667 1109 2687 vero
1124 2663 1159 2687 te
1178 2657 1352 2688 rhetoricis
1375 2656 1466 2688 libris
1489 2659 1570 2690 inse-

843 2713 934 2744 quor,
958 2707 996 2732 nt
1019 2700 1181 2732 erudiam.
1210 2700 1284 2732 *N.
1309 2700 1353 2732 D.
1369 2700 1415 2731 iii.
1435 2703 1485 2735 17.
1515 2712 1571 2734 ur-

845 2756 934 2786 gere,
950 2745 1087 2775 instare.

889 2788 1044 2820 Ins-idere.
1067 2787 1178 2818 Deiot.
1192 2789 1223 2818 3.
1245 2785 1362 2817 fictum
1379 2786 1504 2818 crimen
1519 2789 1571 2819 in-

845 2833 924 2864 sidet
940 2832 974 2862 in
991 2831 1122 2862 animo:
1146 2829 1180 2862 h.
1195 2839 1225 2861 e.
1242 2829 1399 2861 creditur.
1421 2829 1521 2862 Tine.
1536 2832 1572 2863 ii.

69 2878 193 2912 Litter.
217 2879 274 2923 qui
295 2878 443 2922 legebat:
470 2878 675 2923 Principium
698 2877 805 2920 philo·
846 2880 878 2911 4.
908 2874 1024 2908 insidet
1046 2873 1082 2906 in
1103 2874 1217 2908 animo
1238 2873 1362 2910 oratio·
1392 2873 1426 2907 11.
1444 2883 1473 2906 ο.
1504 2874 1571 2909 vim
