1800 3131
141 101 222 144 278

142 209 173 228 c.
200 201 229 229 1.
268 198 413 239 intelligi
444 201 569 239 potest,
593 205 628 230 et
655 200 707 237 iis,
729 210 803 239 quae
829 201 874 232 ibi

145 242 373 273 Casaubonus.
396 242 477 273 Aliis
501 243 582 274 locis
598 243 715 274 Cicero
730 245 877 275 dissimu-

144 287 298 317 lationem
311 287 564 326 interpretatur.

189 329 374 370 Dissipare.
406 330 448 360 ad
472 330 548 361 Div.
565 331 634 361 viii.
654 335 680 361 l.
711 335 745 361 te
762 331 877 361 subro-

146 375 252 404 strani
282 375 482 414 dism'parant
505 375 651 414 periisse.
681 375 776 405 Verr.
800 375 820 404 i.
845 376 876 406 6.

146 427 225 448 cum
249 418 346 448 istius
370 418 469 448 amici
492 427 661 449 sermones
684 418 875 456 hujusmodi

148 461 397 502 dissipavi-ssent.
428 462 447 481 *²
461 461 545 492 Phil.
568 462 602 492 ii.
622 465 653 493 3.
685 472 762 491 cum
787 462 877 492 dissi-

141 507 285 546 pavisses
307 505 461 545 reliquias
486 507 566 545 reip.
591 505 630 535 de
646 505 803 542 Antonio,
820 506 876 544 qui

145 550 339 589 pecuniam,
356 560 430 589 quae
454 550 488 579 in
509 550 626 579 aerario
641 548 751 579 fuerat
766 549 877 579 abstu-

147 592 234 623 lerat
250 599 283 623 et
300 593 474 623 effuderat.

192 637 380 678 Dissipcttio.
404 638 461 667 Or.
477 636 524 666 iii.
538 638 589 666 54.
613 641 663 665 est
681 636 789 675 figura
804 646 877 666 ora-

145 681 261 717 tionis,
278 692 354 711 cuin
372 685 484 710 totum
500 680 549 709 ita
564 680 741 719 partimur,
755 685 793 709 ut
805 679 878 710 loca

148 725 279 754 diversa
305 735 342 754 ac
368 724 484 754 dissita
511 723 756 762 exprimantur,
779 723 878 753 hic-

146 768 350 798 illie—alibi.
374 778 404 797 v.
429 766 572 806 Quintil.
596 767 640 797 ix.
669 769 716 797 13.
741 768 796 806 qui
813 768 878 798 ista

146 822 167 842 a
183 812 252 842 Cic.
277 812 434 851 dissipata
455 810 520 840 dici
537 810 596 841 ait.
619 810 729 850 Vulgo
745 816 796 841 est
811 811 876 842 dis-

145 856 276 896 putatio
291 856 362 885 sine
382 864 493 885 sensu.

182 899 387 939 *Dissipacus
416 899 572 939 dissipata
599 897 772 936 dicuntur,
801 909 875 938 quae

145 953 214 973 non
237 947 318 973 sunt
335 942 376 973 ad
393 943 473 972 artis
487 942 630 973 formam
647 942 792 973 redacta.
819 942 876 974 Or.

146 987 179 1016 ii.
198 990 250 1018 33.
274 987 331 1025 jus
356 986 466 1024 civile,
483 986 572 1026 quod
594 995 684 1016 nunc
708 985 820 1016 fusum
841 992 878 1017 et

143 1031 337 1070 dissipatum
361 1034 424 1066 est,
440 1031 474 1060 iu
495 1034 587 1060 certa
603 1040 727 1070 genera
743 1040 875 1070 cogere,

146 1078 180 1104 et
204 1075 243 1104 ad
268 1075 348 1104 artis
372 1073 513 1104 formam
532 1074 692 1114 redigere.
718 1073 759 1104 cf.
783 1075 805 1104 i.
826 1077 875 1106 12.

150 1120 169 1138 ⁴²
180 1121 398 1158 opponuntur
413 1127 510 1158 porro
525 1118 723 1148 numerosis.
748 1118 806 1148 Or.
822 1122 875 1152 71.

144 1161 274 1192 facilius
298 1167 350 1192 est
372 1165 451 1202 apta
474 1161 664 1199 dissolvere,
687 1172 787 1201 quam
811 1163 875 1192 dis-

141 1207 251 1245 sipata
266 1211 478 1236 connectere.
501 1205 580 1236 hine
595 1206 652 1236 Or.
671 1209 723 1240 70.
739 1211 873 1236 senten-

140 1250 198 1280 tiae
222 1251 396 1290 dissipatoe.
426 1250 444 1269 *⁵
462 1249 556 1280 Brut.
583 1253 635 1284 59.
666 1249 706 1280 de
723 1254 872 1280 oratore:

143 1294 179 1323 in
208 1294 406 1324 instruendo
432 1294 625 1334 dissipatus,-
657 1293 714 1333 qui
737 1294 876 1324 iuventa

143 1347 212 1367 non
227 1338 344 1368 ordine
362 1342 397 1368 et
413 1342 490 1377 apte
507 1338 664 1377 disponit.

186 1381 401 1413 Dissoliibilis.
433 1381 513 1412 Nat.
530 1382 630 1412 Deor.
648 1382 694 1412 iii.
715 1384 763 1412 12.

186 1425 384 1463 Dissolvere,
408 1426 441 1455 in
466 1435 499 1455 re
525 1426 731 1466 pecuniaria,
748 1425 874 1456 solvere

144 1468 269 1507 debita,
294 1470 456 1507 variisque
483 1470 589 1500 modis
614 1469 748 1506 dicitur.
780 1470 873 1500 Verr.

141 1513 188 1544 iii.
205 1517 258 1547 75.
280 1517 334 1548 77.
365 1514 534 1544 dissolvere
558 1513 659 1543 alicui
684 1514 873 1553 pecuniam.

142 1556 261 1596 Quint.
283 1561 312 1589 5.
336 1557 462 1587 dissolvi
479 1567 555 1587 cum
573 1557 735 1598 Scapulis.
761 1557 872 1587 Plane.

141 1603 195 1631 ⁴28.
233 1601 402 1632 dissolvere
434 1611 568 1631 nomen.
606 1602 643 1631 it.
680 1602 871 1641 pecuniam.

140 1644 234 1674 Verr.
257 1655 287 1675 v.
315 1648 363 1676 13.
389 1645 512 1675 damna
534 1655 609 1683 quae
633 1646 742 1675 aetatis
759 1645 872 1675 fructu

140 1688 298 1719 dissoluta
312 1694 347 1719 et
362 1694 580 1729 compensata
595 1693 687 1719 sunt.
710 1688 729 1707 ²*
744 1689 807 1718 Sed
824 1689 873 1719 di-

140 1737 267 1763 cuntur
288 1735 405 1770 etiam,
421 1733 477 1772 qui
502 1733 676 1763 dissolvunt
693 1733 871 1773 pecuniam

139 1781 175 1806 et
194 1786 333 1814 nomen,
349 1777 485 1807 dissolvi.
516 1776 615 1807 Catil.
640 1777 673 1806 ii.
692 1780 721 1807 8.
746 1777 873 1807 dissolvi

141 1817 235 1850 nullo
252 1821 350 1850 modo
367 1824 517 1861 possunt.
542 1821 560 1839 *ἦ
572 1820 751 1861 depacisci,
769 1821 872 1861 inpri-

141 1865 204 1894 mis
228 1864 262 1894 in
288 1875 321 1894 re
343 1865 547 1905 pecuniaria.
578 1864 674 1895 Rosc.
701 1866 794 1895 Com.
825 1868 870 1895 16.

139 1908 309 1938 dissolvere
331 1919 391 1948 pro
414 1918 475 1938 sua
498 1915 603 1948 parte.
627 1908 645 1928 ²*
659 1908 747 1938 Hinc
767 1909 869 1939 etiam

140 1951 182 1982 ad
197 1951 262 1982 alia
276 1952 490 1982 transfertur.
513 1953 566 1982 Sic
584 1952 655 1982 Att.
672 1962 724 1982 xv.
744 1955 792 1982 11.
808 1954 872 1983 clis-

137 1997 257 2026 sol1=ere
273 2001 360 2026 vota.
383 1996 402 2014 *ἕ
415 1995 576 2027 refellere.
599 1997 656 2027 Or.
672 1997 707 2027 ii.
724 1999 776 2027 38.
800 1996 870 2027 dia-

140 2039 253 2070 lectici
284 2040 394 2071 multa
423 2040 615 2078 inveniunt,
643 2040 718 2081 (int.
743 2040 870 2080 sophis-

140 2082 244 2122 mata)
273 2094 347 2123 quae
371 2084 433 2124 ipsi
452 2093 519 2114 non
537 2088 678 2124 possunt
693 2085 868 2115 dissolvere.

138 2126 239 2158 Tusc.
279 2128 326 2158 iii.
363 2131 415 2159 30.
452 2133 636 2167 utrumque
673 2128 868 2158 dissolvitur.

138 2170 235 2201 Rosc.
259 2171 334 2202 Am.
351 2174 403 2206 29.
429 2172 585 2202 dissoluta
599 2175 651 2202 est
665 2173 866 2203 criminatio.

138 2215 251 2246 'mx-in.
274 2216 308 2246 ii.
337 2218 385 2247 15.
416 2215 478 2246 hoc
501 2220 587 2253 erat,
603 2216 693 2255 quod
715 2225 776 2255 ego
800 2226 867 2246 non

137 2259 234 2288 rebar
261 2269 356 2299 posse
385 2260 523 2290 dissolvi.
554 2259 611 2290 At*
627 2269 726 2298 quam
750 2260 867 2290 festive

135 2302 330 2333 dissolvitur.
362 2303 523 2333 *tollere
553 2303 678 2334 Caecin.
704 2306 754 2334 14.
782 2305 867 2344 peri-

138 2345 288 2377 culosum
306 2352 371 2385 est,
386 2348 515 2377 dissolvi
531 2347 594 2377 hoc
609 2347 842 2378 interdictum.

180 2389 357 2429 Dissolvite,
373 2392 556 2431 opponitur
572 2392 616 2431 τῷ
631 2401 753 2421 severe.
780 2392 864 2422 Phil.

138 2433 180 2464 vi.
202 2436 228 2463 l.
254 2435 402 2465 dissolute
424 2445 474 2465 res
494 2435 659 2465 confecta.
690 2435 732 2465 ad
753 2436 794 2476 Ω.
813 2436 862 2466 Fr.

135 2477 169 2507 ii.
202 2481 250 2508 13.
282 2479 432 2509 dissolute
455 2479 620 2517 judicare.
645 2479 687 2509 cf.
716 2479 811 2509 Verr.
834 2490 864 2510 v.

135 2524 166 2551 8.
195 2521 213 2539 ’κ
229 2522 286 2552 Or.
311 2525 362 2557 39.
391 2523 539 2553 dissolute
562 2522 722 2552 (licuntur
744 2523 860 2564 plura:

132 2563 169 2594 h.
196 2575 225 2595 e.
251 2565 372 2596 demtis
399 2566 706 2606 conjunctionibu8‚
730 2572 770 2597 ut
793 2569 863 2608 ipse

130 2608 387 2648 interpretatur.

175 2652 363 2690 Dissolutio,
380 2653 576 2684 confutatio.
602 2653 737 2684 Cluent.
757 2658 784 2685 1.
799 2655 862 2686 dis-

129 2698 241 2726 solutio
264 2697 454 2728 criminum.
484 2698 526 2728 cf.
559 2698 676 2727 Partit.
704 2701 752 2733 17.
782 2699 862 2729 *iu-

129 2740 263 2770 teritus.
296 2740 389 2770 Verr.
421 2741 462 2771 iv.
495 2744 547 2776 59.
583 2742 746 2772 dissolutio
769 2742 862 2780 judi-

128 2784 269 2814 ciorum.
299 2783 371 2814 Fin.
396 2795 425 2814 V.
451 2787 500 2815 11.
531 2786 694 2815 dissolutio
716 2791 859 2817 naturae.

126 2827 206 2857 ibid.
222 2828 256 2857 ii.
269 2831 322 2858 31.
347 2838 458 2867 quaero
473 2835 586 2858 autem
604 2829 686 2867 quid
700 2829 757 2866 sit,
771 2831 859 2869 quod

125 2881 203 2905 cum
227 2872 443 2909 dissolutione,
464 2872 499 2901 id
522 2879 586 2909 est,
602 2877 724 2911 morte,
742 2883 858 2906 sensus

122 2915 232 2946 omnis
255 2916 503 2955 exstinguatur.
528 2915 698 2947 *verbum
715 2916 858 2949 rhetori-

664 112 809 140 INDEX
840 112 975 140 LATIN
983 114 1137 142 iTA'rlS.

920 211 1009 232 cum.
1040 201 1158 232 Partit.
1183 201 1215 232 6.
1246 202 1450 232 constructio
1469 202 1649 234 verborum

918 246 1169 276 dissolutionibus
1198 244 1374 276 relaxetur.
1400 246 1422 276 i.
1444 255 1472 276 e.
1496 247 1556 277 fiat
1586 256 1652 288 per

919 289 1069 319 membra
1083 293 1119 319 et
1134 289 1205 319 sine
1221 288 1375 329 periodis.

961 332 1160 371 Dissolutus,
1182 333 1281 363 nimis
1305 332 1490 372 negligens,
1506 333 1646 373 opponi-

917 379 975 405 tur
989 386 1102 406 severo
1118 382 1152 406 et
1165 377 1271 415 justo.
1301 376 1399 406 Catil.
1416 376 1437 406 i.
1455 378 1486 408 2.
1513 376 1648 407 dissolu-

919 423 971 449 tus
986 420 1020 449 in
1039 420 1120 459 reip.
1135 421 1303 460 periculis.
1330 420 1423 450 Verr.
1439 430 1468 449 v.
1482 423 1513 450 3.
1539 419 1647 450 malu-

920 463 982 492 isse
999 464 1188 494 Domitium
1206 463 1374 494 crudelem
1393 464 1426 493 in
1439 462 1647 494 animadver-

918 506 1034 543 tendo,
1047 516 1146 545 quam
1160 508 1193 536 in
1210 507 1499 547 praetermittendo
1513 507 1647 537 dissolu-

920 553 990 579 tum
1015 550 1130 580 videri.
1160 551 1238 581 ibid.
1255 552 1299 581 iii.
1317 555 1368 585 57.
1391 550 1561 589 judicium
1583 551 1648 581 dis-

918 595 1059 623 solutum
1076 604 1113 624 ac
1136 594 1317 633 perditum.
1345 595 1364 613 ’κ
1379 594 1562 635 opponitur
1584 603 1648 624 nu-

919 647 1067 667 meroso:
1103 637 1197 668 Orat.
1223 641 1273 672 57.
1309 639 1432 668 Poema
1463 638 1563 668 nimis
1594 642 1647 668 est

920 681 1086 718 vinetum,
1109 685 1150 710 ut
1176 681 1215 711 de
1243 682 1408 712 industria
1435 682 1562 712 sactum
1589 692 1648 722 ap-

920 730 1050 764 pareat:
1088 724 1232 755 alterum
1264 726 1385 766 (sermo
1411 725 1515 765 vulgi)
1546 726 1646 755 nimis

918 769 1120 806 dissolutum,
1144 773 1183 798 ut
1206 774 1424 809 pervagatum
1449 779 1487 799 ac
1511 770 1646 808 vulgare

919 812 1081 842 videatur.
1109 812 1221 843 *item
1245 818 1335 852 apto.
1367 813 1432 843 Off.
1455 813 1477 842 i.
1500 815 1553 844 35.
1583 822 1646 843 nec

918 855 1135 886 histrionibus
1163 856 1427 894 concedendum,
1452 860 1490 886 ut
1512 856 1552 886 iis
1575 856 1646 887 haec

919 904 999 939 apta
1020 901 1102 938 sint,
1119 901 1212 931 nobis
1229 901 1393 931 dissoluta.
1416 899 1436 918 *²
1447 901 1483 930 in
1499 909 1534 929 re
1549 899 1647 930 fami-

919 943 992 973 liari
1003 945 1185 984 opponitur
1196 950 1338 975 attento.
1362 944 1481 984 Quint.
1500 946 1549 974 11.
1573 944 1647 983 quis

918 992 989 1023 tam
1015 988 1184 1019 dissolutus
1209 989 1244 1018 iu
1270 998 1304 1018 re
1329 987 1486 1018 familiari
1514 987 1646 1026 fuisset,

919 1032 991 1071 quis
1013 1036 1086 1062 tam
1103 1031 1391 1072 negligens-ibid.
1413 1034 1462 1063 12.
1486 1032 1558 1071 quis
1573 1036 1646 1062 tam

918 1075 1068 1115 perditus
1092 1086 1130 1105 ae
1155 1075 1307 1116 profusus
1331 1085 1432 1116 nepos
1448 1076 1495 1106 sic
1511 1076 1648 1106 dissolu-

918 1124 970 1150 tus
992 1120 1120 1149 fuisset.
1144 1119 1364 1150 *dissolutum
1387 1120 1491 1149 etiam
1509 1119 1649 1158 dicitur,

918 1164 1006 1202 quod
1037 1173 1104 1193 non
1134 1167 1185 1194 est
1208 1163 1251 1194 ad
1277 1164 1357 1193 artis
1384 1163 1530 1193 formam
1552 1163 1648 1194 reda-

918 1212 1023 1237 ctum.
1041 1207 1098 1237 Or.
1115 1208 1136 1237 i.
1153 1209 1207 1238 42.
1231 1207 1382 1237 adhibita
1393 1210 1445 1237 est
1459 1216 1646 1246 arS,—-quae

917 1260 988 1281 rem
1012 1252 1199 1282 dissolutam
1222 1250 1453 1290 divulsamque
1479 1249 1648 1290 congluti-

917 1300 1025 1325 naret.
1050 1296 1110 1326 ἃς.

960 1338 1127 1370 Dissuere.
1151 1338 1246 1369 Offie.
1263 1339 1285 1369 i.
1299 1342 1352 1372 33.
1377 1338 1554 1375 amicitias,
1571 1348 1646 1378 quae

916 1383 1028 1413 minus
1060 1383 1228 1414 delectent
1254 1385 1289 1413 et
1312 1383 1423 1413 minus
1449 1382 1646 1422 probentur,

916 1428 1022 1465 mag-is
1050 1427 1167 1457 decere
1193 1432 1334 1457 censent
1356 1426 1523 1466 sapientes
1551 1425 1647 1466 paul-

915 1470 1009 1501 latim
1023 1472 1178 1508 dissuere,
1190 1480 1289 1509 quam
1305 1476 1442 1510 repente
1454 1470 1646 1510 praecidere.

959 1515 1144 1553 Dis-cantia,
1169 1515 1354 1544 diversitas.
1383 1514 1466 1545 Lael.
1490 1515 1543 1545 20.
1573 1523 1645 1544 mo-

915 1569 989 1589 rum
1007 1559 1264 1598 studiorumque
1281 1558 1448 1588 distantia.

959 1602 1134 1634 Distincte.
1161 1602 1261 1632 Tusc.
1285 1602 1317 1631 ii.
1335 1605 1366 1632 3.
1396 1602 1545 1631 distincte
1566 1602 1648 1632 scri·

914 1646 1010 1676 bere:
1037 1646 1068 1677 h.
1085 1657 1114 1677 e.
1133 1647 1290 1685 ambigua
1304 1646 1542 1684 distinguendo.

957 1690 1147 1727 Distinctio,
1164 1695 1314 1720 ornatus.
1337 1690 1396 1720 Or.
1409 1690 1508 1723 ii.90.
1530 1689 1643 1720 discin-

914 1735 975 1764 ctio
988 1735 1140 1765 oratoris.

959 1778 1155 1809 Distinctus.
1179 1776 1287 1808 Flacc.
1308 1778 1356 1807 12.
1384 1776 1554 1816 provincia
1568 1787 1645 1817 por-

913 1822 1016 1852 tubus
1039 1823 1202 1853 distincta.
1226 1822 1283 1852 Or.
1301 1821 1347 1850 iii.
1364 1822 1417 1852 25.
1442 1821 1643 1859 distinctam,

913 1867 1093 1906 opponitur
1111 1867 1156 1903 ei,
1172 1865 1261 1905 quod
1277 1868 1328 1895 est
1342 1865 1456 1895 fusum
1473 1864 1644 1903 aequabili-

913 1917 966 1940 ter
988 1920 1047 1950 per
1069 1919 1205 1940 omnem
1226 1909 1425 1940 orationem.
1449 1938 1451 1941 ,
1590 1941 1593 1944 ,

955 1954 1120 1985 Distiiieri
1149 1952 1235 1984 bello
1266 1951 1352 1984 Phil.
1376 1953 1476 1986 xi.22.
1510 1951 1575 1982 Sed
1598 1952 1654 1983 ibi.

911 1998 1043 2028 variant
1058 1998 1143 2029 libri.
1161 1997 1332 2027 veterrimi
1348 1996 1473 2027 habent
1486 1995 1642 2034 detineri,

912 2042 1002 2081 quod
1025 2043 1147 2072 rectius
1163 2044 1223 2072 est.
1247 2045 1283 2070 at
1306 2040 1391 2071 Phil.
1415 2039 1469 2070 xii.
1500 2041 1558 2076 12„
1573 2050 1642 2080 pax

911 2086 1060 2116 ‹hstium-z·
1076 2093 1165 2116 recte
1181 2085 1323 2115 dicitur:
1347 2089 1388 2115 ut
1404 2083 1493 2124 apud
1508 2082 1642 2114 Livium

911 2130 945 2160 ii.
967 2133 1015 2161 15.
1040 2130 1097 2160 ubi
1121 2128 1467 2159 defenditDrakenb.
1510 2127 1642 2168 Nempe

910 2183 974 2213 pax
991 2174 1070 2212 coit,
1088 2173 1257 2210 convenit,
1269 2182 1348 2212 ergo
1359 2172 1547 2209 distinetur,
1562 2181 1642 2202 cum

911 2218 1104 2258 impeditur.
1614 2245 1616 2248 .

954 2262 1181 2300 Distingzcere,
1204 2269 1334 2291 ornare.
1364 2259 1480 2290 Paret.
1509 2261 1558 2290 13.
1591 2268 1627 2290 ar

909 2307 1201 2345 gumentationem
1217 2303 1361 2335 dilucide
1377 2304 1590 2342 distinguere.

952 2350 1146 2386 Distraestv,
1177 2348 1359 2389 opponitur
1395 2346 1640 2387 conjunctioni,

908 2393 1077 2424 amicitiae.
1116 2393 1211 2424 Offic.
1240 2392 1287 2423 iii.
1315 2392 1346 2422 6.
1385 2401 1464 2421 cum
1489 2389 1641 2431 tyrannis

907 2446 1039 2468 summa
1051 2437 1216 2468 distractio
1230 2440 1292 2466 est.

951 2480 1156 2519 Dim-actus,
1181 2479 1377 2510 contrarius.
1406 2477 1507 2508 Tusc.
1532 2488 1563 2507 v.
1591 2480 1642 2508 15.

906 2525 1149 2555 concitationes
1162 2525 1334 2555 distractoe.

948 2569 1154 2600 Distralaere.
1180 2569 1238 2598 Or.
1253 2571 1306 2598 1-15.
1334 2566 1517 2596 distrahere
1532 2574 1642 2602 voces,

905 2620 955 2642 est
992 2612 1236 2653 pronunciandi
1273 2611 1370 2647 ratio,
1405 2610 1559 2649 opposita
1595 2609 1640 2648 ei,

905 2666 1004 2695 quam
1022 2656 1195 2686 elisionem
1216 2659 1350 2691 vocant,
1366 2657 1401 2683 et
1424 2663 1491 2692 qua
1506 2656 1641 2683 contra-

904 2699 938 2730 hi
964 2709 1061 2730 voces
1085 2700 1166 2729 dicit
1187 2699 1314 2729 Cicero.
1345 2697 1483 2726 *finire
1515 2696 1640 2727 Caecin.

904 2746 935 2774 2.
967 2745 1148 2774 distrahere
1178 2741 1429 2773 controversias.
1467 2740 1641 2770 *distrahi

903 2787 1040 2823 dicitur,
1058 2788 1127 2826 qui,
1143 2788 1178 2818 in
1194 2795 1294 2826 quam
1318 2791 1448 2825 partem
1465 2783 1639 2820 decernat,

903 2841 968 2861 nou
1001 2831 1102 2861 videt.
1146 2829 1249 2861 Acad.
1280 2830 1322 2859 iv.
1353 2831 1408 2860 43.
1454 2828 1655 2866 distialiorr

901 2879 975 2905 tum
994 2874 1056 2905 hoc
1073 2874 1156 2904 mihi
1173 2872 1388 2914 probabilius,
1401 2876 1475 2902 tum
1493 2870 1576 2901 illud
1591 2870 1638 2900 vi·-

904 2919 1014 2950 detur.
1038 2918 1154 2949 *Phss-
1170 2919 1205 2949 ii.
1225 2921 1274 2950 10.
1298 2916 1380 2956 quid
1395 2926 1457 2957 ego
1481 2914 1580 2946 illum
1595 2913 1638 2944 ab
