1800 3131
188 76 243 114 90

237 174 408 212 Graecias,
425 173 496 206 Ati.
518 174 562 206 vi.
583 176 615 206 3.
645 174 734 207 homo
757 176 827 207 vilis
848 178 880 207 Ιι.
897 178 919 208 l.

188 220 370 260 significari
383 219 522 249 videtur.

238 263 369 304 Cupido,
393 261 473 293 Nat.
501 262 542 293 D.
570 261 617 293 iii.
636 264 696 294 23.
736 263 918 304 Cupidines

189 307 313 349 plures.

236 351 278 382 L.
308 349 482 390 Cmfidius,
499 348 570 380 Att.
594 349 663 380 xiii.
687 352 742 381 44.
772 349 835 380 hoc
860 359 920 380 no·

190 404 270 425 men
287 405 328 425 ex
343 394 523 433 Ligariana
543 392 689 432 tollitur,
708 393 840 424 monitu
859 394 921 424 At-

188 439 260 468 tici.

236 479 475 518 Qriatii,1nv.
499 480 532 511 ii.
557 480 609 511 26.
641 484 709 510 tres
732 479 865 518 fratres,
881 481 921 510 de

188 527 301 567 quibus
313 524 388 555 Le'v.
404 524 426 554 l.
442 525 463 554 i.
480 526 532 556 24.
563 534 645 564 seqq.

238 569 271 600 C.
291 568 466 605 Curiatius,
481 567 562 607 Leg.
586 567 633 597 iii.
647 571 678 602 9.
706 565 798 597 Trib.
823 565 868 606 pl.
889 577 919 596 v.

189 614 286 644 annis
303 617 382 643 ante
397 611 450 642 Ti.
466 610 608 641 Gracchi
624 611 836 641 tribunatum
853 610 919 651 pri-

190 667 298 694 mum,
329 653 504 692 Consules,
536 653 582 684 P.
621 654 782 685 Nasicam
811 658 842 685 et
871 653 919 686 D.

182 700 351 738 ‚Brutum,
367 700 402 729 in
416 697 551 728 vincula
565 697 720 737 conjecit.

237 743 272 775 C.
299 743 405 780 Curio,
428 751 522 779 avus,
538 739 593 771 ΒΓ.
617 743 670 772 32.
702 741 774 780 ejus
796 741 919 772 oratio-

188 795 259 819 neS.
287 786 494 818 Consulatum
509 795 572 815 non
592 785 727 826 adeptus
741 789 797 816 esc.
821 784 917 817 Proe-

186 830 327 871 cersuit,
343 830 385 860 A.
407 828 447 860 U.
464 837 613 859 Dcxxxu.

237 875 269 905 C.
285 874 467 905 chibonius
487 871 592 909 Curio,
609 871 727 903 Pater.
749 871 845 903 Brut.
866 872 916 902 16.

193 918 307 948 meul
330 916 407 957 suit
434 926 509 948 eum
545 915 601 947 Cn.
645 915 775 946 Octavio
805 926 837 946 a.
875 915 915 947 U.

187 968 360 993 Dcrxxvn.
389 960 471 991 Rab.
504 963 535 994 7.
567 961 602 989 in
627 959 716 989 caede
741 959 915 990 Saturnini

187 1011 239 1036 est
269 1015 348 1035 cum
379 1003 589 1035 Consulibus.
619 1003 737 1033 Manil.
765 1005 817 1034 523.
848 1002 915 1042 legi

185 1048 337 1080 Maniliae
354 1048 454 1078 favet.
476 1047 519 1077 ad
533 1047 610 1077 Div.
626 1047 648 1077 i.
665 1050 696 1077 4.
722 1047 771 1077 vir
787 1047 914 1077 Consu-

184 1092 275 1123 laris.
293 1092 402 1123 Pison.
422 1095 471 1126 19.
494 1091 535 1121 de
547 1090 713 1125 Dardanis
725 1090 916 1131 triumphat

185 1147 205 1167 e
221 1135 421 1167 Macedonia
439 1134 582 1165 rediens.
612 1133 669 1165 Or.
693 1135 728 1165 ii.
750 1136 803 1166 23.
836 1135 916 1165 Cos-

183 1190 238 1211 sos
263 1180 382 1211 fratres
409 1178 560 1210 defendit
591 1184 711 1208 contra
736 1179 783 1209 M.
810 1177 916 1208 Anto-

185 1225 283 1255 nium
308 1225 497 1255 Oratorem.
538 1221 609 1252 Att.
637 1222 659 1253 i.
688 1225 736 1253 14.
775 1222 810 1252 P.
839 1222 914 1252 Clo-

185 1268 281 1298 dium
300 1268 335 1298 in
357 1269 484 1298 Senatu
502 1266 620 1305 juvare
643 1265 768 1296 frustra
790 1265 914 1296 studet.

185 1311 270 1343 Har.
296 1312 395 1351 Resp.
420 1311 450 1341 6.
483 1310 647 1340 Pontifex.
678 1309 720 1339 ad
743 1310 820 1340 Div.
847 1310 913 1340 viii.

188 1357 239 1386 11.
271 1360 373 1394 negat
387 1365 422 1385 se
445 1354 700 1394 permissurum,
719 1357 758 1383 ut
782 1353 913 1383 Cicero-

185 1400 221 1429 ni
237 1398 437 1440 supplicatio
453 1398 663 1427 decernatur.
678 1396 708 1426 V
710 1400 755 1427 at.
772 1400 821 1428 10.
842 1396 913 1427 lau-

185 1444 299 1480 datur,
314 1442 346 1472 ei
373 1441 553 1472 insidiatur
574 1440 741 1471 Vatinius.
780 1439 835 1472 Br.
859 1443 913 1472 32.

185 1486 282 1518 Brut.
301 1487 353 1517 60.
386 1485 548 1516 memoria
570 1484 767 1515 destituitur
789 1485 912 1516 subito.

184 1531 250 1561 Off.
274 1531 308 1561 ii.
335 1533 384 1565 17.
415 1529 546 1559 dicebat
569 1538 603 1559 se
620 1529 744 1565 omnia,
763 1538 836 1567 quae
853 1528 912 1559 ha-

183 1575 345 1605 berentur
358 1573 576 1613 amplissima,
593 1572 664 1602 sine
688 1572 757 1602 ullo
773 1582 911 1602 munere

184 1618 346 1659 adeptum
369 1627 452 1647 esse.
484 1616 525 1647 ad
548 1616 624 1646 Div.
648 1617 682 1646 ii.
707 1618 737 1648 2.
769 1617 912 1646 moritur

185 1662 323 1692 Calvino
339 1667 373 1691 et
386 1660 530 1692 Messala
544 1659 634 1690 Coss.
646 1659 720 1689 Act.
734 1660 755 1689 i.
768 1660 802 1689 in
817 1660 910 1691 Vei-r.

183 1710 216 1740 7.
247 1706 346 1736 Corn.
362 1706 384 1736 i.
407 1704 462 1735 ΒΓ.
478 1707 531 1739 49.
547 1704 599 1735 60.
631 1704 666 1734 in
682 1703 773 1734 libris
793 1704 910 1742 etiam,

185 1759 260 1789 quae
276 1750 373 1787 dixit,
390 1749 607 1779 obliviscitur.

234 1793 266 1824 C.
288 1793 393 1830 Curio,
411 1792 448 1822 C.
466 1792 511 1822 fil.
542 1792 588 1822 ad
601 1801 693 1831 quem
711 1795 788 1822 sunt
803 1793 911 1832 episto-

183 1838 223 1867 1oe
238 1838 310 1868 libra·
327 1838 360 1867 ii.
383 1837 429 1866 acl
442 1835 521 1867 Dav.
552 1835 592 1865 ad
612 1835 689 1866 Div.
704 1836 771 1865 viii.
789 1838 820 1866 4.
851 1836 911 1866 tri-

182 1882 349 1911 bunatum
367 1881 462 1921 petit.
493 1879 564 1917 ejus
580 1878 777 1909 facilitatem
804 1879 911 1909 homi-

183 1934 242 1955 nes
274 1928 444 1955 metuunt.
476 1933 554 1953 eum
580 1922 691 1953 Caesar
712 1923 807 1953 valde
834 1933 912 1953 con-

180 1969 317 1999 temnit.
333 1969 376 1998 ib.
393 1971 423 1999 8.
447 1977 481 1997 se
496 1971 593 2007 parat
605 1971 721 1996 contra
733 1966 909 1998 Caesarem.

183 2013 226 2042 ib.
246 2013 276 2043 6.
307 2013 342 2042 in
356 2012 533 2042 tribunatu
548 2010 632 2040 nihil
652 2010 734 2049 agit,
752 2011 791 2040 de
807 2011 911 2041 inter-

183 2056 321 2086 calando
332 2065 400 2085 non
410 2056 553 2092 obtinet,
564 2055 603 2084 fit
614 2053 795 2094 popularis,
805 2060 839 2084 et
850 2065 910 2094 pro

183 2100 313 2130 Caesare
330 2099 490 2139 loquitur,
503 2099 612 2138 legem
629 2098 775 2128 viariam
792 2103 826 2128 et
841 2099 910 2128 Ali-

182 2144 383 2174 mentariam
400 2143 475 2173 fert.
492 2143 526 2172 ii.
547 2145 595 2173 13.
620 2142 783 2172 Caesarem
797 2142 910 2174 defen—

182 2187 260 2217 dere
283 2188 415 2227 incipit,
433 2186 520 2226 quod
543 2190 623 2216 ante
647 2186 834 2225 suspicatus
858 2194 909 2216 est

183 2231 311 2261 Cicero.
336 2232 403 2261 viii.
424 2234 472 2261 11.
500 2236 601 2270 negat
617 2239 650 2260 se
667 2230 908 2269 permissurum

179 2281 221 2305 ut
246 2275 356 2305 Caesar
379 2275 419 2304 de
442 2274 613 2314 provincia
637 2273 787 2310 decedat,
813 2274 910 2304 Pom-

181 2319 296 2359 peium
321 2318 355 2348 id
379 2319 571 2358 cupientem
598 2317 686 2347 male
715 2318 849 2358 accipit,
873 2322 909 2348 et

180 2362 252 2401 ejus
277 2362 311 2392 ii.
328 2362 539 2392 consulatum
563 2361 721 2401 exagitat.
752 2372 780 2392 v.
804 2362 843 2392 de
861 2362 910 2391 his

180 2411 372 2437 narrantem
390 2406 540 2442 Dionem,
558 2414 611 2435 xx..
629 2415 666 2445 p.
694 2408 765 2435 148.
788 2416 832 2445 sq.
867 2405 908 2435 ad

179 2449 258 2481 Div.
271 2450 336 2480 viii.
353 2453 401 2480 10.
429 2450 506 2479 trib.
523 2448 567 2489 pl.
584 2449 624 2478 de
641 2458 720 2488 agro
737 2449 909 2489 Campano

181 2498 260 2523 ante
286 2493 424 2523 Caesaris
449 2493 630 2523 adventum
654 2503 672 2522 e
696 2492 805 2523 Gallia
827 2493 909 2522 divi·

180 2536 290 2567 dendo
313 2547 353 2567 ex
375 2538 446 2576 ejus
469 2536 542 2575 lege
568 2537 709 2574 laborat,
733 2546 774 2566 ne
799 2536 910 2567 Caesar

181 2581 325 2611 dividere
349 2581 462 2620 possit.
486 2580 557 2611 Att.
584 2581 606 2611 i.
632 2583 682 2611 14.
717 2580 818 2610 filiola
842 2580 909 2610 Cu-

178 2625 282 2656 rionis
295 2624 427 2654 dicitur.
441 2624 524 2654 Phil.
538 2625 572 2655 ii.
584 2626 614 2654 52.
630 2627 680 2655 18.
699 2628 846 2654 scortum
860 2623 909 2654 M.

179 2668 318 2699 Antonii
340 2667 556 2698 Trium—Viri.
590 2668 645 2698 ΒΓ.
670 2671 721 2699 81.
752 2675 907 2698 naturam

179 2712 299 2742 habuit
307 2711 534 2741 admirabilem
546 2711 586 2742 ad
596 2711 773 2742 dicendum
786 2724 795 2748 ς
809 2711 907 2752 plane

179 2756 344 2786 eruditus.
374 2756 567 2786 temeritate
592 2756 627 2785 in
645 2755 732 2785 bello
748 2755 835 2785 civili
851 2765 908 2795 pe-

176 2800 245 2830 riit.
285 2798 326 2829 ad
356 2799 433 2829 Div.
459 2799 525 2828 viii.
555 2801 586 2829 2.
624 2799 694 2839 ejus
725 2799 908 2830 theatrum.

178 2843 234 2877 De
248 2853 307 2883 quo
322 2844 384 2873 vid.
401 2842 492 2873 Plin.
510 2841 558 2872 H.
575 2843 623 2873 AV.
640 2843 747 2873 xxxvi.
764 2846 813 2873 15.

228 2886 354 2926 curius,
372 2887 411 2918 de
429 2886 500 2917 Inv.
516 2885 536 2916 i.
549 2889 602 2917 43.
624 2887 746 2918 Orator
758 2886 907 2927 quidam,

706 84 862 114 *INDEX
892 85 1172 116 HISTORICUS·

959 187 978 207 e
993 177 1087 216 cujus
1103 176 1257 207 oratione
1271 186 1331 218 pro
1355 173 1470 207 Fulvio
1485 176 1585 208 verba
1603 185 1693 216 quoe·

961 220 1037 251 darn
1055 220 1246 251 laudantur.
1271 221 1345 252 Sed.
1362 232 1392 251 v.
1408 222 1441 250 in
1459 219 1530 253 Ser.
1546 222 1691 253 Fulvius.

1010 265 1042 295 C.
1076 264 1204 302 Curius,
1231 269 1325 304 pater
1352 263 1478 296 Rabirii
1505 264 1694 296 Posthumi.

960 308 1042 338 Rab.
1060 307 1197 339 Postzfe.
1218 311 1267 342 17.

1004 351 1068 382 Μ’.
1090 352 1206 382 Curius
1221 351 1395 383 Dentatus.
1413 351 1468 382 Br.
1483 354 1533 382 14.
1555 351 1632 382 trib.
1644 351 1692 392 pl.

961 394 1128 434 interrege
1137 394 1244 435 Appio
1255 396 1363 433 Caeuo,
1374 396 1484 435 coegit
1493 400 1603 436 patres
1611 401 1692 426 ante

962 438 1099 468 comitia
1126 444 1278 469 auctores
1302 440 1384 470 fieri.
1422 449 1487 480 qua
1509 439 1548 469 de
1568 448 1605 469 re
1626 439 1692 470 vid.

962 480 1123 520 Pighium
1138 482 1184 511 ad
1197 493 1228 513 a.
1244 485 1319 514 455.
1355 484 1489 514 Gronov.
1510 482 1581 513 Ohs.
1598 482 1620 513 i.
1636 484 1692 514 25.

960 523 1127 555 Drakenb.
1159 526 1205 555 ad
1234 527 1307 557 Liv.
1339 537 1369 556 x.
1405 530 1453 557 11.
1494 527 1628 557 Muren.
1658 528 1691 557 8.

960 567 1060 598 homo
1090 577 1193 599 novus
1221 569 1262 599 ad
1288 570 1500 600 consulatum
1529 570 1692 610 pervenit.

959 610 1039 642 ibid.
1074 615 1123 643 14.
1159 612 1200 642 de
1232 623 1308 652 rege
1339 614 1462 654 Pyrrho
1489 613 1690 654 triumphat.

959 653 1031 685 Att.
1061 656 1104 685 iv.
1139 658 1188 686 15.
1225 657 1353 686 emittit
1380 657 1491 687 lacum
1519 657 1689 688 Velinum.

960 698 1072 729 Plane.
1090 701 1143 730 25.
1159 698 1242 729 Sull.
1259 703 1289 734 7.
1307 700 1378 730 Fin.
1394 701 1428 732 ii.
1448 704 1497 731 10.

1001 741 1063 773 Μ’.
1098 742 1224 779 Curius,
1252 742 1308 773 Br.
1339 746 1390 774 53.
1429 744 1689 775 controversiam

958 786 1095 817 cum'M.
1111 786 1259 826 Coponio
1276 787 1387 817 habet.
1403 787 1460 818 Or.
1476 787 1498 818 i.
1515 790 1567 822 39.
1583 789 1618 818 ii.
1633 790 1688 819 3²2.

958 830 1105 860 Curiana
1120 840 1229 861 causa.
1246 831 1280 861 ii.
1303 831 1334 861 6.
1365 836 1442 860 acta
1463 840 1484 861 a
1505 830 1544 861 L.
1569 831 1688 862 Crasso

957 874 1111 910 Oratore,
1128 883 1202 913 quae
1218 874 1323 914 qualis
1340 874 1454 904 fuerit.
1469 874 1534 904 vid.
1553 874 1575 904 i.
1591 876 1644 908 39.

999 916 1064 947 M'.
1081 917 1214 955 Curius,
1231 918 1272 948 ad
1293 919 1368 949 Div.
1385 918 1419 948 ii.
1439 921 1489 953 19.
1519 918 1689 948 consobri-

956 969 1020 990 nus
1053 961 1090 991 C.
1121 961 1216 992 Coelii
1253 961 1448 1001 Quaestoris.
1489 961 1596 992 Flacc.
1635 964 1687 993 13.

955 1004 1112 1044 Quaestor
1141 1005 1288 1035 urbanus
1327 1005 1440 1036 Silano
1477 1010 1512 1035 et
1542 1005 1688 1036 Murena

958 1048 1049 1078 Coss.
1065 1048 1142 1078 Sen.
1157 1053 1233 1088 post
1249 1049 1331 1079 Red.
1348 1052 1378 1080 8.
1394 1049 1472 1080 trib.
1487 1048 1532 1089 pl.
1545 1049 1581 1079 P.
1595 1049 1686 1080 Len-

955 1091 1028 1121 tulo
1044 1091 1221 1131 Spinthere
1238 1092 1313 1123 Cos.
1338 1093 1418 1131 Ejus
1436 1093 1523 1133 patri
1540 1099 1687 1132 quaestor

956 1135 1021 1165 fuit
1037 1135 1164 1166 Cicero.
1210 1136 1288 1166 Fuit
1309 1141 1419 1167 autem
1442 1136 1590 1177 „Quaestor
1608 1135 1686 1167 Sex.

957 1179 1108 1210 Pednccei
1122 1180 1156 1209 in
1174 1178 1297 1210 Sicilia.
1343 1179 1497 1210 Eundem
1513 1191 1575 1211 esse
1591 1185 1685 1220 puto,

955 1225 1010 1263 qui
1025 1222 1067 1267 ad
1081 1223 1210 1253 Divers.
1228 1224 1297 1254 xiii.
1313 1225 1367 1258 49.
1398 1224 1579 1254 Proeonsul
1594 1234 1685 1255 voca-

955 1271 1022 1297 tur.
1049 1267 1256 1307 Propraetore
1271 1267 1440 1297 dicendum
1455 1272 1537 1298 erat.
1562 1268 1605 1298 In
1619 1277 1686 1308 qua

947 1311 1114 1352 provincia
1119 1310 1245 1350 Jherit,
1261 1312 1402 1341 nondum
1417 1312 1532 1352 reperi.

997 1354 1060 1384 M'.
1088 1353 1213 1384 Curius.
1238 1354 1322 1385 Phil.
1348 1365 1378 1386 ν.
1403 1357 1434 1386 5.
1473 1355 1522 1386 Μ.
1545 1354 1685 1386 Antonii

953 1397 1141 1435 familiaris,
1159 1398 1351 1429 dissolutus.

996 1441 1060 1472 Μ’.
1081 1440 1209 1479 Curius,
1222 1442 1263 1472 ad
1278 1442 1354 1473 Div.
1371 1442 1439 1473 xiii.
1466 1445 1514 1477 17.
1532 1443 1682 1481 negotia-

951 1489 1007 1516 tor
1035 1486 1159 1515 Patris:
1195 1483 1287 1527 cnjus
1315 1490 1359 1517 est
1389 1487 1518 1525 epistola
1545 1487 1600 1517 vii.
1629 1489 1684 1521 29.

952 1529 1058 1561 Attici
1073 1535 1108 1559 et
1125 1529 1294 1560 Ciceronis
1310 1530 1544 1560 amicissimus.

998 1573 1041 1614 Q.
1063 1572 1189 1610 Curlus,
1206 1574 1240 1603 in
1256 1573 1338 1613 Tog.
1356 1574 1460 1604 Cand.
1477 1573 1577 1604 homo
1591 1583 1682 1613 quae-

951 1617 1084 1647 storius.
1098 1617 1198 1647 Petit.
1211 1617 1310 1647 Cons.
1326 1620 1356 1647 3.
1382 1618 1497 1647 Socius
1515 1617 1681 1649 Catilinae.

951 1658 1040 1701 Ejus
1051 1662 1165 1691 mentio
1176 1662 1274 1691 etiam
1289 1666 1332 1691 est
1348 1671 1400 1701 ap.
1422 1660 1616 1692 Sallustium
1631 1663 1682 1692 in-

950 1708 1000 1734 ter
1021 1705 1234 1741 Catilinarios,
1251 1705 1295 1736 B.
1317 1704 1350 1735 C.
1367 1707 1419 1736 23.

1000 1748 1128 1786 Cursor,
1146 1748 1188 1778 ad
1203 1749 1279 1780 Div.
1295 1749 1337 1778 ix.
1356 1750 1410 1779 21.
1437 1757 1624 1788 cognomen
1639 1747 1681 1780 L.

951 1791 1085 1831 Papirii.

999 1836 1140 1872 Cio-tim,
1163 1836 1261 1866 Rosc.
1287 1837 1339 1866 3⁶2.
1378 1840 1564 1874 accusator,
1590 1835 1680 1866 bello

950 1879 1039 1910 civili
1056 1880 1192 1910 Sullano
1208 1879 1417 1910 interfectus.

998 1924 1139 1960 Curtius,
1156 1923 1183 1951 V
1186 1934 1249 1953 err.
1273 1923 1295 1953 i.
1320 1926 1371 1957 39.
1402 1923 1481 1953 civis
1502 1923 1601 1954 Rom.
1621 1923 1678 1963 qui

950 1967 986 1997 C.
1003 1967 1113 1998 Verris
1130 1967 1287 2007 pecunias
1301 1966 1578 1998 extraordinarias
1592 1971 1680 1997 trac-

947 2012 1052 2042 tabat.
1098 2011 1164 2041 Sed
1187 2010 1359 2041 Mmutms
1374 2012 1415 2040 ibi
1432 2021 1494 2051 pro
1507 2011 1548 2051 Ω.
1564 2016 1599 2041 et
1615 2011 1680 2042 Cn.

951 2055 1143 2092 Postuiniis,
1177 2055 1315 2091 Curtiis,
1351 2056 1427 2093 legit
1464 2055 1506 2095 Ω.
1543 2060 1577 2085 et
1615 2055 1678 2085 Cn.

949 2098 1128 2129 Postumiis
1146 2098 1282 2134 Curtiis,
1298 2102 1338 2128 ut
1353 2098 1397 2137 Q.
1412 2101 1442 2128 εἰ
1462 2097 1517 2128 Cu.
1533 2099 1580 2128 ad
1598 2097 1680 2129 Cur-

948 2144 1004 2173 tios
1019 2141 1195 2182 rqt'erctlur,
1207 2143 1332 2182 sintque
1348 2141 1509 2172 Postumii
1523 2151 1545 2172 a
1561 2141 1682 2173 curtiu-

947 2196 1010 2217 non
1025 2187 1151 2217 diversi.

996 2231 1136 2266 Curtius,
1150 2229 1190 2269 Ω.
1210 2229 1260 2259 Fr.
1276 2229 1298 2260 i.
1314 2231 1345 2260 4.
1365 2231 1394 2259 1.
1418 2229 1497 2259 trib.
1514 2228 1559 2270 pl.
1576 2227 1677 2259 Gabi·

948 2275 1003 2305 nio
1020 2283 1053 2304 et
1070 2275 1188 2304 Pisone
1206 2273 1295 2303 Coss.

996 2317 1028 2348 C.
1058 2317 1199 2354 Curtius,
1227 2317 1338 2347 Rabir.
1364 2316 1454 2347 Post.
1481 2319 1512 2348 3.
1540 2315 1677 2356 propin-

948 2372 1033 2400 quus
1059 2361 1185 2392 Rabirii
1209 2360 1372 2397 Postumi,
1397 2369 1596 2400 quamquam
1619 2361 1678 2390 alii

948 2406 1067 2436 Curius
1091 2407 1212 2444 legunt.
1236 2403 1417 2443 Vulgatam
1431 2403 1574 2444 defendit
1590 2400 1678 2434 Tur-

946 2451 1014 2480 ueb.
1030 2450 1103 2480 adv.
1120 2459 1151 2479 x.
1168 2450 1221 2479 93.

995 2494 1027 2524 C.
1050 2493 1182 2524 Curtius
1197 2490 1435 2529 Peducaeanus,
1452 2490 1495 2522 ad
1511 2491 1590 2523 Div.
1606 2490 1678 2523 xiii.

947 2540 1000 2571 59.
1028 2542 1165 2578 praetor,
1181 2545 1214 2566 α.
1230 2543 1351 2566 necin.

996 2581 1030 2612 C.
1073 2580 1203 2611 Oto-tius
1240 2579 1431 2616 Postumus,
1460 2579 1531 2609 Att.
1563 2578 1607 2608 ix.
1643 2580 1677 2610 2.

948 2624 1144 2655 Caesarianis
1167 2622 1316 2663 partibus
1342 2622 1443 2653 favet.
1469 2622 1512 2652 ad
1537 2622 1614 2652 Div.
1641 2622 1678 2653 ii.

951 2669 1000 2698 16.
1033 2672 1236 2707 aug-uratum
1251 2666 1348 2705 petit.
1364 2666 1436 2696 Att.
1452 2666 1508 2696 xii.
1528 2668 1582 2700 49.
1614 2664 1676 2696 du-

947 2712 1034 2742 bitat
1050 2721 1093 2742 an
1109 2710 1319 2741 consulatum
1334 2714 1431 2749 petat
1445 2719 1508 2739 nec
1525 2717 1578 2739 ne.

996 2755 1028 2786 C.
1050 2755 1179 2786 Curtius
1199 2752 1350 2792 lmtnres,
1367 2753 1410 2784 ad
1430 2753 1507 2784 Div.
1530 2752 1601 2783 xiii.
1620 2751 1675 2787 69.

945 2798 1085 2830 libertus
1102 2797 1264 2829 Postumi.

997 2844 1030 2874 C.
1051 2843 1193 2880 Curtius,
1211 2840 1253 2871 ad
1267 2840 1344 2871 Div.
1359 2841 1428 2871 xiii.
1445 2842 1476 2871 5.
1505 2839 1676 2870 Ciceronis

945 2886 1132 2919 familiaris.
1150 2885 1178 2918 A
1188 2885 1316 2917 Caesare
1326 2884 1362 2916 in
1371 2884 1531 2916 Senatum
1541 2883 1676 2924 legitur.
