1790 3219
586 130 744 161 mnnx
779 129 1061 159 ειαΝοιιυΜ.
1462 120 1543 161 523

106 216 172 249 Pis.
565 215 681 248 Oratio
696 217 730 246 in
745 214 905 246 Pisonem.

106 260 219 291 Scaur.
233 259 273 291 fr.
564 257 732 290 Orationis
747 267 806 298 pro
822 258 870 288 M.
887 257 1021 288 AEmilio
1036 258 1158 289 Scauro
1173 257 1408 296 fragmentum.

105 301 181 333 Mil.
564 301 680 331 Oratio
695 310 754 341 pro
767 300 808 331 T.
826 301 936 331 Annio
952 299 1088 330 Milone.

106 343 188 376 Rab.
205 345 294 376 Post.
562 342 679 374 Oratio
695 352 753 383 pro
769 342 901 373 Rabirio
918 341 1110 372 Postliumo.

106 387 257 419 Marcell.
562 384 679 416 Oratio
694 395 752 425 pro
766 384 816 415 M.
831 383 1002 415 Marcello.

106 429 218 469 Ligu.
559 426 676 458 Oratio
692 437 750 468 pro
765 426 806 468 Q.
823 426 861 457 Li
906 426 965 457 rio.

108 472 220 503 Deiot.
562 469 678 500 Oratio
692 480 750 519 pro
766 478 841 509 rege
889 469 1026 499 eiotaro.

107 515 192 546 Phil.
210 516 237 546 1.
564 512 703 543 Oratio·
696 521 729 542 ιιι
745 512 927 543 Antonium
946 510 1127 551 Philippica
1140 510 1255 551 prima.

106 557 192 588 Phil.
207 557 252 589 11.
569 571 612 577 —
667 572 710 578 —
762 570 806 578 -—
859 570 903 578 —-
946 553 1127 594 Philippica
1141 552 1280 584 secunda

106 598 190 630 Phil.
207 599 270 633 111.
570 612 614 620 —
667 614 710 620 ——
764 613 806 619 -—
860 613 904 620 —-
945 594 1126 636 Philippica
1140 595 1250 627 tertia.

106 641 190 672 Phil.
205 639 264 674 lv.
570 637 614 662 —'
664 655 709 664 -
761 654 804 661 —
858 655 901 662 —
943 636 1124 678 Philippica
1138 643 1269 677 quarta.

106 682 192 715 Phil.
204 683 245 714 V.
572 697 614 704 —
668 697 710 705 —
764 696 808 705 -
860 696 903 705 -
945 679 1127 728 Philippica
1140 681 1268 720 quinta.

103 724 190 757 Phil.
206 725 267 757 VI.
572 739 615 747 -—-
666 734 710 747 -=-
766 739 808 746 —
862 739 904 746 -
947 721 1054 762 Philip
1056 722 1128 762 pica
1141 728 1244 754 sexta.

103 766 189 799 Phil.
206 766 282 799 VII.
572 781 616 791 --
669 782 712 789 —-
763 781 806 788 —
859 781 905 789 —
946 763 1127 805 Philippica
1141 765 1292 805 septima.

105 808 191 840 Phil.
206 809 302 841 VIII.
575 823 619 832 -
670 824 713 831 —
764 823 807 830 —
859 822 904 831 -—-
946 805 1127 846 Philippica
1140 811 1268 839 octava.

104 850 191 883 Phil.
205 851 266 884 lx.
570 865 613 873 —
667 866 709 874 —
763 865 807 873 —
861 866 905 872 —
946 847 1054 888 Philip
1056 849 1128 888 pica
1141 858 1241 881 nona.

105 893 190 925 Phil.
205 893 249 925 X.
574 908 617 916 —
670 908 713 916 -—
762 908 807 915 —
861 907 904 915 —-
945 890 1128 931 Philippica
1141 891 1278 923 decima.

105 935 190 967 Phil.
207 936 268 968 XI.
572 949 617 958 —
666 950 710 959 —
761 950 805 957 —
858 950 901 957 —
944 931 1126 973 Philippica
1139 933 1325 967 undecima.

104 977 190 1008 Phil.
205 978 284 1009 XII.
571 991 615 1000 -
668 992 713 1000 -
761 992 804 999 —
859 992 903 1001 —
944 974 1126 1016 Philippica
1138 974 1344 1010 duodecima.

104 1019 190 1052 Phil.
205 1020 302 1051 XIII.
569 1034 613 1043 -
665 1032 710 1043 --
762 1033 806 1042 -·
858 1033 902 1042 —-
943 1016 1127 1058 Philippica
1140 1018 1240 1049 tertia
1255 1019 1394 1051 decima.

105 1062 189 1094 Phil.
206 1062 298 1094 XIV.
570 1077 614 1085 -
667 1077 711 1085 —
763 1076 808 1084 -
858 1075 901 1085 —-
942 1059 1126 1100 Philippica
1138 1065 1257 1098 quarta
1269 1061 1406 1095 decima.

40 1134 45 1143 ,
63 1142 67 1147 ,
103 1105 146 1136 ad
167 1105 245 1138 Div.
261 1104 288 1136 I.
305 1113 331 1135 s.
347 1113 398 1145 ep.
414 1104 443 1136 1.
570 1102 670 1135 Liber
691 1103 817 1175 prithnus
838 1101 1067 1143 epistolarum,
1089 1111 1162 1141 quae
1180 1102 1278 1143 vulgo
1300 1104 1341 1135 ad
1363 1103 1542 1138 familiares

766 1149 899 1176 cuntur.

104 1188 146 1220 ad
161 1189 238 1221 Div.
253 1189 297 1221 11.
312 1198 339 1220 s.
352 1198 404 1230 ep.
418 1187 463 1220 11.
572 1186 672 1218 Liber
686 1187 846 1218 secundus
858 1186 1071 1228 epistolarum
1084 1198 1094 1224 ς
1117 1191 1153 1218 et
1167 1187 1213 1217 sic
1226 1187 1269 1218 ad
1281 1188 1373 1222 XVI.

0 1230 2 1232 ’
59 1259 63 1264 ,
104 1231 219 1263 ΑτῐᾸ.
568 1229 668 1261 Liber
680 1229 804 1270 primus
817 1229 1031 1270 epistolarum
1046 1229 1088 1261 ad
1101 1229 1263 1261 Atticum.

105 1275 179 1305 Att.
192 1275 239 1307 ΙΙ.
567 1271 668 1303 Liber
676 1271 836 1303 secundus
845 1271 1059 1313 epistolarum
1065 1271 1110 1303 ad
1119 1271 1287 1312 Atticum
1301 1278 1335 1304 et
1345 1274 1391 1306 sic
1402 1274 1442 1306 ad
1451 1274 1542 1307 XVI.

105 1317 171 1358 Qu.
185 1317 237 1350 Fr.
255 1317 282 1350 1.
302 1320 329 1350 1.
347 1320 374 1348 1.
502 1314 601 1346 Liber
615 1314 739 1355 primus
753 1314 966 1363 euistolarum
986 1313 1027 1346 ad
1049 1313 1214 1354 Quintum
1228 1314 1390 1355 Fratrem,
1403 1318 1543 1358 epistola

743 1357 862 1396 prima,
877 1361 977 1397 caput
989 1356 1144 1397 primum.

105 1400 174 1441 Qu.
190 1401 243 1433 Pr.
258 1401 304 1433 11.
496 1399 595 1431 Liber
605 1397 765 1430 secundus
779 1399 993 1439 epistolarum
1007 1397 1048 1430 ad
1061 1398 1237 1439 Quintum.

105 1444 172 1484 Qu.
190 1443 243 1475 Fr.
259 1444 322 1475 ΙΙΙ.
493 1441 593 1473 Liber
605 1442 724 1472 tertius
739 1441 954 1482 epistolarum
967 1441 1008 1473 ad
1023 1441 1199 1481 Quintum.

104 1486 202 1518 Brut.
218 1496 270 1528 ep.
288 1486 315 1518 Ι.
494 1484 594 1516 Liber
605 1483 818 1524 epistolarum
833 1483 874 1514 ad
887 1484 1030 1516 Brutum
1043 1483 1184 1524 epistola
1195 1484 1313 1525 prima.

106 1527 203 1560 Brut.
213 1529 290 1560 Ger.
303 1539 357 1570 ep.
376 1530 404 1559 Ι.
423 1530 449 1558 l.
496 1527 597 1559 Liber
613 1525 828 1601 ερίεῐοΙειιιιιιὲι
848 1526 890 1557 ad
910 1527 1055 1558 Brutum
1072 1536 1092 1557 3
1107 1526 1279 1558 Germanis
1292 1529 1459 1567 inventus,
1474 1530 1545 1571 epi-

735 1571 788 1600 sto
833 1569 953 1610 prima.

69 1645 72 1649 ,
105 1611 751 1645 Aoed.1.1.Academicarum
766 1578 996 1652 Quaepstionum
1011 1610 1095 1642 liber
1106 1611 1245 1651 primus,
1259 1617 1360 1654 caput
1373 1614 1531 1654 primum.

103 1654 204 1686 Aoed.
219 1655 276 1688 lv.
295 1659 323 1689 1.
483 1653 751 1687 Academicarum
767 1654 997 1694 Quaestionum
1012 1653 1096 1685 liber
1108 1658 1257 1693 quartus,
1273 1661 1372 1697 caput
1386 1657 1542 1697 primum.

104 1695 178 1729 Pin.
194 1697 223 1729 Ι.
242 1701 270 1729 l.
481 1697 582 1728 Liber
594 1696 718 1737 primus
733 1695 773 1727 de
787 1696 932 1734 Finibus,
943 1700 1044 1737 caput
1057 1696 1214 1736 primum.

103 1737 178 1770 rin.
191 1739 238 1772 II.
255 1743 283 1772 1.
481 1739 582 1771 Liber
595 1738 755 1770 secundus
769 1738 808 1770 de
822 1737 968 1776 Finibus,
982 1743 1082 1780 caput
1098 1738 1252 1779 primum.

105 1779 178 1812 Pin.
193 1781 258 1814 ΙΙΙ.
277 1785 304 1814 1.
479 1781 579 1814 Liber
590 1782 722 1812 tertius.

105 1822 179 1854 Fin.
192 1823 251 1856 IV.
272 1827 300 1856 1.
478 1823 580 1855 Liber
591 1829 740 1863 quartus.

105 1864 178 1896 Pin.
192 1866 233 1898 V.
252 1870 280 1898 Ι.
479 1866 579 1898 Liber
589 1866 736 1906 quintus.

105 1906 188 1939 Nat.
201 1907 246 1940 D.
262 1908 290 1941 Ι.
310 1911 338 1941 1.
479 1908 580 1940 Liber
592 1909 719 1949 primus
731 1907 771 1939 de
786 1911 907 1939 natura
916 1906 1079 1968 Deorum,
1092 1912 1193 1949 caput
1207 1909 1364 1950 primum.

106 1948 189 1982 Nat.
203 1950 248 1982 D.
264 1952 311 1984 11.
329 1955 357 1984 1.
479 1949 579 1983 Liber
590 1950 764 1983 secundus.

105 1991 187 2024 Nat.
203 1992 247 2024 D.
260 1993 324 2027 111.
344 1998 372 2026 Ι.
478 1992 578 2024 Liber
591 1993 721 2024 tertius.

108 2033 186 2066 Div.
203 2034 230 2066 Ι.
248 2038 276 2067 1.
477 2035 577 2067 Liber
591 2035 716 2076 primus
730 2034 770 2066 de
784 2033 1012 2073 Divinatione,
1027 2040 1128 2076 caput
1139 2036 1298 2077 primum.

106 2075 185 2109 Div.
203 2077 251 2110 ΙΙ.
270 2081 298 2111 1.
479 2077 578 2109 Liber
591 2077 764 2109 secundus.

92 2117 180 2154 ‚Fan
198 2122 226 2151 1.
477 2121 528 2152 De
541 2119 623 2152 Fato
635 2125 736 2161 caput
746 2120 904 2161 primum.

31 2171 38 2177 ’
72 2196 74 2198 ,
107 2163 190 2203 Leg.
204 2161 232 2192 Ι.
251 2165 279 2194 1.
475 2162 575 2194 Liber
587 2162 712 2203 primus
725 2161 764 2194 de
778 2162 934 2203 Legibus,
949 2166 1050 2203 eaput
1063 2163 1218 2204 primum.

107 2205 190 2245 Leg.
206 2203 252 2236 11.
272 2207 299 2235 l.
477 2204 576 2236 Liber
587 2173 759 2236 secundus.

108 2247 174 2279 Off.
190 2247 217 2278 Ι.
237 2249 265 2278 Ι.
481 2246 582 2278 Liber
594 2247 718 2287 primus
732 2246 772 2278 de
785 2246 921 2285 Officiis,
937 2253 1036 2289 caput
1048 2248 1203 2289 primum.

108 2290 175 2321 Off.
194 2288 239 2320 Il.
259 2292 286 2320 l.
482 2289 582 2320 Liber
594 2288 767 2321 secundus.
911 2306 914 2308 ψ

109 2332 176 2364 Off.
190 2329 254 2364 ΙΙΙ.
274 2334 303 2364 Ι.
484 2331 582 2362 Liber
593 2331 724 2363 tertius.

109 2375 186 2406 Sen.
205 2377 234 2406 1.
484 2373 525 2405 de
537 2373 713 2405 Senectute
725 2379 825 2415 caput
836 2375 994 2422 primum.

109 2417 216 2448 Amic.
234 2419 262 2447 1.
483 2416 524 2447 de
536 2415 692 2448 Amicitia
703 2420 803 2457 caput
817 2415 974 2456 primum.

111 2458 227 2491 Pan-ad.
244 2458 272 2489 Ι.
290 2460 319 2491 1.
486 2457 680 2491 Paradoxon
686 2458 849 2498 primum,
864 2463 964 2498 caput
979 2459 1132 2499 primum

109 2503 225 2533 somn.
240 2501 292 2533 Sc.
484 2501 658 2532 Somnium
670 2500 845 2542 Scipionis
889 2526 893 2527 .

113 2543 213 2577 Univ.
479 2542 519 2572 de
532 2541 706 2580 Universo

112 2586 213 2618 Petit.
485 2583 525 2616 de
541 2585 705 2618 petitione
719 2584 928 2618 Consulatus.

738 2818 912 2860 FINIS.
