1800 3131
123 47 207 87 806

129 143 188 175 ned
204 144 306 174 etiam
326 148 513 185 personant.
544 145 656 177 Plane.
681 150 732 178 35.
762 147 863 177 suria-

130 187 170 218 lis
187 187 244 219 illa
259 198 479 219 vox—secum
503 192 537 219 et
559 190 630 220 ilios
655 196 687 221 et
712 192 863 221 consules

129 231 252 268 facere,
263 234 466 270 personabat.

176 274 379 315 Perspicere,
400 276 577 313 diligenter
599 277 806 307 considerare
830 282 864 307 ct

131 319 321 349 examinare
331 320 489 358 probandi
500 326 557 351 aut
567 321 774 361 improbandi
788 331 864 350 cau-

131 371 178 391 sa.
202 362 422 402 besiclitigen,
437 363 592 394 beschen.
622 365 691 394 Mil.
710 366 762 395 ζΖΟ.
788 374 865 403 per-

129 406 248 444 spicere
257 405 379 435 villam.
396 407 436 447 Q.
451 407 556 437 Fufii.
576 410 637 438 1.c.
648 410 676 437 Ξῖ.
687 409 866 447 perspicere

131 449 231 478 viam.
261 448 303 478 ad
325 450 399 480 Div.
417 451 460 480 ix.
482 454 528 481 15.
560 451 695 481 domum
718 461 792 480 cum
819 450 865 480 fa-

131 491 196 522 bris
208 493 397 532 perspicere.
429 494 511 523 Pliil.
529 494 562 524 ii.
579 497 630 525 38.
661 504 806 532 quaercre
831 499 865 524 et

125 537 305 576 perspice-re
332 536 569 567 conditionem.
601 547 803 576 quamquam
831 536 863 567 11.

133 579 154 610 1.
171 578 319 610 Graevius
337 580 479 610 malebat
494 593 499 610 ε
524 585 706 620 prospecta.

177 622 419 662 Perstringere,
431 624 547 653 leviter
556 623 777 663 percurrendo
788 633 865 654 con-

131 666 272 705 tingere.
306 667 388 697 Phil.
413 667 446 696 ii.
476 670 522 699 19.
554 667 707 697 celeriter
730 676 865 696 cursum

128 711 359 749 perstringere.
391 710 467 748 Agr.
485 710 518 740 ii.
536 712 588 741 25.
613 716 738 740 terram
755 719 865 740 aratro

126 755 363 794 perstringere.
397 753 504 782 *hinc
528 753 753 794 metaphorice
781 754 864 784 Sull.

138 797 188 827 16.
224 806 321 826 1181110
360 806 412 826 1118
446 797 642 827 tenuissima
679 798 865 837 suspicione

127 841 334 880 perstrinxit.
364 840 459 870 Brut.
476 843 528 874 94.
561 840 752 870 consulatus
772 851 865 871 meus

131 884 238 923 primo
254 893 330 912 eum
346 882 462 913 leviter
471 886 722 922 perstrinxerat,
736 884 757 914 i.
775 894 803 914 8.
818 885 866 914 of—

129 926 295 963 fenderat,
319 926 546 964 aemulatione,
572 927 706 957 invidia.
738 928 867 958 *Cete-

131 980 205 1000 rum
223 967 345 1000 librarii
360 980 446 1010 saepe
463 970 626 1001 dederunt
643 972 866 1011 perstringere

131 1023 191 1053 pro
207 1014 452 1053 praestringcre.
474 1024 502 1044 v.
520 1015 554 1044 in
569 1014 602 1044 b.
622 1025 650 1044 v.

175 1056 391 1087 Persuadere.
414 1056 513 1088 Tuse.
530 1058 576 1088 iii.
590 1059 642 1092 ⁶29.
668 1068 732 1097 quo
747 1058 815 1088 viso
832 1061 866 1088 ct

122 1109 292 1141 persuaso.

175 1144 377 1175 Perterrere.
421 1144 543 1174 Caecin.
579 1147 627 1175 13.
669 1146 867 1184 perterritus

129 1187 172 1219 ab
188 1187 324 1218 aedibus.
345 1189 367 1218 i.
384 1198 412 1217 8.
431 1193 467 1218 ut
482 1188 615 1227 fugeret
631 1188 670 1218 ab
687 1188 822 1219 aedibus.

174 1231 359 1262 Pertinere.
383 1232 585 1265 constructio
598 1231 803 1271 quadruplex
816 1238 867 1262 est

129 1284 186 1314 ap.
213 1275 422 1311 Ciceronem,
455 1285 531 1305 cum
563 1285 701 1316 praepos.
733 1275 786 1313 ad,
817 1276 866 1314 in,

129 1327 202 1359 per,
220 1322 253 1348 et
278 1328 355 1348 cum
372 1318 527 1349 ablativo.
545 1319 638 1349 Orat.
656 1319 689 1349 ii.
706 1320 736 1349 ΕΣ.
762 1321 866 1358 perti-

130 1366 185 1392 net
209 1362 243 1391 in
267 1362 502 1401 prudentiam3
535 1372 594 1402 pro
623 1372 688 1401 quo
712 1362 865 1393 Pearcius

131 1405 280 1445 reposuit
296 1405 350 1443 ad,
367 1416 406 1435 cx
430 1405 481 1435 ed.
496 1406 615 1436 Venet.
631 1413 665 1435 ct
685 1405 865 1437 Mediolan.

131 1454 168 1481 ut
181 1449 230 1479 ita
239 1449 409 1487 judicarat
418 1449 490 1489 jam
506 1449 700 1480 Lambinus.
741 1449 801 1480 Est
815 1456 867 1480 ta-

133 1501 211 1522 men
241 1502 316 1522 cuni
348 1493 396 1530 in,
427 1502 629 1532 quamquam
660 1493 724 1523 alio
754 1503 866 1524 sensu.

131 1535 211 1566 Nat.
228 1535 272 1566 D.
286 1536 321 1566 ii.
339 1539 391 1567 55.
416 1541 456 1566 ut
472 1546 547 1566 mox
564 1536 759 1567 videbimus.
805 1537 866 1567 Ce-

130 1584 220 1610 teras
234 1579 356 1610 formas
368 1580 436 1610 suis
451 1579 530 1610 locis
545 1580 733 1611 afferemus.
756 1580 775 1598 *ι
786 1580 865 1611 utile

130 1632 215 1660 esse,
232 1622 351 1653 valere.
381 1623 451 1653 Att.
468 1624 515 1654 iii.
532 1623 562 1654 6.
588 1623 629 1653 ad
647 1623 754 1654 multa
762 1626 866 1664 perti-

132 1667 219 1696 vuit.
248 1666 312 1696 Off.
328 1667 362 1696 ii.
381 1670 429 1697 10.
459 1676 533 1706 quae
549 1666 591 1697 ad
606 1666 744 1706 gloriam
762 1669 867 1707 perti-

132 1713 220 1740 nent.
243 1709 360 1750 Quint.
378 1712 430 1744 ⁶29.
453 1710 494 1740 ad
511 1720 580 1740 rem
591 1712 757 1750 pertinent
772 1712 866 1742 testi-

132 1753 258 1783 monia.
287 1753 442 1791 ξιιι11181118,
465 1754 643 1793 attingere.
672 1755 752 1785 Nat.
778 1755 820 1786 D.
844 1755 866 1786 i.

134 1798 185 1827 14.
215 1797 298 1827 ratio
315 1798 482 1837 pertinens
504 1807 564 1837 per
585 1798 738 1828 omnium
754 1808 865 1829 rerum

133 1844 300 1870 naturam.
333 1840 411 1870 ibid.
436 1841 469 1871 ii.
495 1844 546 1871 55.
585 1840 769 1881 implicatio
793 1852 867 1872 ner-

130 1891 250 1913 vorum
269 1888 341 1914 toto
356 1894 491 1934 corpore
509 1886 685 1924 pertinens.
714 1886 758 1915 ib.
774 1896 866 1916 venae

132 1926 168 1957 in
185 1937 300 1957 omnes
316 1929 460 1967 corporis
478 1932 585 1968 partes
596 1929 804 1969 pertinentes.
821 1930 865 1960 ib.

133 1973 184 2001 54.
215 1981 318 2009 eaque
343 1971 383 2001 ad
400 1971 575 2011 pulmones
589 1982 692 2011 usque
712 1974 865 2013 pertinet.

132 2013 222 2044 *sen
226 2015 295 2051 tiri,
311 2011 376 2044 vim
400 2014 521 2044 haben-,¹
545 2016 578 2045 111
603 2015 758 2055 aliquem.
791 2017 866 2048 Div.

134 2057 169 2087 ii.
183 2060 236 2087 44.
261 2057 386 2097 aliquid
399 2059 466 2088 11111
483 2058 650 2089 coelestem
668 2060 709 2089 ad
725 2069 792 2098 805,
811 2061 867 2100 qui

133 2101 169 2130 in
193 2106 283 2131 terra
306 2103 502 2141 gignuntur,
520 2104 696 2141 pertinere.
726 2103 824 2134 Τ1158.
845 2105 866 2135 i.

134 2147 187 2175 38.
220 2144 302 2174 nihil
318 2147 481 2184 pertinuit
503 2146 544 2176 ad
568 2156 627 2176 nos
650 2152 728 2177 ante
742 2152 866 2179 ortum.

136 2187 213 2217 ibid.
245 2191 298 2218 45.
343 2188 428 2219 nihil
455 2189 497 2219 ad
533 2194 681 2220 mortuos
713 2192 866 2231 pertinet.

135 2231 234 2261 Arch.
259 2234 306 2263 12.
332 2233 506 2271 pertinebit
530 2233 570 2263 ad
593 2234 739 2272 aliquam
764 2235 866 2265 animi

138 2275 200 2304 mci
218 2279 358 2314 partem.
382 2275 424 2306 cf.
440 2275 521 2306 Laei.
538 2279 569 2307 4.
599 2276 751 2308 *dicitur
765 2279 867 2309 ctiam

134 2317 178 2347 ad
194 2318 338 2358 aliquem
357 2321 522 2359 pertinere
541 2320 587 2358 id,
604 2321 698 2360 cujus
722 2323 794 2360 quis
811 2332 868 2352 au-

137 2366 208 2390 ctor
224 2366 283 2392 est.
314 2362 410 2393 Rosc.
426 2363 464 2393 A.
482 2363 534 2394 36.
560 2364 602 2394 ad
625 2374 724 2404 quem
744 2365 869 2395 malefi-

136 2405 224 2434 cium
244 2407 435 2445 pertineret.
458 2407 551 2437 Verr.
565 2407 586 2437 i.
614 2411 662 2442 17.
686 2417 727 2438 ne
751 2418 800 2439 res
828 2409 870 2439 ad

137 2447 344 2478 Dolabellam
364 2451 472 2490 ipsum
483 2452 672 2491 pertineret.

181 2491 361 2522 Pertisum.
393 2493 526 2531 quidam
551 2495 706 2525 volebant
729 2494 794 2525 dici
811 2506 871 2536 pro

131 2539 318 2574 pertoesum.
344 2537 401 2566 Or.
416 2540 469 2567 48.

183 2577 398 2616 Perna-bare,
423 2580 612 2619 exturbare,
629 2582 758 2619 ejicere.
790 2582 870 2613 Her.

137 2621 179 2651 iv.
205 2625 235 2652 8.
265 2627 304 2652 ut
327 2625 655 2663 eum—praecipitem
674 2627 872 2665 perturbetis

139 2674 179 2694 ex
195 2674 235 2694 ea
249 2666 393 2696 civitate.
422 2666 723 2704 *tollereffiolare
746 2669 811 2699 Off.
824 2670 871 2700 iii.

139 2710 191 2742 09.
223 2717 289 2738 non
312 2708 427 2739 debuit
450 2711 619 2749 pactiones
641 2711 776 2742 bellicas
795 2723 871 2753 per-

137 2755 195 2781 tur
197 2753 272 2782 bave
287 2752 443 2792 periurio.

183 2794 394 2826 perturbatio
421 2795 505 2826 coeii.
538 2797 615 2828 Div.
644 2798 677 2828 ii
704 2802 758 2830 45.
796 2809 871 2840 opp.

138 2840 322 2870 serenitati.
352 2838 551 2870 *conversio
567 2841 613 2871 rei
636 2841 814 2873 vehemens
837 2848 872 2874 et

633 58 780 88 1ND13x
810 58 1106 89 LATINITATIS.

907 149 1026 178 subita.
1065 148 1151 179 Mur.
1180 150 1228 182 17.
1259 151 1400 186 quantas
1417 146 1639 188 perturbatio-

905 201 960 222 nes
985 191 1083 222 habet
1108 191 1192 222 ratio
1215 191 1438 221 comitiorum.
1470 192 1510 222 cf.
1535 201 1563 221 c.
1583 194 1637 221 41.

905 235 1070 265 *aflectus
1097 234 1357 265 vehementiores
1385 234 1543 264 dicuntur
1559 244 1639 274 per-

906 280 1112 316 turbationes,
1131 279 1170 308 ‹lc
1195 279 1313 318 quibus
1337 288 1377 308 ex
1396 278 1552 308 instituto
1568 277 1639 317 agi-

905 326 961 351 tur
975 321 1167 352 Tusculana
1182 322 1309 360 ‹suin-ta.

951 364 1173 396 Peri-mealia.
1199 366 1233 394 in
1251 365 1476 405 comparativo
1487 368 1549 394 est.
1567 363 1638 394 Inv.

906 408 940 437 ii.
963 411 1011 437 14.
1036 411 1259 448 pervagatior.

952 450 1147 489 Pervellere,
1159 452 1323 489 vellicare,
1334 452 1442 482 minus
1453 461 1552 490 quam
1563 459 1641 484 con-

907 494 1040 531 vellere,
1064 496 1217 526 molestia
1240 496 1382 532 afficere,
1405 493 1504 526 Tusc.
1529 494 1562 524 ii.
1586 491 1639 524 20.

907 538 933 566 si
957 542 990 567 te
1014 538 1106 568 dolor
1122 540 1311 579 pervellerit
1335 538 1464 577 aliquis.
1496 537 1575 568 ibid.
1592 537 1640 567 iii.

913 584 960 614 17.
989 581 1124 612 fortuna
1132 584 1308 622 pervellere
1323 586 1356 611 te
1378 583 1488 621 potuit
1504 587 1539 611 et
1557 590 1642 621 pun-

908 633 1006 662 gere3
1040 634 1106 654 non
1129 626 1239 665 potuit
1262 630 1349 655 certe
1371 626 1454 655 vires
1477 625 1643 664 frangere.

908 667 1191 707 *reprehendere
1229 668 1286 698 Or.
1319 670 1341 698 i.
1372 669 1424 699 62.
1463 677 1530 698 non
1560 667 1641 698 mihi

907 711 973 741 fuit
997 711 1169 751 molestus,
1187 712 1274 752 quod
1289 712 1345 751 jus
1369 717 1519 742 nostrum
1544 710 1642 741 civile

903 756 1063 795 pervellit.

953 798 1156 829 Pei-vertere.
1183 799 1314 829 Clucnt.
1329 802 1382 833 39.
1405 798 1565 838 Quintius
1579 797 1641 828 Ju-

909 842 1002 880 nium
1026 844 1204 882 pervertit:
1243 843 1276 873 h.
1308 853 1337 872 8.
1369 852 1407 871 80
1439 841 1579 881 redegit,
1603 846 1643 872 ut

909 886 1202 923 condemnaretur,
1230 887 1375 936 adeoque
1405 885 1560 915 omnibus
1589 894 1644 915 or-

910 930 1076 959 namentis
1093 930 1234 960 fortunae
1250 931 1318 970 priv
1322 933 1443 959 aretur.

954 973 1142 1003 Pervidere.
1172 974 1242 1003 Att.
1258 974 1313 1003 xii.
1330 977 1382 1003 38.
1407 976 1558 1012 oportere
1568 981 1642 1011 jam

903 1017 1440 1056 pet-vidirianimiinfirmitatem.
1457 1016 1499 1046 iv.
1519 1018 1570 1046 11.
1596 1015 1643 1045 vi-

910 1060 992 1090 debo
1007 1064 1042 1090 te
1058 1063 1092 1090 et
1101 1061 1279 1100 pei-videbo.

954 1103 1173 1142 Pervalgare.
1197 1104 1267 1134 Att.
1284 1103 1340 1133 xii.
1351 1106 1404 1134 45.
1426 1106 1464 1132 tu
1480 1111 1557 1132 vero
1566 1111 1643 1142 per·
1660 1129 1662 1131 .

908 1148 1012 1185 vulga
1028 1147 1195 1178 Hirtium:
1221 1148 1242 1177 i.
1260 1157 1288 1177 8.
1304 1147 1423 1176 librum
1440 1146 1522 1184 ejus.

953 1191 1126 1221 Perustus.
1159 1190 1200 1221 ad
1216 1191 1290 1221 Div.
1308 1190 1377 1220 xiii.
1397 1192 1444 1221 15.
1468 1189 1642 1219 hominem

902 1239 1074 1274 perustum
1091 1234 1207 1274 gloria,
1224 1234 1340 1263 volunt
1357 1232 1546 1263 incendere.

952 1277 1029 1314 Pes,
1047 1278 1211 1317 quomodo
1234 1287 1253 1307 a
1276 1287 1415 1307 numero
1438 1276 1646 1306 differat..v.

908 1322 1001 1352 Orat.
1019 1322 1070 1352 64.
1095 1325 1128 1351 et
1144 1331 1245 1361 supra
1260 1321 1294 1351 ln
1310 1330 1339 1350 v.
1356 1328 1529 1350 numerus.
1545 1319 1644 1359 *pars

907 1369 1006 1396 tcrrae
1033 1366 1162 1404 exigua.
1195 1364 1267 1395 Att.
1294 1364 1349 1394 vii.
1377 1365 1430 1395 22.
1458 1363 1574 1403 pedem
1604 1362 1643 1392 in

910 1408 1007 1439 ltalia
1037 1408 1130 1438 video
1160 1407 1291 1438 nullum
1318 1417 1402 1445 8558,
1428 1406 1485 1446 qui
1511 1415 1579 1436 non
1606 1406 1642 1436 in

909 1452 1004 1482 istius
1024 1456 1189 1492 potestate
1213 1452 1267 1482 sit.
1297 1451 1363 1481 *in
1387 1450 1525 1480 navibus
1545 1449 1646 1490 pedes

907 1501 987 1526 sunt
1000 1495 1109 1533 funes,
1126 1495 1244 1534 quibus
1268 1495 1440 1525 interiores
1455 1493 1518 1523 veli
1536 1502 1645 1532 angu-

907 1538 931 1569 li
946 1548 1058 1577 versus
1074 1539 1213 1579 puppim
1228 1538 1423 1570 trahuntur.
1453 1537 1511 1568 Or.
1527 1537 1574 1567 iii.
1589 1539 1646 1567 40.

900 1592 959 1622 pes
974 1583 1007 1612 in
1027 1583 1114 1613 navi.
1143 1583 1215 1613 Att.
1230 1582 1296 1612 xvi.
1312 1582 1343 1612 6.
1368 1581 1506 1621 pedibus
1527 1580 1643 1619 aequis.

906 1626 964 1656 ubi
981 1636 1009 1656 v.
1026 1625 1132 1656 Graev.
1150 1625 1192 1656 cf.
1206 1625 1362 1656 Vossium
1385 1624 1428 1655 ad
1448 1623 1572 1654 Catull.
1590 1633 1646 1664 ep.

907 1672 938 1700 4.
955 1679 1031 1709 pag.
1047 1671 1097 1700 12.
1121 1673 1172 1700 est
1188 1668 1256 1699 leni
1273 1673 1382 1699 vento.
1405 1667 1424 1687 ²*
1437 1665 1573 1698 Cluent.
1591 1670 1644 1698 13.

908 1713 1126 1744 constituitur
1148 1716 1227 1743 ante
1245 1713 1341 1752 pedes
1364 1712 1423 1741 διο.
1455 1711 1580 1741 dicitur
1601 1710 1644 1740 de

908 1766 960 1794 80,
984 1757 1041 1796 qui
1064 1766 1174 1786 coram
1198 1754 1372 1793 tribunali,
1397 1758 1457 1785 aut
1478 1753 1647 1785 subselliis

902 1800 1056 1839 judicum
1089 1800 1318 1830 constituitur.
1374 1798 1499 1838 *Saepe
1536 1798 1643 1828 etiam

908 1845 991 1874 servi
1007 1844 1166 1874 dicuntur
1182 1853 1252 1873 csse
1268 1843 1310 1873 ad
1323 1842 1431 1883 pedes,
1449 1842 1576 1872 circum
1584 1851 1644 1882 pe-

908 1888 974 1924 des,
1003 1888 1062 1917 &c.
1093 1887 1186 1917 verr.
1208 1888 1230 1917 i.
1254 1887 1306 1918 36.
1338 1886 1490 1916 homines
1515 1885 1646 1915 cii-eum

903 1932 1001 1971 pedes
1024 1930 1178 1961 habebat.
1208 1930 1321 1961 Deiot.
1343 1933 1370 1960 1.
1399 1938 1532 1959 servum
1555 1938 1576 1958 a
1596 1927 1646 1958 le-

909 1982 1062 2016 gatorum
1081 1974 1217 2014 pedibus
1239 1973 1386 2004 abduxit.
1413 1972 1521 2002 *Sem
1544 1982 1578 2012 p.
1601 1971 1647 2003 R

909 2021 941 2049 4.
954 2028 1006 2049 118
1016 2018 1151 2058 pedibus
1163 2018 1236 2048 iret.
1263 2018 1302 2048 de
1319 2016 1526 2048 senatoribus
1543 2014 1647 2056 peda-

909 2063 978 2099 riis,
995 2062 1035 2092 de
1052 2061 1170 2101 quibus
1186 2070 1296 2101 supra.
1320 2060 1362 2091 cf.
1377 2059 1542 2090 discessio.
1565 2058 1647 2099 *pe-

909 2107 1000 2136 dibus
1021 2105 1121 2142 trahi,
1145 2110 1196 2135 est
1218 2105 1359 2144 pessime
1383 2109 1483 2142 atque
1506 2102 1647 2142 iniquis-

910 2149 992 2180 sime
1015 2149 1162 2179 tractari.
1193 2149 1235 2178 ad
1256 2149 1332 2179 Div.
1349 2148 1404 2178 vii.
1420 2148 1472 2177 3⁶2.
1503 2145 1543 2176 de
1553 2145 1646 2186 judi-

911 2193 968 2223 ciis
985 2202 1052 2223 non
1066 2191 1178 2223 laboro
1191 2205 1198 2222 ε
1221 2192 1401 2222 trahantur
1415 2200 1474 2230 per
1487 2199 1541 2219 me
1551 2190 1652 2229 pedi·

911 2237 968 2267 bus
982 2246 1097 2266 omnes
1116 2236 1172 2266 rei.
1204 2235 1276 2266 Att.
1293 2236 1334 2266 iv.
1354 2235 1402 2265 16.
1433 2243 1492 2273 per
1512 2243 1564 2263 me
1580 2233 1646 2264 ista

905 2281 1039 2320 pedibus
1058 2279 1246 2309 trahantur.
1274 2289 1304 2309 v.
1319 2278 1444 2309 Victor.
1458 2277 1536 2307 Var.
1549 2275 1648 2308 Lect.

911 2324 975 2353 xxi.
988 2325 1040 2354 ⁶24.
1063 2323 1119 2362 qui
1136 2333 1175 2352 ex
1192 2322 1340 2352 Homero
1354 2322 1416 2352 hoc
1432 2320 1645 2361 proverbium

911 2368 1046 2407 repetit.
1075 2366 1215 2396 *Vatia
1233 2369 1263 2397 5.
1288 2367 1423 2406 pedibus
1443 2366 1509 2395 iter
1522 2363 1646 2400 facere,

912 2414 960 2440 est
999 2414 1090 2440 terra
1124 2410 1287 2449 proficisci
1322 2414 1357 2439 et
1392 2408 1574 2448 opponitur
1603 2408 1649 2447 uro}

913 2455 1079 2493 naxigare.
1109 2453 1212 2484 *Ate
1230 2454 1263 2484 ii.
1284 2457 1310 2483 1.
1343 2453 1411 2483 noli
1430 2452 1470 2482 de
1486 2461 1553 2481 uno
1562 2451 1646 2491 pede

912 2499 1031 2527 sororis
1054 2498 1165 2537 queri:
1192 2495 1272 2527 lieet
1295 2497 1397 2526 etiam
1414 2495 1557 2532 alterum
1580 2494 1652 2524 tol—'

912 2541 972 2571 las.
1016 2541 1056 2571 In
1082 2551 1146 2580 quo
1172 2544 1224 2570 est
1247 2540 1364 2570 allusio
1395 2539 1436 2569 ad
1463 2536 1644 2568 formulam

906 2585 1024 2625 pedem
1053 2589 1246 2622 utrumque,
1266 2581 1360 2622 pedes
1383 2581 1523 2619 tollere;
1557 2579 1648 2620 quod

913 2628 1066 2658 obscoene
1095 2627 1229 2658 dicitur.
1259 2637 1290 2657 v.
1321 2626 1454 2656 Manut.
1485 2625 1528 2655 ad
1556 2624 1590 2655 h.
1621 2623 1645 2655 Ι.

914 2671 1067 2702 Lambin.
1091 2670 1133 2701 ad
1155 2671 1264 2701 Plaut.
1290 2669 1364 2700 Cas.
1388 2670 1422 2699 ii.
1440 2672 1470 2700 8.
1492 2671 1546 2700 24.
1574 2667 1649 2699 *ad

914 2715 990 2745 Div.
1006 2715 1061 2745 vii.
1083 2717 1136 2745 31.
1166 2723 1216 2744 res
1239 2714 1288 2743 ita
1310 2716 1504 2750 contractae,
1527 2715 1568 2742 ut
1590 2720 1650 2741 ne-

916 2768 979 2797 que
995 2762 1097 2798 caput
1112 2767 1218 2796 neque
1229 2757 1336 2796 pedes.
1363 2757 1426 2786 int.
1441 2758 1647 2796 appareant.

916 2811 934 2832 e
951 2801 1084 2839 Plauto,
1101 2801 1156 2839 qui
1172 2800 1346 2850 aliquoties
1361 2799 1461 2839 plene
1476 2797 1571 2829 dixit.

959 2844 1165 2876 Pestilentia.
1192 2843 1270 2883 Agr.
1287 2844 1322 2875 ii
1339 2845 1392 2877 27.
1421 2843 1456 2875 111
1475 2841 1648 2884 Salapina-
