1800 3131
135 77 217 123 374

143 174 200 214 qui
217 184 257 204 ex
269 183 361 205 more
374 173 485 212 alicui,
497 172 688 214 salutando,
701 186 877 208 occurren-

143 218 200 255 do,
224 218 431 254 deducendo,
454 219 612 249 sectando
633 220 693 250 διο.
722 220 876 251 hahetur.

143 262 278 293 Muren.
306 264 358 292 33.
383 261 603 300 frequentiam
631 263 664 292 in
692 264 755 293 isto
778 264 878 304 (fficio

148 306 219 345 (np.
235 305 366 335 obviam
381 304 496 344 eundi)
511 306 805 344 gratuitam—non
822 308 877 337 de-

144 348 258 379 fuisse.
274 347 353 378 ibid.
369 350 421 379 34.
445 348 512 378 noli
528 349 632 387 igitur
646 350 771 390 eripere
787 350 876 380 huuc

144 392 292 422 inferiori
329 391 442 431 generi
479 391 651 422 hominum
683 392 779 434 Qffi'ciz'
808 394 878 424 fru-

145 440 261 465 ctum:
287 434 319 465 h.
343 444 372 465 e.
395 434 615 475 voluptatem,
633 446 731 475 quain
756 447 793 465 ex
816 437 878 466 hoc

143 478 245 519 qffi'cio
261 479 449 518 praestando
465 479 614 518 capiunt.
638 479 686 509 Ab
703 479 765 509 hoc
777 489 877 518 gene—

142 532 177 553 re
193 521 289 562 efficii
304 522 472 551 interdum
490 522 612 551 dicitur

191 564 367 606 Officiosus.
384 565 463 595 ibid.
482 565 539 594 illa
553 565 789 605 «gffi'cz‘osissinza,
805 576 877 604 quae

144 610 315 639 neminem
332 609 460 648 patitur
476 617 541 637 non
558 608 696 637 honeste
713 609 747 638 in
764 610 878 639 urbem

146 652 298 688 introire,
309 651 558 681 candidatorum
572 651 674 681 natio.
696 651 817 683 *dolor
833 652 880 692 qf-

138 696 278 736 ficz'osus
301 695 400 725 Tusc.
417 695 463 724 iii.
479 696 530 725 28.
555 704 653 733 quem
671 696 768 725 officii
794 697 879 726 ratio

146 739 304 779 postulat.
328 737 398 767 Mil.
417 741 446 768 5.
470 736 596 777 qffi'cwve
611 737 748 768 labores

190 780 380 829 Qffundere,
408 781 559 818 obruere,
585 781 771 812 obscurare.
803 783 873 813 Fin.

142 825 188 855 iii.
211 829 258 856 14.
286 821 472 863 Qff'cmdztur
492 823 566 854 luce
589 824 666 855 solis
689 825 802 855 lumen
827 826 877 856 lu-

141 878 261 898 ceruae.
285 867 680 898 *Marce11.4.omnium
699 869 875 899 Marcello-

137 922 213 943 rum
232 911 392 941 memoria
408 916 522 951 pectus
538 921 649 941 meum
667 909 794 952 qffzcdit.
820 914 876 944 Vi-

142 955 242 985 detur
265 964 335 985 esse
362 964 517 984 converse
545 954 673 985 dictum
698 966 778 995 pro:
803 966 874 987 om-

143 999 237 1028 nium
267 998 313 1028 M.
343 998 505 1028 memoria
530 999 656 1037 pectori
682 997 788 1038 qffusa
813 1006 875 1031 est.

143 1042 209 1072 vid.
233 1042 339 1071 Graev.
368 1046 427 1071 aut
449 1039 567 1081 effudit
592 1041 720 1072 dictum
743 1048 794 1074 est
815 1054 875 1084 pro

139 1085 303 1122 confudit,
321 1085 408 1124 quod
430 1090 481 1115 est
502 1085 642 1116 tristitia
662 1086 784 1126 affecit,
810 1088 872 1117 im-

138 1129 255 1169 plevit,
273 1132 310 1159 ut
325 1138 377 1168 ap.
393 1128 464 1159 Liv.
481 1128 544 1158 xlv.
562 1130 616 1159 42.
632 1129 684 1159 vel
699 1132 871 1170 perturba—

138 1173 198 1209 vit,
216 1177 255 1202 ut
271 1182 323 1212 ap.
340 1173 478 1202 Sueten.
497 1172 580 1202 Caes.
596 1176 628 1206 7.
642 1173 694 1203 De
710 1175 809 1205 verbo
821 1176 870 1214 ip-

137 1225 175 1246 so
191 1215 273 1245 add-²,
291 1215 407 1245 Heius.
425 1215 466 1245 ad
482 1215 590 1245 Valer.
610 1216 715 1247 Flacc.
732 1218 775 1248 iv.
792 1220 867 1249 482.

186 1258 288 1289 Olere.
305 1259 401 1289 Rosc.
419 1259 455 1289 C.
472 1262 502 1293 7.
519 1259 696 1298 supercilia
707 1263 790 1292 olere
800 1272 871 1292 ma-

135 1301 243 1332 litiam
268 1307 303 1332 et
325 1301 495 1332 clamitare
519 1302 735 1334 calliditatem
758 1305 872 1335 viden-

136 1349 205 1376 tur.
229 1346 308 1376 Nat.
333 1345 375 1376 D.
401 1347 421 1376 i.
446 1346 498 1376 ⁶26.
524 1346 686 1385 Epicurus
710 1348 794 1378 nihil
810 1351 871 1379 olet

138 1398 178 1419 ex
194 1388 387 1426 Academia,
404 1389 486 1418 nihil
502 1399 540 1418 ex
557 1390 677 1430 Lyceo.

185 1432 309 1463 Oleum.
339 1433 409 1462 Att.
437 1432 470 1462 ii.
499 1435 547 1466 17.
578 1443 678 1473 opera
703 1437 739 1463 et
764 1436 869 1465 oleum

137 1482 257 1506 nostrae
274 1475 463 1516 philologiae
487 1476 620 1515 periret.
645 1477 663 1495 ²*
676 1478 870 1508 exercitatio

136 1519 335 1549 umbratilis.
359 1520 416 1549 Or.
432 1520 453 1549 i.
476 1522 525 1550 18.
541 1520 686 1550 nitidum
703 1521 868 1560 quoddam

138 1572 242 1601 genus
265 1567 316 1592 est
335 1563 510 1592 verborum
528 1568 561 1592 et
577 1563 692 1594 laetum
708 1576 714 1593 ε
740 1565 795 1594 sed
812 1575 869 1604 pa-

135 1605 256 1636 laestrae
274 1606 377 1645 magis
394 1611 429 1636 et
447 1607 516 1644 olei,
535 1617 635 1645 quam
652 1607 749 1645 hujus
766 1609 869 1638 civilis

134 1650 243 1680 turbae
259 1660 296 1679 ac
312 1649 385 1679 sori.

185 1692 284 1729 Olim,
297 1693 336 1722 de
350 1693 476 1723 futuro.
494 1692 564 1723 Att.
581 1704 618 1723 v:
629 1696 680 1724 21.
699 1694 778 1733 quid
794 1696 868 1725 olim

136 1735 217 1767 mali
232 1736 268 1765 C.
281 1736 392 1766 Julius
404 1735 531 1766 fecerit.
545 1747 574 1766 v.
587 1737 734 1768 Graevius
748 1738 789 1768 ad
802 1738 835 1768 h.
847 1739 869 1769 1.

183 1778 297 1816 Omen,
314 1780 445 1819 proprie
470 1780 547 1818 quid
573 1781 628 1817 sit,
646 1781 685 1811 de
702 1791 740 1811 eo
757 1787 807 1812 est
822 1781 870 1811 lo-

136 1832 194 1853 cus
219 1823 373 1852 classicus
397 1823 473 1853 Div.
492 1823 512 1852 i.
530 1826 585 1861 45,
601 1825 652 1854 46.
677 1825 800 1855 dicitur
821 1831 871 1856 ta-

137 1876 215 1896 men
238 1867 340 1896 etiam
365 1865 404 1895 de
429 1866 500 1896 aliis
524 1868 689 1907 auspiciis.
713 1869 791 1899 ibid.
815 1871 868 1903 47.

135 1910 182 1939 sic
193 1909 310 1948 aquilae
324 1909 451 1939 clarum
464 1910 609 1940 firmavit
621 1911 756 1951 Jupiter
765 1922 868 1943 omen.

135 1953 188 1984 De
215 1953 352 1983 somniis
379 1956 429 1982 est
454 1953 543 1992 apud
567 1954 691 1985 Tibull.
715 1956 760 1986 iii.
783 1959 815 1986 4.
838 1961 869 1991 9.

134 1996 195 2026 ubi
220 2006 251 2025 v.
277 1995 428 2027 Broukh.
457 1996 622 2028 *Cluenn
647 2001 676 2029 5.
703 2001 811 2029 omina
835 2000 868 2029 in

135 2041 261 2079 nuptiis
290 2042 606 2070 commemorantur.
652 2041 750 2072 Unde
781 2043 869 2083 apud

133 2083 252 2122 virgil.
268 2084 344 2113 AEn.
363 2084 383 2113 i.
399 2084 474 2114 346.
505 2086 611 2115 omina
628 2086 737 2126 prima
752 2085 791 2116 de
806 2096 869 2117 nu-

134 2127 212 2166 ptiis
229 2127 355 2166 primis.

183 2170 332 2207 Omnino,
360 2180 506 2210 prorsus,
530 2171 640 2211 plane.
679 2172 749 2203 Fin.
776 2182 806 2203 V.
838 2177 868 2205 8.

132 2216 201 2243 tres
213 2215 338 2244 omnino
351 2214 500 2244 fuerunt.
519 2216 653 2255 praecise
670 2216 761 2256 drey,
775 2217 870 2248 nicht

135 2257 231 2287 mehr
261 2257 331 2287 und
360 2257 454 2287 nicht
479 2259 634 2298 weniger.
664 2259 739 2290 Div.
765 2260 786 2290 i.
814 2264 866 2295 39.

135 2301 207 2330 fieri
223 2302 349 2331 omnino
366 2310 478 2339 neges.
511 2302 610 2332 Tusc.
629 2303 662 2332 ii.
683 2306 710 2333 l.
741 2305 869 2335 omuino

133 2343 356 2383 philosophari
373 2343 463 2374 haud
478 2344 597 2384 placet.
620 2350 639 2368 *ἱ
651 2346 781 2377 disertis
797 2357 869 2378 ver-

133 2386 196 2416 bis.
222 2387 321 2417 Tusc.
346 2397 376 2418 v.
403 2392 435 2421 9.
467 2397 534 2418 non
562 2400 701 2428 usquam
728 2390 761 2420 id
786 2391 868 2421 dicit

132 2432 272 2467 omnino,
301 2430 370 2468 sed,
398 2440 471 2470 quae
501 2432 593 2469 dicit,
623 2433 711 2463 idem
742 2434 867 2466 valent.

130 2473 197 2502 *iu
230 2483 363 2512 genere,
393 2474 427 2504 in
459 2476 664 2506 universum.
700 2477 782 2508 Lael.
815 2480 868 2510 21.

131 2518 260 2547 omnino
283 2519 433 2547 omnium
457 2518 572 2549 eadem
590 2521 700 2550 cautio
717 2525 777 2550 est.
801 2522 865 2552 Off.

132 2560 153 2590 i.
178 2561 230 2591 25.
254 2562 392 2598 omnino,
408 2561 463 2599 qui
486 2563 568 2602 reip.
584 2563 758 2602 praefuturi
773 2570 866 2603 sunt,

131 2603 198 2633 duo
222 2607 388 2644 praecepta
410 2604 556 2635 Platonis
580 2611 729 2637 teneant.
754 2607 796 2639 cf.
821 2609 865 2639 ib.

130 2649 184 2678 33.
209 2647 244 2676 in
261 2647 372 2677 Caecil.
388 2650 419 2678 4.
446 2649 534 2686 quod
551 2651 676 2680 omnino
691 2651 867 2682 Marcello—

129 2699 203 2721 rum
222 2690 349 2720 nomini
365 2694 438 2720 tota
452 2691 511 2721 illa
524 2694 695 2733 provincia
707 2694 867 2734 adjuncta

129 2737 192 2765 est.
205 2732 292 2763 conf.
309 2733 410 2763 Acad.
420 2734 461 2764 iv
471 2737 501 2765 2.
512 2735 704 2769 Tuse.1.25.
719 2737 862 2770 Lae1.23.

178 2775 300 2807 Omnis.
323 2776 366 2807 N.
382 2777 424 2807 D.
444 2778 465 2807 i.
481 2780 533 2812 27.
557 2790 626 2810 rem
651 2780 744 2811 nullo
767 2782 866 2813 modo

127 2820 333 2861 probabilem
357 2822 512 2853 omnium.
537 2823 644 2855 simile
672 2829 724 2857 est
748 2824 864 2858 formae

125 2872 267 2896 minime
284 2873 448 2895 omnium.

640 87 787 117 mnnx
817 70 1113 119 nmium-ris.

967 177 1192 215 Onchesmites,
1219 179 1336 207 ventus
1373 187 1394 207 a
1430 182 1525 218 portu
1557 177 1651 219 Epiri

924 219 1096 252 One-hesma
1110 222 1236 262 spirans
1252 230 1364 251 versus
1378 220 1518 252 Italiam.
1536 232 1565 251 v.
1578 222 1651 252 Att.

920 266 975 295 vii.
993 269 1022 296 2.
1053 270 1087 295 et
1104 266 1147 295 ibi
1165 264 1379 304 InterpreteS.
1413 264 1557 304 Quidam
1573 265 1648 296 libri

921 307 1044 338 habent
1068 308 1319 339 Anchesmites:
1344 307 1384 337 de
1411 318 1476 347 quo
1499 308 1563 338 vid.
1587 309 1650 339 Ca-

919 352 1011 382 saub.
1035 352 1075 382 ad
1090 352 1225 392 Dionys.
1248 351 1356 381 Halic.
1375 352 1396 381 l.
1414 352 1435 382 i.
1452 362 1484 392 p.
1499 352 1574 382 332.
1597 351 1650 383 ed.

921 394 1028 425 Huds.

969 437 1066 469 Onus.
1090 439 1168 477 Agr.
1195 439 1227 469 ii.
1254 439 1306 469 26.
1334 437 1477 467 Sullanis
1502 438 1650 469 oneribus

921 482 1041 519 gravis,
1069 481 1202 519 dicitur,
1226 483 1281 520 qui
1308 492 1325 510 e
1354 481 1649 522 proscriptionibus

921 524 1064 554 Sullanis
1087 525 1304 564 possessiones
1328 525 1441 563 habet,
1457 528 1491 554 et
1513 523 1590 554 inde
1612 525 1649 555 in

920 567 1044 597 invidia
1059 573 1120 598 est.

967 610 1084 651 Opera.
1107 612 1213 651 primo
1230 611 1376 642 notanda
1391 611 1649 642 constructionis

919 655 1060 684 varietas
1084 655 1118 684 in
1133 655 1276 685 formula
1290 665 1418 694 (meram
1433 655 1521 685 dare.
1546 654 1649 685 Tusc.

919 698 939 727 i.
969 701 999 728 4.
1030 699 1064 728 in
1095 708 1192 737 quam
1223 698 1493 728 exercitationem
1518 706 1674 738 ορεναηι·

917 741 1080 771 dedimus.
1110 743 1166 772 Or.
1199 742 1234 771 ii.
1266 743 1317 772 ⁶28.
1347 751 1476 780 operam
1502 741 1578 771 dare
1606 741 1649 772 ad

917 784 1131 814 audiendum.
1157 784 1275 814 deinde
1304 785 1350 814 vis
1376 784 1446 823 ejus
1471 784 1647 824 multiplex

916 833 977 858 est.
1001 828 1093 858 Verr.
1109 829 1142 858 ii.
1159 831 1211 863 ⁶29.
1242 838 1369 867 operam
1388 827 1464 857 dare
1476 827 1573 866 jubet
1588 828 1650 858 Pe-

915 871 1041 910 tilium,
1066 872 1153 911 quod
1179 873 1226 902 rei
1251 872 1387 912 privatae
1406 870 1511 909 judex
1537 875 1646 901 essetz

916 925 975 954 pro
1006 915 1135 954 judicio
1172 916 1330 946 interesse
1364 919 1397 944 et
1439 923 1649 953 cognoscere.

915 958 984 988 A‘tt.
1017 959 1072 989 xii.
1109 963 1160 990 50.
1206 968 1334 999 operam
1372 957 1449 987 dare
1486 958 1648 996 auctioni,

916 1011 974 1041 pro
1000 1002 1158 1032 interesse
1186 1003 1246 1033 διο.
1284 1005 1304 1023 *
1320 1002 1452 1032 videtur
1477 1011 1535 1040 pro
1560 1006 1649 1031 tem-

915 1056 1007 1085 pore,
1038 1056 1138 1085 quam
1168 1056 1264 1086 opera
1299 1045 1450 1084 requirit,
1481 1045 1568 1074 sumi
1605 1044 1649 1075 ad

915 1090 990 1119 Div.
1015 1091 1078 1120 xvi.
1101 1092 1152 1121 21.
1177 1090 1319 1120 multum
1337 1098 1438 1129 operoe
1453 1088 1534 1118 mihi
1549 1088 1650 1128 eripi-

913 1137 971 1162 tur
1000 1133 1035 1163 in
1061 1133 1282 1163 exscribendis
1308 1132 1587 1172 hypomnematis.
1614 1140 1646 1162 v.

915 1175 1020 1206 Graev.
1053 1177 1094 1206 ad
1125 1177 1157 1206 h.
1188 1177 1209 1207 l.
1243 1176 1353 1206 ²“item
1383 1185 1442 1215 pro
1472 1175 1648 1205 industria.

914 1219 1002 1250 Mur.
1024 1223 1071 1254 17.
1094 1221 1133 1260 Ω.
1152 1220 1202 1250 Fr.
1219 1220 1265 1250 iii.
1280 1222 1311 1250 4.
1335 1219 1427 1249 deest
1443 1218 1522 1248 mihi
1539 1228 1646 1258 opera.

911 1273 956 1293 sc.
973 1263 1015 1293 ad
1029 1274 1141 1294 versus
1157 1263 1397 1294 exscribendos.

961 1307 1071 1347 Operoe
1083 1308 1242 1337 dicuntur
1254 1311 1289 1336 et
1299 1307 1338 1336 de
1351 1307 1421 1346 ipso
1432 1304 1553 1335 labore.
1567 1305 1646 1336 Mu·

914 1360 982 1380 ren.
999 1355 1029 1385 9.
1061 1351 1264 1381 assiduitatis
1288 1354 1323 1380 et
1335 1350 1454 1379 harum
1469 1358 1646 1389 operarum

913 1395 1181 1433 quotidianarum
1202 1395 1272 1434 (np.
1289 1394 1323 1423 in
1340 1393 1445 1423 causis
1462 1392 1597 1432 agendis
1610 1395 1646 1423 et

910 1438 1139 1478 respondendo
1155 1435 1293 1477 dejure)
1312 1441 1410 1476 putat
1433 1445 1503 1466 esse
1526 1445 1646 1466 consu-

911 1481 1017 1511 latum
1035 1494 1040 1510 :
1065 1485 1100 1511 et
1117 1481 1156 1511 de
1180 1483 1232 1518 iis,
1247 1490 1387 1520 quorum
1406 1489 1502 1519 opera
1517 1480 1647 1510 utimur

911 1525 946 1554 in
974 1524 1161 1555 laborando.
1187 1525 1228 1555 ad
1253 1526 1329 1555 Div.
1356 1523 1424 1553 xiii.
1451 1528 1482 1558 9.
1514 1532 1584 1553 esse
1609 1523 1644 1552 in

911 1570 1012 1607 operis
1027 1569 1206 1598 societatis.
1229 1569 1300 1598 Att.
1318 1568 1339 1597 i.
1361 1569 1407 1597 13.
1431 1575 1532 1606 operte
1554 1575 1645 1596 com-

912 1619 1084 1651 parantur.
1110 1612 1197 1642 conf.
1220 1612 1313 1642 Verr.
1337 1611 1358 1640 i.
1382 1610 1433 1641 56.
1460 1610 1567 1640 Flacc.
1590 1612 1644 1640 38.

913 1656 1002 1685 Sext.
1026 1658 1078 1689 27.
1113 1656 1172 1685 ἃς.
1195 1665 1306 1695 operas
1331 1654 1422 1691 dare,
1439 1655 1460 1683 i.
1476 1663 1504 1683 e.
1520 1653 1641 1683 locare.

913 1699 1027 1728 Parad.
1041 1700 1082 1728 vi.
1092 1701 1123 1729 ⁶2.
1137 1699 1170 1728 in
1183 1708 1295 1738 operas
1309 1698 1452 1728 mittere.
1466 1696 1580 1726 Plane.
1592 1699 1644 1731 19.

961 1742 1151 1782 Operm-ins,
1180 1743 1237 1780 qui
1263 1741 1416 1771 manibus
1442 1750 1524 1781 opus
1549 1740 1644 1777 facit,

911 1786 1144 1825 abjectumque
1161 1786 1241 1815 adeo
1256 1785 1433 1815 hominum
1450 1793 1567 1823 genus.
1589 1783 1644 1813 Sic

910 1828 1006 1859 Rosc.
1028 1830 1067 1860 A.
1084 1833 1136 1860 41.
1160 1829 1311 1859 homines
1325 1829 1465 1867 operasti
1481 1837 1520 1857 ex
1546 1827 1644 1857 disci-

910 1873 1002 1912 plina
1018 1873 1258 1912 patrist'aruiliae
1274 1873 1448 1902 rusticani.
1466 1871 1586 1901 deinde
1602 1871 1644 1902 de

908 1916 946 1946 iis
963 1916 1097 1953 dicitur,
1115 1917 1171 1956 qui
1188 1925 1422 1956 quamcunque
1438 1919 1557 1952 artem,
1575 1924 1642 1945 non

909 1960 1049 1997 erudite,
1068 1970 1134 1989 non
1159 1959 1213 1990 via
1236 1964 1271 1990 et
1292 1959 1419 1989 ratione
1443 1958 1644 1996 didicerunt,

908 2003 965 2033 sed
987 2010 1026 2033 ut
1044 2004 1214 2042 opificium
1232 2002 1396 2042 quoddam
1419 2006 1580 2032 tractant.
1595 2001 1644 2032 sie

909 2046 1032 2077 rabulae
1045 2047 1203 2077 dicuntur
1213 2056 1364 2087 operam,
1374 2046 1431 2076 Or
1444 2046 1466 2076 i.
1482 2048 1530 2076 18.
1546 2046 1642 2076 Brut.

958 2133 1126 2174 Opertum,
1144 2133 1295 2173 adytum,
1311 2132 1416 2170 locus,
1433 2142 1532 2171 quem
1552 2132 1642 2162 adire

909 2177 1012 2208 nefas.
1048 2177 1163 2207 Parad.
1193 2178 1235 2207 iv.
1270 2176 1404 2207 Clodius
1431 2176 1466 2206 in
1497 2180 1642 2215 opertum

908 2220 1009 2251 Bonae
1033 2222 1114 2251 Deae
1137 2221 1287 2251 accessit.
1310 2219 1389 2250 ibid.
1406 2227 1440 2249 et
1456 2219 1588 2258 quidem
1606 2219 1642 2250 iri

908 2269 1012 2303 operto
1034 2264 1139 2295 fuisti.
1162 2263 1329 2294 *oracula
1353 2273 1393 2293 ex
1417 2263 1516 2302 adyto
1539 2262 1642 2294 edita.

908 2308 984 2338 Div.
1009 2309 1030 2338 i.
1049 2311 1100 2339 50.
1125 2317 1190 2348 quo
1206 2317 1224 2336 e
1239 2316 1367 2346 genere
1375 2296 1536 2346 Apollinis
1551 2314 1642 2347 oper'-

905 2355 940 2381 ta
956 2351 1085 2390 prolata
1098 2356 1188 2381 sunt.
1211 2350 1254 2380 cf.
1271 2351 1305 2380 ii.
1322 2353 1375 2381 55.

953 2394 1044 2435 Opes,
1061 2395 1191 2435 proprie
1206 2397 1286 2424 sunt
1300 2393 1443 2423 auxilia.
1468 2392 1569 2430 unde,
1584 2401 1643 2433 po-

904 2438 969 2468 sito
998 2448 1118 2478 genere
1149 2448 1208 2478 pro
1238 2438 1359 2478 specie,
1384 2447 1454 2476 opes
1481 2436 1643 2467 dicuntur

906 2491 1021 2512 omnes
1034 2491 1082 2512 eae
1093 2492 1158 2519 res,
1168 2491 1309 2520 quarum
1321 2481 1443 2510 auxilio
1455 2479 1579 2519 aliquid
1593 2479 1643 2509 ef-

905 2525 1049 2561 ficimus,
1063 2526 1314 2564 consequimur:
1333 2528 1372 2554 ut
1386 2527 1413 2554 1.
1428 2523 1550 2560 labore,
1563 2532 1643 2562 ope-

906 2578 953 2598 ra.
976 2569 1052 2599 Div.
1070 2569 1102 2599 ii.
1120 2571 1150 2599 2.
1173 2568 1325 2598 omnium
1341 2568 1448 2608 opibus
1469 2565 1641 2597 refrenanss

906 2611 948 2641 da
970 2616 1032 2641 est.
1064 2613 1093 2642 2.
1111 2622 1169 2652 pro
1192 2611 1339 2642 consilio.
1361 2610 1433 2640 Att.
1455 2609 1499 2639 ix.
1527 2609 1577 2640 16.
1600 2612 1641 2640 ut

905 2655 973 2685 tuis
1005 2655 1150 2686 consiliis
1179 2659 1214 2685 et
1243 2655 1350 2694 opibus
1375 2658 1462 2684 utar.
1502 2656 1534 2684 3.
1558 2652 1640 2683 divi-

905 2698 973 2728 tiis.
1008 2699 1087 2729 ibid.
1110 2699 1155 2729 xi.
1178 2700 1208 2730 2.
1244 2698 1307 2728 ista
1334 2696 1501 2730 hereditas
1528 2705 1640 2727 meam

907 2741 1008 2772 fidem
1022 2745 1058 2772 et
1071 2742 1195 2772 famam
1211 2742 1299 2771 tueri
1315 2745 1438 2781 potest,
1451 2749 1550 2779 quam
1567 2739 1641 2779 qui·

907 2784 983 2815 dem
1013 2785 1178 2825 intelligo,
1204 2785 1307 2814 etiam
1338 2785 1410 2815 sine
1439 2783 1641 2820 hereditate,

904 2828 972 2858 tuis
987 2830 1095 2868 opibus
1109 2832 1143 2858 te
1160 2828 1375 2858 defensurum
1390 2827 1502 2858 fuisse.
1519 2828 1551 2857 4.
1564 2834 1640 2865 gra-

904 2872 965 2902 tia.
986 2872 1105 2913 Quint.
1122 2874 1153 2904 2.
1168 2882 1237 2913 opes
1252 2881 1327 2903 suas
1339 2870 1492 2914 experiri.
1502 2869 1546 2901 cf.
1561 2878 1590 2901 c.
1609 2871 1640 2900 1.
