1804 3178
650 84 796 114 rumix
827 82 958 111 LATlN
965 84 1118 115 “Ans-

121 171 306 204 decrevisti.
332 172 575 213 'magistratus
589 175 703 202 autem
719 171 852 211 provin-

121 215 221 246 eides
246 222 281 246 et
306 216 386 257 ipsse
409 216 585 257 provincie
608 220 782 245 ornantur.
811 213 853 253 Ω.

124 256 176 289 Pr.
201 258 236 289 ii.
259 262 291 291 3.
319 260 389 290 Ait.
412 259 457 290 iii.
481 259 534 289 2⁴.
566 258 607 288 iv.
635 259 684 288 18.
715 266 791 286 cum
817 257 854 286 iis

122 300 351 334 decernuntur
365 301 558 333 necessariae
573 300 721 330 militum
738 300 855 340 copiae,

122 344 302 385 stipendia,
325 345 438 383 legati.
462 344 522 374 ἀς.
553 343 617 373 vid.
641 343 753 382 Sigon.
776 344 856 374 Ant.

122 386 199 418 Jur.
215 387 310 419 Prov.
326 388 360 418 ii.
380 390 428 418 ll.
459 387 478 405 ⁰
492 386 533 416 ad
557 386 633 416 Div.
650 387 706 416 xii.
727 389 774 416 10.
802 396 857 416 ωι-

1536 79 1620 130 ³77

895 170 1035 210 reipubl.
1051 177 1179 211 partem
1195 177 1346 214 capessit.
1368 177 1456 210 Sext.
1470 182 1521 212 51.
1538 191 1620 221 gro-

895 211 1013 259 culunr
1032 223 1067 243 se
1090 220 1186 254 atque
1209 220 1335 249 otiosum
1360 223 1468 261 putari
1492 225 1617 265 voluit5

895 256 1005 286 studio
1021 255 1190 288 literarum
1207 267 1240 289 se
1256 263 1365 293 subito
1381 264 1517 296 dedidit.
1562 269 1621 300 At·

897 309 960 338 que
991 299 1025 330 in
1051 301 1240 332 universum
1269 307 1353 335 otiosi
1382 314 1474 345 sunt,
1499 311 1555 349 qui
1580 312 1621 342 ad

898 352 1002 383 remp.
1016 352 1080 373 non
1093 344 1267 376 accedunt.
1290 349 1382 378 offic.
1396 350 1417 380 i.
1433 353 1485 381 21.
1506 353 1622 385 ‘Sem

898 386 950 416 46.
983 386 1127 425 dignitas
1142 388 1236 418 otiosa
1247 401 1256 418 .·
1280 389 1311 419 li.
1327 402 1356 420 e.
1372 403 1446 423 cuni
1460 396 1528 425 otio
1544 406 1623 427 cou-

122 431 247 461 ercitus
274 435 424 467 matur,
456 429 600 469 praemiis
631 428 856 459 decernendis.
891 428 1023 467 juncta.
1069 429 1181 460 ‘liber
1210 441 1228 460 a
1258 436 1478 466 commotione
1510 440 1623 471 animi.

124 472 243 514 ‘Lege
260 473 398 504 Curiata
412 474 537 503 ornari.
560 473 638 512 Agr.
652 473 686 502 ii.
709 475 755 504 10.
778 471 858 511 quid

125 516 182 548 tit.
207 526 237 547 v.
254 515 327 546 lnd.
344 515 414 546 LL.

174 558 332 596 Ornatus,
349 569 380 596 a,
398 568 468 589 um.
498 557 567 588 Att.
584 558 629 589 iii.
647 561 699 589 24.
726 559 858 598 provin-

125 602 187 633 cia
207 607 342 634 ornate.
375 612 404 631 ν.
419 612 548 632 ornare.
575 602 785 632 ‘instructus
810 612 858 632 re-

125 645 189 676 bus
202 645 356 676 omnibus
372 646 574 675 necessariis.
598 646 716 685 Quint.
733 649 784 676 31.
806 656 858 675 οι·-

125 689 315 719 miximus
343 688 477 718 fundus.
515 688 558 718 cf.
581 687 675 719 Verr.
705 689 726 718 i.
750 691 802 719 34.
825 689 857 718 in

129 730 242 763 Cecil.
260 734 308 763 15.
333 732 456 762 (larcin.
472 734 523 762 21.

174 773 229 812 Os,
245 775 322 805 oris.
356 775 574 815 impudentia.
602 773 644 804 ad
667 774 743 804 Div.
761 784 789 804 v.
811 778 859 805 10.

127 826 196 848 non
213 818 240 848 si
252 818 349 859 Appii
365 829 397 848 os
413 818 580 848 haberem.
597 817 637 847 ad
648 818 724 847 Div.
735 818 818 849 ix.8.
829 828 861 849 os

127 860 329 891 Academiae.
355 862 410 891 Sic
424 867 459 891 et
474 867 525 891 est
536 860 790 900 intelligendum
803 861 860 892 Or.

127 904 163 934 ii.
187 908 220 939 7.
258 904 321 934 nisi
351 905 492 935 accessit
521 914 563 934 os.
602 903 731 935 *Arch.
762 908 793 938 9.
829 915 862 935 os

125 946 206 978 belli
221 956 259 977 ac
279 947 410 978 fauces:
441 947 474 978 h.
499 958 528 977 e.
553 946 708 978 bellicum
733 948 861 987 pericu·

126 989 200 1021 lum
223 996 258 1020 et
281 990 415 1029 quidem
434 991 605 1021 ultimum.
650 990 790 1021 Videtur
812 991 861 1021 di-

127 1037 222 1064 ctum
238 1033 427 1064 imitatione
445 1034 594 1071 Homeri,
611 1034 667 1072 qui
684 1033 767 1064 dixit
783 1032 862 1072 τίμα

126 1074 284 1115 caup-010,
299 1075 339 1107 ΙΙ.
357 1076 397 1108 ι’.
415 1081 444 1108 8.
479 1078 532 1107 uhi
555 1083 668 1107 tamen
685 1077 798 1108 durius
813 1077 861 1107 di-

130 1119 232 1158 citur,
264 1129 364 1159 quam
401 1120 489 1160 apud
527 1120 731 1150 Ciceronem.
783 1120 860 1150 Non

126 1162 218 1193 enim
233 1162 369 1194 additur
382 1164 521 1204 eripere,
533 1168 569 1194 ut
581 1163 612 1194 h.
624 1163 646 1194 l.
660 1163 718 1193 sed
733 1162 859 1205 τεύχειν.

127 1204 203 1236 add.
220 1204 254 1236 ν’.
272 1209 347 1241 359.

175 1247 231 1287 Os,
247 1249 339 1280 ossis.
369 1249 439 1280 Pin.
455 1251 496 1280 iv.
515 1253 545 1282 3.
573 1260 641 1281 ossa
664 1250 790 1280 nudare
814 1250 862 1280 di-

129 1297 256 1323 cuntur
274 1292 390 1330 Stoici,
407 1294 463 1333 qui
486 1294 526 1324 de
550 1294 646 1324 rebus
663 1294 792 1334 magnis
809 1294 861 1334 je-

121 1335 208 1375 june
223 1340 260 1366 et
273 1337 344 1366 sine
360 1344 480 1368 ornatu
495 1338 655 1368 scribunt.

177 1377 315 1410 oscines.
346 1379 425 1410 Nat.
441 1380 484 1410 D.
501 1381 536 1410 ii.
553 1381 604 1412 64.
630 1389 706 1410 aves
721 1389 864 1419 augura-

130 1420 191 1459 les,
207 1432 282 1462 quae
298 1429 402 1454 cantu
417 1424 603 1463 auspicium
620 1423 760 1454 faciunt.

177 1463 335 1496 oscitare.
363 1466 421 1497 Or.
437 1467 471 1497 ii.
493 1469 545 1498 33.
576 1469 711 1497 oscitans
732 1466 863 1505 sapien-

126 1507 197 1582 {iaz
227 1509 251 1539 i.
273 1518 303 1540 e.
327 1510 446 1547 otiosa,
469 1519 544 1549 quae
567 1510 652 1541 nihil
673 1509 794 1540 laboris
816 1508 864 1540 af-

143 1554 205 1582 ert.

177 1593 370 1625 Oscitanter.
390 1595 548 1628 Brut.80.
569 1597 742 1627 oscitanter
753 1604 864 1636 agere,

127 1636 172 1668 de
187 1638 319 1668 actione
334 1639 466 1679 frigida.

178 1679 342 1719 Οιοιιίανί,
357 1683 456 1713 nimis
473 1684 583 1723 magni
600 1682 722 1720 facere,
740 1691 863 1713 amare.

130 1723 266 1755 Muren.
297 1727 346 1755 10.
384 1726 541 1765 quoniam
561 1725 864 1766 jurisprudentiam

128 1771 292 1807 tanquam
310 1767 445 1799 filiolam
462 1771 629 1800 oscularis.

178 1809 361 1842 ostendere.
390 1812 485 1843 Orat.
508 1813 530 1843 i.
553 1816 605 1845 33.
636 1811 796 1843 ostendere
817 1821 864 1848 se,

130 1853 293 1885 dicuntur
322 1864 386 1893 res,
410 1865 484 1894 quae
514 1856 660 1896 primum
688 1856 866 1885 inveniun-

130 1902 199 1928 tur.
215 1897 280 1938 *Q-
290 1897 341 1928 Fr.
351 1898 372 1928 i.
382 1899 490 1930 2.e.5.
505 1909 539 1929 se
552 1901 678 1939 optime
692 1898 864 1935 ostermere,

131 1945 184 1971 est
198 1950 355 1980 magnam
371 1950 463 1981 spem
487 1943 538 1973 sui
555 1942 674 1973 faeere.
703 1944 723 1963 ¹*
734 1941 775 1972 ad
790 1941 864 1972 Div.

131 1983 155 2013 i.
183 1985 236 2015 22.
280 1988 440 2016 ostentum
468 1992 520 2016 est
547 1986 630 2024 tibi;
677 1994 736 2025 pro
765 1989 865 2015 osten-

129 2036 215 2058 sum.

180 2069 361 2108 Ostentare,
390 2070 521 2100 minari.
560 2070 601 2101 ad
630 2071 708 2102 Div.
739 2071 780 2101 iv.
816 2074 864 2102 14.

132 2112 211 2144 belli
234 2114 342 2144 exitus
365 2113 488 2144 caedem
510 2118 657 2144 ostentae.
681 2113 865 2154 *pollicet-i.

131 2156 211 2197 Agr.
235 2157 268 2187 ii.
292 2159 346 2188 28.
375 2166 492 2196 agrum
519 2157 742 2197 Campanum,
766 2167 865 2197 quem

133 2200 224 2231 vobis
239 2204 410 2238 ostentant,
419 2200 479 2240 ipsi
490 2201 717 2240 concupivere.
737 2201 865 2240 *jaeta-

134 2252 180 2274 re.
197 2243 240 2274 ad
253 2243 360 2275 Div.i.
372 2247 403 2275 4.
422 2243 500 2282 quid
513 2245 602 2274 enirn
619 2253 672 2274 me
687 2249 837 2275 oeteutem
848 2245 864 2274 7

132 2286 178 2318 ef.
207 2287 319 2318 Deiot.
354 2290 404 2318 10.
438 2287 502 2317 huc
531 2286 618 2317 refer
646 2288 748 2318 etiam
782 2286 865 2317 illud

134 2329 285 2362 Mai-ceu.
299 2334 332 2365 9.
361 2330 545 2361 aeternitati
561 2339 596 2360 se
609 2327 762 2370 jactare.-
786 2330 819 2361 h.
835 2341 864 2360 e.

133 2373 242 2404 faeere
265 2383 317 2412 ea,
333 2374 452 2414 quibus
476 2374 671 2404 memoriam
693 2374 744 2404 tui
768 2379 866 2404 aeter-

135 2425 215 2448 nam
229 2416 343 2448 facias.

182 2459 371 2498 Ostentatio,
402 2459 611 2500 pollicitatio,
641 2469 728 2499 spes,
765 2469 864 2499 quarn

132 2502 236 2535 alicui
250 2503 402 2535 facimus.
430 2504 500 2533 Att.
518 2513 548 2533 v.
568 2506 616 2534 13.
647 2505 866 2533 ostentationes

135 2556 226 2579 meas
243 2556 334 2578 nunc
350 2547 386 2578 in
399 2546 576 2577 discrimen
591 2556 661 2576 esse
676 2546 847 2577 adductas.

181 2589 362 2628 Ostentum,
389 2589 470 2630 quid
494 2590 558 2620 sit?
594 2589 673 2620 Nat.
704 2589 747 2621 D.
776 2590 809 2620 ii.
833 2592 865 2621 3.

134 2632 156 2652 ⁸
167 2642 219 2664 res
234 2634 330 2672 mira,
345 2642 411 2665 non
434 2639 638 2673 exspectata,
655 2632 866 2663 incredibilis.

135 2675 179 2707 ad
205 2676 284 2708 Div.
313 2677 382 2708 viii.
410 2679 458 2708 14.
494 2677 640 2717 Appium
668 2679 791 2706 ostenta
819 2675 867 2706 sa-

135 2728 223 2750 cere.

183 2761 322 2800 otiosus,
351 2763 463 2794 neutri
499 2764 585 2804 parti
615 2762 779 2798 addictus,
810 2762 868 2792 sed

135 2814 253 2847 pacem
264 2814 397 2837 servans
409 2816 488 2838 eum
501 2813 654 2846 utraque.
678 2805 720 2836 ad
732 2806 808 2836 Div.
822 2806 866 2836 ix.

130 2851 166 2882 5.
173 2850 237 2888 ,25-
266 2847 417 2883 Marcell.
431 2850 464 2883 6.
494 2849 654 2891 Ulmus,
668 2850 724 2890 qui
739 2847 867 2882 nullam

898 472 992 502 Brut.
1011 474 1064 504 24.
1093 483 1170 504 cum
1186 476 1299 505 otiosus
1314 476 1426 507 stilum
1445 480 1626 518 prehende-

899 521 951 546 rat
968 517 1027 546 διο.

947 557 1066 596 Ovare,
1083 559 1193 590 minus
1209 566 1272 599 est,
1284 571 1382 600 quani
1399 564 1624 605 triumphare·,

901 601 1026 641 ing-redi
1050 603 1178 641 urbem,
1198 604 1240 634 ob
1263 605 1433 636 victoriam
1458 616 1523 637 non
1546 609 1626 640 adeo

902 655 1070 684 magnam,
1087 656 1182 685 equo.
1212 647 1253 677 ad
1271 648 1364 679 Brut.
1389 652 1435 680 15.
1468 656 1506 680 ut
1520 655 1628 683 oranti

902 688 1036 718 introire
1062 689 1182 720 Caesari
1209 690 1323 721 liceret
1349 691 1488 724 decrevi.
1528 704 1556 725 v.
1578 694 1628 726 Si-

901 740 977 770 gon.
1001 731 1079 762 Ant.
1099 731 1172 764 dur.
1196 734 1233 765 C.
1254 733 1294 765 R.
1318 735 1339 764 i.
1363 737 1416 766 22.
1447 743 1482 767 et
1502 737 1626 769 Antul-

904 774 996 804 Prov.
1014 775 1048 805 ii.
1068 778 1116 806 10.

1243 906 1279 937 Ρ.

946 989 1104 1022 Pacatus.
1135 991 1219 1022 Phil.
1234 1002 1263 1021 v.
1280 997 1311 1027 9.
1334 994 1427 1034 cujus
1445 997 1627 1035 nequitiam

903 1043 944 1063 ne
954 1039 1110 1074 pacatam
1126 1035 1259 1074 quidem
1275 1036 1359 1067 serre
1379 1047 1570 1077 possumus:
1595 1040 1628 1072 h.

902 1086 932 1107 e.
955 1077 990 1107 in
1008 1088 1102 1117 paee,
1125 1079 1196 1108 sine
1221 1079 1330 1109 armis.
1361 1080 1454 1111 ‘non
1478 1082 1628 1114 infestus.

903 1119 986 1150 Phil.
1010 1122 1064 1151 vii.
1087 1125 1119 1155 9.
1151 1121 1228 1152 huic
1246 1127 1385 1162 pacatus
1407 1129 1537 1164 poterat
1558 1136 1628 1158 esse

902 1162 1080 1194 Antonius.

948 1206 1068 1244 Pacta,
1084 1217 1214 1247 sponsa.
1237 1208 1337 1238 Attio.
1355 1218 1385 1239 v.
1401 1211 1453 1241 21.
1475 1212 1546 1251 ejus
1562 1212 1631 1244 filio

897 1255 998 1290 pacta
1013 1257 1064 1281 cst
1078 1250 1267 1282 Artavasdis
1290 1251 1369 1282 filia.
1400 1262 1429 1282 v.
1445 1254 1573 1286 Duker.
1589 1256 1631 1287 ad

903 1294 974 1324 Liv.
992 1294 1068 1324 xliv.
1085 1297 1137 1324 30.
1166 1295 1222 1324 ubi
1238 1294 1333 1334 plura
1346 1297 1497 1336 exempla
1512 1308 1631 1339 conge-

903 1341 955 1367 sta
968 1342 1065 1368 sunt:
1089 1336 1201 1368 Livius
1224 1339 1462 1370 tamen-etiam
1486 1340 1570 1372 dixit
1591 1341 1630 1373 de

903 1390 991 1411 vrrls.

948 1422 1088 1454 Pacisci.
1103 1433 1188 1464 pass.
1219 1423 1290 1455 Att.
1305 1425 1339 1456 ii.
1356 1429 1387 1460 9.
1418 1435 1492 1465 quae
1515 1425 1557 1458 de
1578 1437 1632 1459 me

899 1471 1000 1506 pacta
1014 1473 1102 1497 sunt.

949 1509 1074 1540 Pactio.
1111 1510 1200 1540 inter
1226 1509 1417 1550 publicanos
1442 1515 1478 1541 et
1502 1513 1634 1552 provin-

905 1553 1018 1591 ciales,
1035 1554 1090 1592 qui
1114 1562 1208 1592 agros
1231 1553 1431 1584 decumanos
1453 1554 1633 1595 habebant,

906 1597 1075 1636 pactiones
1093 1596 1227 1626 fiebant.
1256 1596 1298 1626 ad
1311 1597 1386 1627 Div.
1403 1597 1470 1628 xiii.
1487 1598 1539 1630 65.
1563 1599 1633 1638 eju-

906 1649 1038 1670 summa
1051 1640 1252 1670 existimatio
1267 1640 1377 1679 agitur
1391 1640 1425 1670 in
1448 1650 1500 1679 ee,
1517 1646 1555 1672 ut
1571 1652 1633 1682 pa—

906 1685 1022 1713 ctiones
1052 1693 1128 1713 cum
1159 1683 1291 1722 reliquis
1317 1683 1504 1714 civitatibus
1531 1686 1634 1716 confi-

907 1728 982 1756 ciat.
1000 1725 1123 1756 emm.
1139 1735 1168 1755 v.
1187 1729 1235 1757 13.
1250 1725 1291 1766 Ω.
1308 1725 1359 1757 Fr.
1372 1726 1394 1756 i.
1408 1730 1433 1757 l.
1447 1737 1475 1756 c.
1492 1728 1634 1768 l2sEjus

907 1770 954 1800 rei
970 1770 1053 1800 ratio
1066 1768 1206 1808 intelligi
1226 1775 1335 1809 potest
1346 1769 1511 1801 eVerrina
1524 1772 1637 1803 tertia.

907 1813 971 1843 vid.
987 1823 1016 1842 v.
1033 1822 1060 1842 c.
1082 1815 1130 1843 14.
1159 1812 1201 1842 cf.
1229 1812 1340 1842 Burin.
1359 1812 1398 1842 de
1421 1813 1583 1854 Vectigal.
1599 1825 1634 1855 p.

911 1859 982 1890 139.
1012 1855 1166 1886 Balduin.
1183 1855 1325 1895 durispr.
1345 1855 1435 1886 Muc.
1452 1866 1483 1896 p.
1500 1867 1543 1887 m.
1565 1860 1634 1893 119.

906 1899 1026 1939 *Saepe
1045 1899 1200 1938 pactionis
1216 1899 1342 1928 mentio
1359 1899 1392 1928 in
1416 1900 1637 1940 corruptioni-

907 1943 967 1973 bus
991 1943 1200 1982 pecuniariis,
1218 1946 1256 1971 ut
1278 1941 1370 1972 Verr.
1391 1943 1412 1972 i.
1427 1945 1458 1975 7.
1489 1943 1634 1974 sciebam

907 1987 940 2016 in
954 1985 1138 2025 rejiciendis
1147 1985 1316 2022 judicibus
1329 1984 1636 2026 nonnullospactio-

906 2031 957 2059 nis
973 2029 1193 2068 suspicionem
1211 2037 1276 2058 non
1292 2028 1420 2058 vitasse.
1451 2027 1561 2060 Pison.
1580 2029 1634 2061 36.

900 2074 1064 2113 pactiones
1080 2081 1221 2101 reorum.

951 2115 1085 2153 Puctor,
1100 2124 1159 2155 per
1181 2123 1280 2154 quem
1297 2115 1404 2154 pactio
1418 2114 1466 2144 fit.
1495 2114 1588 2146 Verr.
1604 2124 1634 2146 v.

951 2202 1057 2233 Poean
1079 2205 1114 2231 et
1137 2200 1246 2231 Poeon.
1278 2199 1371 2230 Orat.
1393 2200 1446 2230 64.
1468 2199 1525 2231 Or.
1539 2200 1561 2231 i.
1579 2202 1631 2236 59.

908 2247 967 2276 διο.
997 2254 1053 2285 pes
1074 2244 1179 2274 tribus
1203 2243 1353 2273 brevibus
1375 2246 1411 2273 et
1432 2252 1500 2274 una
1522 2242 1634 2283 longa,

907 2296 942 2320 et
963 2287 1109 2328 quidem,
1137 2292 1195 2317 aut
1216 2287 1281 2316 sic:
1306 2296 1352 2313 -ο
1375 2296 1395 2313 υ
1417 2296 1437 2313 υ
1452 2309 1462 2323 ,
1478 2291 1538 2317 aut
1565 2286 1633 2320 sie:

919 2342 938 2360 ω
962 2342 980 2359 ω
1004 2335 1149 2368 0-,aut,
1177 2338 1255 2356 0-9
1278 2338 1321 2366 0,
1348 2337 1367 2355 υ
1390 2336 1490 2359 0-0.

950 2372 1080 2411 Poedor,
1107 2372 1251 2412 squalor,
1279 2371 1402 2409 sordes,
1425 2371 1559 2411 signum
1584 2371 1638 2404 lu·

907 2420 990 2446 ctus.
1012 2415 1112 2447 Tusc.
1122 2417 1168 2447 iii.
1186 2419 1233 2447 12.
1251 2416 1351 2447 barba
1357 2415 1484 2456 pa’dore
1492 2414 1635 2448 horrida..

907 2460 949 2490 cf.
970 2459 1013 2490 ib.
1029 2460 1081 2490 26.

951 2502 1112 2539 Patulus,
1123 2500 1324 2544 ὑποκριταῖς
1337 2510 1395 2540 pro
1407 2504 1532 2541 pietus:
1549 2501 1638 2541 quod

908 2545 1017 2575 minus
1040 2555 1124 2582 esse,
1148 2555 1246 2584 qnam
1273 2545 1475 2582 strabonem,
1499 2549 1638 2585 apparet

907 2598 947 2618 ex
965 2588 1104 2618 Horatio
1126 2588 1194 2618 Sat.
1211 2588 1232 2618 i.
1250 2591 1279 2618 3.
1296 2590 1349 2619 44.
1378 2587 1456 2618 Nat.
1480 2587 1525 2619 D.
1548 2588 1570 2618 i.
1585 2590 1637 2623 29.

909 2631 1006 2661 redeo
1021 2631 1063 2661 ad
1078 2632 1184 2662 Deos:
1210 2641 1330 2670 ecquos
1344 2631 1371 2662 si
1387 2639 1453 2661 non
1467 2634 1538 2662 tam
1555 2637 1638 2662 stra-

908 2675 1021 2711 bones,
1038 2682 1071 2705 at
1082 2676 1217 2714 paetulos
1231 2683 1301 2704 esse
1317 2674 1539 2705 arbitramur?

954 2717 1128 2756 vagemus.
1175 2718 1274 2748 Dom.
1304 2719 1357 2749 28.
1402 2718 1435 2748 in
1468 2717 1529 2748 hac
1559 2716 1639 2748 urbe

911 2761 993 2792 nulli
1010 2761 1153 2801 pagani,
1171 2766 1230 2792 aut
1244 2761 1409 2798 montani,
1425 2761 1480 2800 qui
1498 2769 1563 2790 non
1580 2759 1640 2791 &e-

910 2804 1007 2844 hujus
1026 2803 1088 2834 loci
1107 2804 1339 2844 interpretatio
1363 2803 1543 2845 repetenda.
1556 2807 1607 2834 est
1621 2810 1639 2832 e

910 2847 1049 2889 Dionys.
1065 2846 1143 2881 Hal.
1158 2846 1181 2881 1.
1196 2848 1239 2880 iv.
1255 2857 1288 2890 p.
1305 2849 1382 2880 220.
1403 2847 1456 2879 ed.
1471 2845 1560 2888 Sylb.
1583 2844 1641 2887 qui
