1800 3131
205 93 282 131 132

201 189 273 227 ejus
302 187 387 218 liber
413 187 453 217 de
476 185 697 227 providentia.
732 187 814 228 Leg.
832 189 879 218 iii.
897 189 927 219 6.

201 230 244 262 de
259 231 520 271 magistratibus.

247 274 422 312 Paniscus,
453 275 495 304 N.
519 274 563 304 D.
582 274 628 304 iii.
656 277 706 308 17.
730 275 806 306 Div.
831 276 852 305 i.
880 278 930 305 13.

203 318 335 349 Panisci
350 321 452 359 caput
466 318 615 348 extitisse
630 328 708 348 saxo
733 319 853 349 diffisso
871 320 932 348 fin-

206 362 257 401 git
270 361 467 393 Carneades.

192 438 194 440 ,
251 405 288 436 C.
311 406 424 436 Vibius
441 405 618 442 Pramus).
636 405 670 434 F.
686 405 723 435 C.
740 405 783 436 N.
800 405 842 434 ad
856 404 931 434 Div.

204 448 274 478 viii.
291 452 320 480 8.
343 448 434 478 Trib.
451 447 496 488 pl.
519 448 566 478 M.
594 448 754 478 Marcello
782 454 816 477 et
842 450 932 477 Serv.

207 491 356 532 Sulpicio
373 492 463 522 Coss.
488 491 528 521 ad
543 491 620 521 Div.
638 502 688 521 xv.
710 494 758 524 17.
775 492 808 521 in
826 490 934 520 Gallia

206 535 355 566 citeriori
371 535 407 565 Μ
424 535 529 565 Bruto
545 534 706 564 succedit.
723 534 806 563 Phil.
823 544 853 563 v.
884 537 932 567 19.

208 579 334 610 Consul
357 589 434 608 cum
452 577 575 607 Hirtio.
600 578 640 609 ad
663 578 740 607 Dixu
757 588 787 607 x.
810 580 862 607 33.
878 587 934 606 ex-

207 623 330 653 orcitus
347 623 416 661 ejus
433 621 474 650 ad
497 620 666 651 Mutinam
683 620 882 657 conciditur,
899 624 934 648 et

209 665 280 704 ipse
298 676 337 696 ex
351 664 542 695 vulneribus
559 664 712 693 moritur.
725 663 767 694 cf.
783 663 825 694 ad
840 663 932 694 Brut.

211 711 242 740 3.
259 708 342 739 Phil.
357 709 402 739 xi.
419 713 450 742 9.
468 706 615 737 laudatio
631 707 714 745 ejus.

252 752 452 790 Panurgus,
469 761 501 791 p.
517 749 556 789 Ω.
574 749 693 781 Roscio
712 754 760 782 lo.
775 751 860 781 servi
876 761 934 781 no-

208 804 299 826 men.

254 838 378 878 Papia,
406 837 448 868 ad
477 838 554 868 Div.
580 838 645 868 xvi.
676 840 729 869 ⁶24.
759 837 886 867 femina
915 848 933 867 e

209 886 310 922 gente
327 882 428 922 Papia
443 881 582 922 plebeia.

253 925 378 964 Papia,
397 925 530 955 Cluent.
547 929 577 959 9.
590 935 674 955 uxor
689 924 878 964 Oppianici.

253 968 395 1009 Papirii,
414 968 456 998 ad
479 968 555 998 Div.
580 968 623 998 ix.
641 971 695 1000 21.
721 968 801 997 olim
828 968 933 1008 Papi-

206 1013 246 1042 sii
264 1012 355 1041 dicti.
383 1012 461 1042 ibid.
478 1012 520 1041 ix.
537 1014 590 1041 ⁶21.
616 1012 654 1042 ‹Ie
664 1010 814 1051 familiis
829 1009 934 1051 Papi-

204 1057 263 1086 riis
267 1056 416 1096 patriciis
423 1059 454 1086 et
456 1055 588 1095 plebeiis
597 1059 662 1086 tota
673 1057 803 1095 epistola
809 1078 816 1091 ‚
826 1055 860 1084 viri
869 1065 935 1095 qua
950 1079 955 1088 .

205 1100 293 1129 illud
307 1099 454 1136 notabile,
470 1100 578 1138 ipsum
593 1098 776 1138 Papirium
803 1098 935 1128 Paetum

203 1144 385 1182 ignorasse,
397 1143 554 1183 patricios
566 1142 722 1183 Papirios
724 1143 847 1181 juisse.

255 1186 313 1217 Cn.
325 1185 499 1227 Papirius,
508 1185 602 1216 verr.
616 1187 638 1216 i.
655 1189 763 1218 lazest
777 1186 838 1216 Cn.
856 1185 936 1216 Car-

206 1230 261 1266 bo,
284 1228 463 1269 proconsul
487 1228 604 1259 Galliae
632 1236 794 1269 quaestore
819 1230 933 1267 Verre,

198 1275 244 1309 vit.
259 1274 374 1313 Agrar.
391 1273 437 1303 iii.
457 1274 487 1304 9.
511 1272 584 1302 vide
601 1273 636 1303 in
657 1273 712 1304 Cn.
736 1274 846 1303 ζἀνῖιο.

252 1317 294 1347 L.
311 1317 474 1356 Papirius
494 1315 642 1353 crassus,
671 1317 712 1346 ad
728 1317 803 1346 Div.
821 1317 864 1346 ix.
882 1318 935 1347 21.

207 1359 352 1391 dictator
366 1370 397 1390 a.
416 1368 518 1390 coxv.
533 1366 568 1389 et
583 1359 702 1390 deinde
716 1359 842 1390 Consul
857 1370 934 1390 cum

205 1403 348 1440 Duillio,
364 1414 395 1433 a.
412 1411 538 1433 cuxvn.

252 1448 294 1478 L.
313 1447 476 1486 Papirius
497 1446 628 1484 Cursor,
655 1446 696 1476 ad
723 1447 799 1478 Div.
816 1447 858 1476 ix.
882 1449 935 1479 91.

200 1491 367 1530 magister
381 1490 533 1528 equitum
552 1500 584 1520 a.
602 1499 703 1520 coxv.
872 1524 875 1525 .

252 1535 293 1565 L.
311 1534 474 1573 Papirius
499 1534 729 1573 Fregellanus,
757 1534 856 1564 Brut.
881 1534 935 1564 46.

205 1578 280 1608 Tib.
297 1577 439 1607 Gracchi
465 1577 500 1607 P.
519 1577 552 1607 F.
570 1581 672 1607 aetate
699 1578 935 1608 disertissimus

207 1622 307 1652 Latii.
325 1621 512 1651 orationem
532 1621 566 1650 in
583 1624 703 1650 senatu
718 1620 868 1651 habitam
886 1631 936 1650 re-

206 1665 306 1704 liquit
320 1674 380 1705 pro
396 1663 596 1704 Fregellanis
613 1664 817 1704 coloniisque
843 1664 935 1695 Lati-

209 1709 272 1740 nis.

252 1752 294 1782 L.
312 1752 473 1792 Papirius
488 1752 714 1791 anag-illarius,
740 1751 782 1782 ad
798 1753 874 1783 Div.
891 1752 934 1782 ix.

206 1798 261 1828 ⁴21.
297 1795 422 1826 Consul
452 1806 483 1826 a.
510 1804 624 1826 cccnc.
648 1799 682 1826 et
711 1795 837 1825 Censor
870 1796 937 1826 fuit

210 1849 287 1869 cum
302 1839 342 1869 L.
366 1840 562 1879 Sempronio
585 1839 741 1869 Atratino
757 1849 789 1869 α.
807 1848 936 1869 cccxu.

212 1883 362 1913 Celerum
393 1883 538 1923 Pighius
567 1883 613 1913 acl
640 1893 673 1914 a.
705 1891 808 1913 cccx.
833 1882 937 1923 refert

209 1936 395 1957 censuram.

252 1970 294 2000 L.
311 1970 474 2009 Papirius
490 1968 619 2007 Poetus,
634 1968 706 2000 Att.
724 1969 745 2000 i.
763 1971 816 2000 ⁶20.
833 1969 937 2000 donat

196 2012 362 2047 ,Ciceroni
397 2013 497 2043 libros
528 2014 616 2043 Serv.
648 2013 780 2043 Claudii
810 2013 934 2044 fratris.

207 2057 262 2088 Ad
283 2067 358 2087 eum
387 2061 466 2087 sunt
488 2057 624 2096 epistoloe
648 2058 668 2086 l.
693 2056 736 2086 ix.
759 2067 800 2087 ex
821 2058 937 2097 quibus

206 2102 419 2139 intelligitur,
441 2110 515 2130 eum
531 2100 751 2139 Epicureum,
775 2104 807 2131 ee
836 2102 936 2130 homi-

207 2153 283 2174 nem
299 2145 425 2174 doctum
426 2142 649 2183 jacetumque
652 2142 775 2183 fuisse.

255 2187 295 2217 L.
334 2186 509 2226 Papirius,
542 2186 636 2217 Verr.
671 2187 713 2216 iv.
747 2189 800 2218 521.
837 2196 937 2226 eques

209 2229 393 2267 Romanus,
411 2231 602 2269 negotiator
621 2230 655 2259 in
667 2229 792 2260 Sicilia.

255 2274 297 2304 L.
322 2273 498 2312 Papirius,
521 2274 674 2311 Potamo,
699 2273 793 2304 Verr.
820 2274 867 2304 iii.
884 2274 936 2304 66.

210 2317 318 2347 scriba
333 2317 455 2347 Verris.
472 2316 514 2346 cf.
533 2317 578 2347 iii.
598 2318 652 2347 60.

252 2360 301 2390 M.
326 2359 503 2399 Papirius,
528 2360 600 2390 Mil.
625 2363 657 2394 7.
679 2370 780 2399 eques
814 2360 938 2390 Roma-

209 2413 272 2433 nus
295 2413 316 2433 a
345 2403 380 2433 P.
406 2402 522 2433 Clodio
546 2404 581 2433 in
603 2403 657 2433 via
679 2403 787 2443 Appia
809 2404 938 2434 interfi-

196 2448 311 2483 citur,
328 2456 387 2487 pro
410 2446 509 2476 Dom.
537 2450 585 2480 19.
611 2447 716 2477 frater
768 2453 836 2477 ext.
858 2447 937 2478 AElii

208 2489 357 2529 Liguris,
373 2490 499 2520 tribuni
516 2490 634 2530 plebis.

254 2534 298 2574 Q.
332 2533 507 2572 Papirius,
540 2534 639 2563 Doxn.
675 2536 728 2568 49.
765 2533 938 2564 Tribunus

210 2576 298 2618 pleb.
315 2582 433 2606 auctor
449 2576 529 2615 legis
549 2577 700 2616 Papiriae.

256 2620 290 2652 C.
320 2619 461 2659 Papius,
490 2620 554 2651 Off.
582 2621 627 2650 iii.
657 2623 707 2650 11.
732 2619 819 2650 male
845 2620 939 2657 fecit,

210 2664 267 2702 qui
292 2664 484 2703 peregrinos
501 2664 581 2694 urbe
608 2664 659 2694 uti
676 2664 892 2704 prohibuerit.
909 2674 939 2693 v.

210 2707 309 2738 Indcl.
328 2706 404 2736 LL.

253 2750 416 2786 Paratus,
432 2750 526 2780 Verr.
543 2750 585 2780 iv.
602 2750 655 2781 60.
681 2750 791 2787 heros,
808 2751 865 2790 qui
880 2751 942 2781 tri-

211 2802 340 2824 remem
357 2794 483 2832 primus
498 2794 634 2824 struxit.
661 2794 732 2832 ejus
757 2795 941 2834 imaginem

209 2836 431 2867 Athenienses
462 2838 576 2876 magni
607 2836 748 2868 faciunt.
781 2839 821 2869 cle
846 2849 880 2870 eo
909 2848 942 2868 v.

215 2879 309 2910 Ptin.
327 2879 374 2911 H.
392 2880 440 2911 N.
454 2880 510 2910 vii.
527 2881 579 2912 56.

722 98 868 128 INDEX
889 97 1167 128 Hlsronlcvss.

1016 186 1223 224 Parhedrus,
1240 185 1281 217 ad
1304 186 1379 217 Div.
1407 186 1473 217 xvi.
1500 189 1548 219 18.
1572 183 1699 220 Parher‘

973 230 1022 261 dri
1038 241 1152 262 nomen
1173 235 1218 261 est
1243 232 1341 261 etiam
1367 231 1403 260 iu
1417 229 1629 271 Inscriptione
1639 241 1695 271 ap.

980 275 1115 306 Gruter.
1126 285 1163 314 p.
1179 282 1322 304 cmrmx.
1339 278 1370 308 7.

1018 317 1167 354 Parilia,
1182 318 1252 347 Att.
1271 318 1310 347 iv.
1333 321 1380 347 10.
1409 315 1485 346 Div.
1508 316 1542 347 ii.
1564 320 1618 351 47.
1636 315 1696 347 So-

975 362 1095 391 lemnia
1110 363 1144 392 in
1160 362 1307 391 honorem
1324 360 1424 397 Palis,
1449 360 1535 390 unde
1555 364 1587 390 et
1607 359 1697 390 Pali-

974 403 1019 433 lia
1035 405 1201 435 dieuntur.
1218 405 1284 434 vid.
1317 403 1408 434 Ozvicl.
1436 403 1526 435 Fast.
1551 403 1596 434 iv.
1619 404 1695 437 721.

974 457 1038 486 sqq.
1056 447 1223 478 Drakenb.
1240 448 1285 477 acl
1301 448 1375 477 Lir.
1393 446 1436 477 xl.
1458 450 1486 477 1.

1019 490 1134 528 Par-is,
1150 491 1244 520 Orat.
1260 493 1311 524 49.
1331 491 1410 521 Nat.
1426 490 1468 520 D.
1486 490 1533 520 iii.
1549 491 1602 521 38.
1624 488 1700 520 Att-

975 533 996 562 i.
1024 536 1071 563 18.
1108 534 1196 564 Paris
1220 539 1353 564 vocatur
1390 533 1585 569 Memmius,
1618 533 1698 572 quia

976 576 1112 606 Luculli
1127 581 1158 607 et
1173 577 1322 618 Pompeii
1348 587 1462 607 uxores
1475 579 1698 616 stupraverat.

1020 619 1251 657 Parmenides,
1297 621 1398 651 Acad.
1432 621 1475 651 iv.
1506 622 1559 651 23.
1596 623 1700 658 negat

975 663 1051 692 sciri
1067 673 1161 703 posse
1184 663 1318 702 aliquid.
1344 673 1456 694 versus
1471 665 1542 704 ejus
1558 671 1625 693 non
1641 663 1700 693 bo-

976 706 1010 735 ni
1027 711 1117 736 sunt.
1134 707 1212 737 ibid.
1228 707 1270 736 iv.
1287 710 1338 741 37.
1358 717 1398 736 ex
1413 707 1483 746 igni
1499 707 1614 737 omnia
1627 707 1700 746 gig·

976 750 1022 780 ni.
1034 750 1076 780 N.
1092 751 1134 780 D.
1148 752 1169 780 i.
1190 753 1238 780 11.
1256 750 1367 781 Deum
1382 759 1452 780 esse
1465 751 1698 781 continentem

976 793 1091 823 ardore
1108 793 1191 823 lucis
1208 794 1334 831 orbem,
1360 794 1417 832 qui
1434 793 1555 823 coelum
1571 793 1698 832 cingat.

975 836 1075 867 Acad.
1092 838 1134 867 ir.
1153 840 1182 867 5.

1019 880 1239 918 Parrhasius,
1256 879 1363 911 Flacc.
1379 882 1431 912 2⁶2.
1447 879 1649 910 Trallianus.

1021 923 1238 960 Parrhasius,
1257 924 1393 954 Tuscul.
1412 924 1432 953 i.
1459 925 1489 954 ΕΖ.
1518 923 1627 963 pictor
1640 931 1704 954 no·

975 966 1165 997 bilissimus.
1178 978 1207 998 v.
1218 968 1345 999 Junius
1360 969 1393 997 in
1413 967 1516 998 (latal.
1525 966 1702 997 Pictorum

976 1014 1007 1040 et
1023 1015 1080 1040 cet.
1095 1011 1198 1051 Artis.

1020 1053 1199 1095 Pasiphae,
1215 1055 1258 1085 N.
1275 1055 1318 1085 D.
1335 1054 1381 1084 iii.
1401 1057 1450 1089 19.
1475 1053 1637 1084 perseidis
1661 1053 1702 1082 fi·

977 1097 1032 1127 lia.
1056 1097 1107 1127 De
1124 1099 1199 1129 Div.
1217 1098 1236 1127 i.
1259 1100 1312 1128 43.
1334 1099 1404 1137 ejus
1428 1097 1545 1128 fanum
1562 1098 1597 1127 in
1621 1106 1709 1136 agro-

976 1140 1142 1171 Lacouico
1158 1146 1292 1181 propter
1306 1142 1434 1172 urbem.

1022 1184 1058 1214 L.
1086 1185 1207 1215 Junius
1232 1185 1396 1222 Patietus,
1423 1184 1464 1215 ad
1487 1184 1558 1215 Att.
1586 1184 1643 1214 xii.
1671 1184 1704 1217 2,

976 1228 1025 1258 ed.
1038 1228 1133 1259 stIan.
1150 1229 1315 1258 Pacietus.
1344 1238 1374 1258 υ.
1392 1228 1571 1259 Paciaecus.

1023 1272 1059 1301 T.
1078 1272 1216 1308 Patina,
1236 1271 1353 1302 Milon.
1374 1274 1423 1305 17.
1440 1271 1647 1308 Lanuvinus,
1662 1269 1699 1300 P.

979 1315 1085 1345 Clodii
1101 1315 1284 1346 familiaris

1021 1359 1190 1396 Patiscus,
1220 1358 1313 1389 Cilix.
1342 1358 1384 1388 ad
1399 1358 1475 1390 Div.
1500 1358 1536 1388 ii.
1555 1360 1605 1388 11.
1632 1357 1704 1396 eju·

977 1412 1077 1441 opera
1095 1403 1203 1432 utitur
1227 1402 1342 1432 Cicero
1367 1401 1557 1432 Proconsul.
1585 1401 1653 1431 viii.
1671 1404 1703 1435 9.

977 1446 1034 1475 xii.
1062 1449 1111 1476 15.
1136 1446 1239 1477 Classi
1278 1446 1313 1475 in
1352 1445 1430 1475 Asia
1459 1448 1591 1485 praeest.
1627 1453 1705 1484 pro-

977 1495 1122 1527 quaestor
1139 1499 1215 1519 euin
1240 1488 1398 1526 Lentulo,
1422 1488 1608 1528 Spintheris
1633 1487 1704 1518 filio

979 1538 1013 1562 et
1035 1533 1175 1562 Turulio
1201 1533 1320 1562 missus
1351 1543 1371 1562 a
1398 1538 1531 1569 senatu,
1549 1531 1638 1570 quod
1653 1531 1705 1561 in-

976 1576 1117 1606 terfecto
1142 1576 1270 1606 Caesare
1292 1577 1482 1615 conjuratos
1510 1575 1545 1606 in
1570 1575 1708 1614 Capito*-

977 1619 1060 1649 lium
1077 1626 1272 1660 prosecutus
1289 1625 1371 1650 erat.
1387 1616 1601 1658 vsPighium
1614 1618 1659 1648 ad
1668 1627 1701 1648 a».

977 1672 1093 1693 Dcc1x.

1022 1706 1142 1745 Patro,
1169 1707 1368 1748 Epicureus,
1396 1706 1438 1736 ad
1467 1706 1544 1737 Div.
1573 1705 1642 1736 xiii.
1676 1707 1706 1735 1.

979 1751 1130 1782 Ciceroni
1153 1751 1442 1781 familiarissimus.
1466 1749 1605 1780 Phaedro
1630 1757 1705 1780 suc·-

978 1794 1078 1825 cedit.
1095 1796 1166 1825 Att.
1184 1805 1213 1825 v.
1233 1799 1281 1825 11.
1299 1795 1359 1824 &c.

1023 1838 1210 1874 Patroclus,
1233 1838 1333 1868 Tusc.
1351 1838 1384 1867 ii.
1411 1837 1460 1867 16.
1480 1839 1529 1870 17.
1546 1835 1708 1873 Davisius

977 1883 1050 1912 vult
1066 1883 1130 1921 legi
1145 1894 1154 1910 :
1179 1881 1359 1918 Patrocles,
1376 1891 1393 1910 e
1414 1880 1507 1912 Codd.
1523 1879 1627 1911 MSS.

1021 1925 1065 1965 Q.
1098 1926 1289 1962 Patulcius,
1319 1926 1391 1955 Att.
1428 1924 1494 1953 xiV.
1532 1925 1583 1953 18.
1626 1921 1706 1953 Fuit

979 1969 1129 2009 Qaeiaestor
1154 1979 1186 1998 a.
1224 1977 1339 1999 Dccw.
1370 1967 1472 1998 Hunc
1501 1976 1544 1996 se.
1564 1967 1708 2006 intelligi

972 2022 1063 2052 posse
1073 2017 1199 2051 putem.
1577 2038 1579 2041 .
1620 2039 1623 2041 .

1023 2056 1066 2085 L.
1118 2056 1276 2092 Paullus,
1337 2054 1537 2085 Bsaeeclonici
1586 2053 1707 2084 Pater.

979 2099 1073 2129 Orat.
1092 2099 1126 2129 ii.
1145 2103 1195 2133 87.
1224 2099 1279 2137 qui
1305 2098 1346 2128 ad
1363 2099 1495 2128 Cannas
1519 2096 1607 2127 male
1632 2105 1706 2126 rem

980 2143 1093 2181 gessit.
1110 2143 1222 2173 Divin.
1250 2143 1284 2172 ii.
1307 2145 1360 2174 33.
1389 2141 1509 2171 cecidit
1535 2140 1570 2170 in
1594 2149 1708 2180 pugna

981 2187 1149 2216 Cannensi
1165 2195 1242 2216 cum
1271 2186 1430 2216 exercitu.
1457 2184 1552 2214 Offic.
1578 2184 1626 2214 iii.
1655 2184 1708 2214 352.

969 2229 1104 2266 ⁴Consul
1123 2239 1200 2259 cum
1216 2229 1362 2258 Varrone
1378 2239 1410 2258 a.
1427 2235 1579 2258 Dxxxvn.
1594 2236 1709 2258 secun·

980 2274 1072 2309 ilum,
1085 2275 1236 2312 primum
1261 2274 1348 2302 enim
1361 2271 1488 2311 suerat
1503 2281 1536 2302 a.
1552 2277 1708 2301 Dxxxun.

970 2327 1052 2347 ‚cum
1067 2316 1230 2347 Manio.
1256 2315 1387 2346 Habuit
1401 2320 1468 2345 tres
1471 2314 1578 2354 filios,
1594 2314 1639 2344 L.
1655 2312 1706 2344 M.

979 2360 1023 2400 [3.
1050 2370 1079 2389 υ.
1097 2361 1172 2390 Liv.
1198 2359 1288 2389 xxiii.
1313 2362 1366 2389 30.
1392 2359 1432 2389 de
1454 2355 1525 2398 ejus
1553 2361 1654 2387 morte
1675 2365 1709 2387 ν.

980 2404 1117 2433 eccudem
1134 2404 1212 2433 xxii.
1229 2405 1281 2437 49.
1648 2402 1651 2405 “

1024 2448 1063 2477 L.
1097 2446 1252 2476 AEmilius
1281 2445 1440 2481 Paullus,
1469 2444 1708 2485 Macedonicus,

979 2490 1134 2529 Africani
1149 2490 1283 2520 minoris
1291 2492 1392 2528 pater
1405 2489 1583 2520 naturalis.
1612 2487 1708 2517 Brut.

981 2536 1034 2564 ⁶20.
1061 2534 1214 2563 disertus.
1241 2532 1284 2562 ad
1308 2532 1385 2562 Div.
1411 2532 1454 2561 iv.
1478 2532 1509 2562 6.
1531 2531 1632 2562 Tusc.
1659 2531 1708 2563 iii.

982 2579 1034 2608 523.
1062 2577 1144 2607 duos
1166 2583 1293 2616 septem
1322 2574 1437 2604 diebus
1459 2575 1544 2604 filios
1566 2575 1708 2604 amittit.

980 2620 1076 2650 Brut.
1097 2624 1145 2654 19.
1176 2620 1246 2658 ejus
1265 2618 1373 2648 filium
1396 2617 1536 2658 adoptat
1559 2617 1709 2648 Africani

982 2665 1116 2703 majoris
1132 2664 1154 2693 f.
1171 2664 1248 2693 Div.
1264 2663 1285 2692 i.
1303 2663 1356 2693 46.
1372 2661 1408 2692 ii.
1423 2664 1476 2692 40.
1505 2660 1631 2691 Consul
1646 2658 1714 2690 ite-⁵

983 2717 1070 2744 rum,
1097 2716 1208 2743 omen,
1240 2705 1328 2744 quod
1355 2705 1385 2734 ei
1413 2715 1434 2734 a
1464 2704 1546 2742 filia,
1572 2703 1710 2736 AEmilia

982 2751 1134 2787 offertur,
1173 2759 1250 2779 curn
1295 2749 1324 2778 ei
1373 2747 1500 2778 bellum
1538 2747 1709 2778 Persicum

969 2794 1183 2833 'mandatum
1200 2796 1298 2823 esset.
1323 2791 1388 2822 Off.
1405 2792 1440 2822 ii.
1456 2793 1509 2822 22.
1525 2791 1619 2822 omni
1634 2790 1710 2829 Ma·-

984 2838 1149 2867 cedonum
1179 2845 1263 2876 gaza
1294 2835 1420 2875 potitus
1450 2839 1512 2865 est.
1562 2834 1657 2865 verr.
1687 2834 1711 2863 i.

985 2883 1038 2912 21.
1075 2881 1199 2911 Persen
1228 2879 1260 2909 vi
1292 2889 1330 2910 ac
1370 2879 1497 2910 virtute
1529 2876 1714 2920 superavit.
