1804 3178
640 100 784 130 mnnx
817 101 1108 133 uvi-nutura.

113 187 208 221 fflo.
229 187 358 221 ’Offim
375 190 422 221 ἰίἰ.
440 192 471 220 5.
499 193 629 220 natum
650 189 749 227 ratio,
767 198 839 228 quae

111 238 164 263 est
198 234 251 264 let
283 234 394 265 divina
422 238 457 264 et
491 232 649 263 humana.
706 232 838 263 Scilicet

112 277 167 307 lex
185 284 314 308 naturae
335 283 386 308 est
401 277 502 307 etiam
520 277 571 306 les
585 275 709 313 divina,
730 277 840 317 (v.jus

114 319 292 359 divinum,)
318 320 407 360 leges
436 319 590 350 humanae
616 326 743 356 autem,
766 329 838 359 quae

110 362 153 394 ad
176 365 342 395 societatis
366 363 547 394 utilitatem
570 363 755 403 pertinent,
771 372 838 394 non

109 406 272 438 differunt
303 417 322 437 a
354 406 426 447 iege
460 410 601 443 nature,
632 407 688 437 scd
726 417 764 437 cx
799 417 839 438 ea

112 456 193 481 sunt
216 451 380 492 repetitae,
398 456 431 480 et
455 460 532 480 cum
557 456 678 480 natura
700 460 838 481 consen-

110 495 226 533 tiunt;
258 493 345 534 quod
371 494 432 523 nisi
467 499 531 529 est,
556 494 677 533 iniquae
700 498 779 524 sunt
802 499 837 526 et

107 537 252 575 injuste.
285 536 411 567 ‘vern
444 537 490 567 iii.
522 541 553 571 7.
587 539 671 576 leges
692 538 834 576 edicere,

105 580 230 611 dicitur
245 579 285 610 de
307 581 518 618 Censoribus,
534 590 610 610 cum
629 581 834 612 locationum

104 623 264 655 formulas
298 630 499 664 proponunt.
535 624 613 655 ibid.
648 626 699 655 2⁷0.
732 627 834 663 legem

104 666 215 697 dicere
252 666 293 698 de
334 667 450 697 eadem
488 668 652 698 locatione
697 668 831 707 dicitur,

75 716 272 749 ·quatenus
305 711 432 742 scilicet
466 721 506 742 ea
541 711 747 742 conditiones
782 722 832 743 re-

101 752 308 786 demtoribus
331 755 602 795 praescribuntur.
625 757 702 794 Agr.
727 756 760 786 ii.
782 758 830 791 19.

102 798 188 836 leges
220 798 297 829 dare
328 798 519 839 provinciae,
543 798 667 829 dicitur
699 798 739 829 de
777 809 828 838 co,

99 842 156 880 qui
188 840 290 872 habet
320 851 485 872 summam
516 845 717 882 potestatem
751 852 829 873 con-

100 885 261 916 stituendi
282 885 504 926 jubendique,
527 884 701 924 differtque
724 885 764 915 ab
788 887 828 917 il-

97 926 143 966 lo,
174 927 263 968 quod
295 928 432 965 dicitur,
455 930 555 967 legem
590 928 685 960 ferre.
738 929 825 960 Nam

101 970 164 1002 hoc
186 976 238 1002 est
260 973 475 1012 magistratus
495 972 627 1009 urbani,
643 973 699 1012 qui
723 975 825 1012 legem

96 1014 220 1056 populo
236 1015 423 1054 jubendam
440 1021 499 1046 aut
514 1016 727 1054 rejiciendam
751 1027 825 1057 pro-

94 1059 203 1098 ponit.
250 1059 372 1099 Legem
404 1059 488 1090 ferre
518 1069 576 1099 pro
607 1059 750 1100 perferre
773 1066 823 1091 est

95 1101 186 1132 Sext.
220 1103 274 1134 25.
310 1112 388 1133 nam
418 1103 599 1143 opponitur
633 1104 823 1143 promulga-

96 1155 143 1176 re.
167 1145 210 1176 cf.
233 1145 312 1186 Agr.
336 1146 370 1176 ii.
399 1148 447 1177 12.
469 1146 488 1164 ‘
506 1147 539 1176 in
563 1146 675 1177 Caecil.
700 1150 730 1178 5.
755 1149 824 1187 lege

94 1197 207 1229 agere,
231 1194 282 1220 est
313 1190 479 1220 actionem
515 1189 615 1221 alicui
646 1190 820 1222 intendere

92 1241 134 1263 ex
158 1233 230 1272 lege
251 1232 376 1273 aliqua,
393 1243 468 1273 quae
491 1232 685 1264 facultatem
711 1235 821 1266 inten-

91 1275 210 1307 dendae
234 1277 375 1308 actionis
406 1276 484 1307 dat:
518 1281 670 1317 oportere
703 1287 819 1308 eorum

94 1319 259 1350 arbitratu
288 1321 358 1361 Iege
389 1321 457 1360 agi,
480 1330 621 1360 quorum
646 1330 747 1352 causa
769 1324 820 1353 lex

88 1363 134 1394 sit
152 1365 351 1395 constituta.
376 1374 435 1405 pro
457 1373 496 1394 eo
512 1364 624 1404 paullo
647 1370 721 1404 post
744 1370 815 1396 est:

88 1416 155 1446 quo
178 1408 314 1438 nomine
337 1408 393 1438 abs
416 1411 450 1438 te
474 1415 526 1438 ns.
560 1407 678 1438 millies
709 1408 750 1439 de
774 1411 818 1440 le-

84 1459 131 1489 ge
160 1455 285 1491 repeto.
319 1451 362 1482 cf.
385 1451 518 1482 Muren.
545 1454 594 1481 11.
616 1457 729 1492 posset
761 1453 816 1493 agi

87 1495 159 1533 Iege
187 1503 306 1532 necne,
330 1495 428 1535 pauci
455 1494 624 1533 quondam
654 1495 815 1527 sciebant.

90 1536 202 1568 Fastos
224 1538 315 1568 enim
337 1537 438 1577 vulgo
460 1547 528 1568 non
555 1537 731 1569 habebant.
755 1539 814 1570 διο.

82 1580 119 1612 in
142 1590 209 1621 quo
230 1580 304 1612 loco
325 1581 426 1612 latius
442 1586 537 1622 patet
559 1580 593 1611 τὶ
615 1583 684 1622 lege
705 1584 814 1622 agere.

87 1623 177 1655 Nam
215 1623 376 1656 latissime
405 1629 517 1656 sumta
554 1625 627 1662 haec,
654 1625 811 1665 formula,

82 1668 247 1706 eontinet,
271 1669 430 1708 quicquid
452 1678 493 1699 ex
524 1670 595 1708 lege
617 1669 706 1709 apud
729 1680 813 1710 prae-

81 1716 190 1742 torem
214 1711 266 1749 fit,
291 1711 378 1750 juris
408 1712 460 1742 sui
490 1712 664 1743 obtinendi
697 1723 809 1752 causa,

81 1759 121 1785 ut
136 1755 330 1793 vindicatio,
347 1755 469 1794 injure
485 1756 601 1794 cessio,
619 1758 810 1798 emancipa-

82 1798 142 1836 tio,
158 1799 280 1829 tutoris
290 1798 472 1837 interdicti,
484 1800 710 1839 possessionis,
726 1802 809 1831 acti-

78 1842 152 1872 onis
168 1842 228 1872 διο.
251 1842 444 1883 postulatio,
468 1843 564 1883 eique
579 1853 600 1873 a
615 1848 708 1884 parte
724 1854 808 1884 prae-

78 1885 160 1916 toris
176 1886 356 1927 respondet
374 1887 432 1926 jus
448 1885 557 1917 dicere
582 1887 634 1917 vel
660 1887 806 1919 reddere.

79 1927 198 1968 ltaque
210 1928 281 1960 haec
297 1929 362 1960 duo
377 1931 479 1960 etiam
496 1930 585 1971 apud
597 1930 754 1962 Ovidium
770 1931 805 1962 in

77 1971 274 2003 definitione
290 1973 354 2004 diei
379 1973 457 2004 fasti
483 1978 517 2004 et
534 1973 654 2004 nefasti
670 1984 805 2015 permu-

75 2019 210 2053 tantur,
233 2017 313 2056 quia
345 2017 453 2058 posito
476 2026 545 2047 uno
577 2017 723 2048 alterum
747 2028 804 2058 po-

74 2059 181 2096 nitur,
203 2065 239 2090 et
261 2060 318 2090 ubi
341 2060 430 2090 actio
460 2061 552 2099 legis,
575 2060 619 2090 ibi
653 2070 803 2092 necessa-

73 2103 123 2133 rio
131 2102 334 2143 jurisdictio.
379 2103 440 2134 Ille
455 2103 604 2134 nefastus
619 2104 684 2135 erit
703 2103 800 2145 (dies)

49 2145 54 2150 ’
72 2155 134 2186 per
147 2155 247 2185 quem
262 2148 329 2178 tria
342 2147 442 2177 verba
465 2148 525 2188 (sc.
544 2147 801 2186 jurisdictionis,

70 2188 126 2227 do,
143 2189 230 2228 dico,
254 2190 383 2229 addico)
402 2190 560 2221 silentur:
592 2189 698 2222 fastus
725 2193 800 2230 erit,

70 2242 131 2273 per
145 2243 245 2273 quem
261 2235 331 2274 lege
345 2233 458 2265 licebit
472 2234 537 2274 agi.
560 2243 589 2264 v.
606 2234 718 2275 Sigon.
739 2235 801 2266 Ju-

67 2275 132 2307 dic.
148 2276 170 2307 i.
182 2280 213 2311 9.

66 2361 80 2394 l
113 2319 227 2358 Lem,
252 2320 401 2351 verbum.
425 2320 484 2351 Oa
508 2320 554 2351 iii.
580 2323 634 2352 43.
657 2331 676 2351 e
699 2320 799 2354 Luci-

81 2372 123 2394 ιο.

113 2406 248 2446 Libare,
271 2407 459 2449 decerpere.
483 2406 559 2438 Div.
583 2407 604 2437 i.
626 2410 680 2443 49.
703 2418 724 2438 a
739 2417 797 2439 na-

67 2450 340 2482 tura—Deorum
385 2452 497 2482 libam
532 2451 660 2482 animos
696 2450 797 2483 habe-

69 2502 156 2524 mus,

110 2535 252 2569 Libaeio.
266 2538 348 2570 Har.
362 2538 403 2570 R.
422 2541 471 2568 10.
489 2538 652 2569 libationes
671 2538 795 2578 epuiae-

67 2589 132 2619 que
155 2580 309 2613 ludorum
340 2581 565 2622 publicorum,
590 2586 670 2612 sunt
693 2582 793 2612 sacri-

65 2623 155 2661 ficia,
171 2634 245 2664 quae
261 2626 349 2657 fiunt
362 2624 575 2656 defundendo
590 2626 677 2655 vino.

108 2663 250 2708 bibella,
273 2673 326 2700 est
357 2669 517 2700 minimus
551 2678 723 2706 nummus,
747 2678 794 2699 as.

63 2708 163 2741 Rosc.
189 2711 226 2742 C.
249 2715 282 2745 4.
313 2713 407 2744 Verr.
434 2713 469 2743 ii.
497 2715 544 2743 10.
579 2712 650 2743 Att.
673 2712 729 2742 vii.
759 2714 791 2743 2.

62 2752 146 2783 fecit
177 2753 363 2795 (heredem)
388 2760 423 2787 te
446 2765 485 2786 ex
521 2757 640 2793 libella,
665 2765 718 2785 me
751 2765 791 2786 ex

62 2798 227 2829 teruncio.
242 2798 437 2830 Harduinus
451 2799 492 2830 ad
505 2799 589 2830 Plin.
608 2799 719 2829 xxxiii.
740 2802 790 2830 13.

63 2839 306 2882 interpretatur
319 2852 361 2874 ex
387 2852 472 2882 asse,
488 2843 710 2882 heredemque
733 2842 793 2873 At-

64 2883 171 2918 ticum
187 2884 315 2920 factum
330 2891 429 2932 putat
438 2896 479 2919 ex
493 2896 579 2926 asse,
600 2886 662 2919 hac
677 2885 790 2920 eondi-

1528 100 1611 139 ³48

884 190 990 227 tione,
1006 195 1042 220 ut
1058 191 1192 222 tertiam
1216 193 1292 224 inde
1315 198 1440 234 partem
1459 194 1609 229 cieemni

883 232 987 263 daret.
1031 234 1116 263 Sane
1146 237 1284 274 libellam
1309 247 1379 268 ease
1402 248 1520 277 assem,
1537 242 1607 281 ipso

883 275 1011 306 Plinius
1028 281 1144 307 auctor
1159 286 1221 316 esi,
1238 280 1258 310 1.
1276 292 1304 310 c.
1349 280 1412 311 Sed
1429 282 1543 313 modus
1560 284 1606 314 Ιο-

881 320 1005 358 qucndi
1022 319 1107 350 hanc
1133 321 1436 361 interpretationem
1464 335 1530 356 non
1548 337 1603 366 pa-

880 364 978 401 titur,
996 373 1069 402 quie
1086 365 1230 404 primum
1246 367 1373 405 proiata
1387 374 1438 398 est
1452 368 1603 400 aManu—

879 406 941 444 tio,
966 407 1092 445 etjam
1122 408 1295 448 repudiata
1322 420 1340 439 a
1372 410 1535 442 Gronovio
1562 413 1602 443 de

879 451 964 481 Sest.
981 461 1012 490 p.
1032 454 1084 482 55.
1116 461 1216 490 quem
1233 458 1268 482 et
1284 452 1324 482 de
1341 454 1458 492 libella,
1476 460 1511 485 et
1527 455 1559 486 h.
1573 456 1598 486 l.

879 502 907 523 v.
925 494 1003 524 ibid.
1019 494 1066 525 iii.
1088 495 1136 525 12.

922 538 1051 574 Libelli,
1068 537 1108 567 de
1135 537 1283 578 epistolis
1307 538 1348 568 ad
1374 539 1450 570 Div.
1475 541 1519 571 xi.
1552 543 1600 573 11.

877 580 932 610 ubi
945 591 974 611 v.
991 581 1176 612 Manutius.

919 624 1172 662 bibentia-imru.
1196 625 1264 656 Att.
1282 626 1302 656 i.
1330 628 1377 660 17.
1400 625 1597 666 frequentis·

874 667 958 698 simo
973 674 1007 698 et
1023 669 1222 699 libentissimo
1236 675 1355 699 senatu
1370 671 1432 699 uti.

918 712 1088 743 Liberalis.
1113 712 1218 742 flacc.
1238 716 1287 746 Π.
1325 722 1424 743 causa
1453 713 1594 744 liberatis

873 758 936 791 est,
953 755 986 784 in
1003 766 1068 794 qua
1084 755 1123 785 de
1141 756 1286 786 libertate
1308 756 1447 796 alicujus
1471 757 1592 796 agitur.

871 797 934 828 Off.
959 799 991 828 ii.
1014 801 1060 830 12.
1085 803 1214 830 sumtus
1240 801 1392 838 liberalis,
1416 799 1592 840 distingui-

871 846 927 871 tur
941 851 960 872 a
976 843 1169 873 necessario.

912 884 1120 924 Liberalitas,
1143 890 1195 917 est
1219 887 1349 927 proprie
1375 886 1483 916 omnis
1510 887 1595 918 ratio

868 927 997 959 vivendi
1014 934 1048 960 et
1064 929 1197 969 agendi,
1212 939 1285 969 quae
1301 940 1321 960 a
1337 930 1462 960 liberati
1473 930 1593 960 educa-

864 971 958 1001 tione
975 973 1207 1013 proficiscitur‚
1219 980 1254 1003 et
1270 979 1320 1003 cst
1337 975 1469 1014 propria
1484 973 1591 1004 homi-

868 1023 948 1045 num
987 1016 1123 1047 honeste
1161 1018 1394 1057 liberaliterque
1431 1017 1590 1047 educato-

866 1067 953 1097 rum,
981 1069 1162 1099 eorumque
1190 1060 1339 1101 personis
1369 1060 1479 1099 digua.
1535 1061 1588 1091 Sic

866 1111 924 1140 pro
948 1103 1041 1133 cuitu
1065 1105 1192 1134 liberali
1228 1103 1362 1133 homine
1393 1103 1506 1142 digno,
1537 1111 1587 1136 est

864 1145 928 1175 Off.
944 1146 965 1175 i.
983 1149 1036 1181 39.
1060 1157 1134 1186 quae
1151 1147 1321 1187 pertinent
1345 1146 1386 1177 ad
1409 1147 1586 1178 liberalita-

862 1192 939 1226 tem,
963 1191 1071 1229 specie
1087 1196 1122 1221 ct
1144 1191 1307 1230 dignitate
1324 1190 1494 1221 moderata
1509 1191 1587 1222 sint.

862 1232 951 1272 *pro
977 1231 1145 1264 hilaritate
1167 1233 1310 1273 quadam
1329 1232 1442 1263 vultus
1457 1238 1491 1264 et
1518 1244 1587 1265 ser-

862 1276 980 1314 monis,
1006 1287 1079 1316 quae
1093 1278 1260 1308 severitati
1274 1277 1467 1317 opponitur.
1491 1276 1586 1309 Brut.

861 1320 913 1350 95.
947 1319 1047 1350 homo
1081 1330 1149 1351 non
1185 1321 1392 1357 liberalitate,
1423 1319 1481 1350 sed
1514 1321 1587 1361 ipsa

859 1363 997 1394 tristitia
1011 1369 1046 1393 et
1071 1365 1247 1395 severitate
1273 1363 1453 1404 popularis.
1490 1363 1508 1381 ‘
1526 1374 1585 1404 pro

858 1406 968 1437 studio
979 1407 1115 1437 alterius
1137 1407 1319 1438 commodis
1334 1411 1394 1437 aut
1408 1406 1584 1446 largitione

858 1454 918 1480 aut
932 1451 1047 1480 officiis
1064 1451 1274 1488 inserviendi,
1298 1450 1386 1490 quod
1401 1455 1452 1481 est
1469 1451 1584 1482 llbera-

857 1494 932 1524 liter
959 1493 1177 1525 educaturum
1215 1494 1397 1535 proprium.
1434 1494 1529 1525 Offic.
1560 1495 1583 1526 i.

861 1539 908 1567 14.
936 1546 961 1568 s.
994 1537 1081 1578 *pro
1103 1536 1228 1578 ιῦηθιίᾳ,
1251 1547 1317 1577 qua
1345 1546 1460 1568 omnes
1485 1547 1580 1577 aeque

856 1579 971 1619 bonos,
995 1590 1033 1611 ae
1053 1590 1112 1612 nos
1142 1590 1271 1618 sumus,
1295 1580 1499 1621 judicamus,
1532 1581 1581 1612 sa-

855 1623 992 1654 cilitate.
1016 1624 1057 1655 ad
1079 1624 1120 1665 Ω.
1144 1624 1194 1655 Fr.
1211 1625 1232 1655 i.
1254 1627 1280 1654 1.
1303 1634 1331 1654 c.
1346 1626 1378 1654 4.
1411 1634 1431 1654 a
1446 1624 1578 1664 quibus,

854 1667 943 1698 rudis
969 1677 1046 1698 cum
1077 1677 1177 1705 esses,
1201 1667 1331 1698 videtur
1354 1666 1460 1707 decipi
1484 1677 1579 1708 posse

853 1710 1032 1742 liberalitas
1065 1716 1136 1742 tua.
1175 1720 1252 1741 nam
1286 1715 1326 1741 ut
1359 1711 1498 1750 quisque
1526 1714 1577 1742 est

851 1754 1012 1794 optimus,
1036 1755 1085 1786 ita
1117 1754 1311 1786 difficillime
1343 1753 1425 1785 alios
1455 1754 1579 1795 impro-

851 1796 907 1827 bos
922 1799 1120 1838 suspicatur.

894 1841 1005 1879 la'ber,
1036 1841 1100 1881 adj.
1130 1841 1187 1872 Or.
1212 1841 1245 1871 ii.
1273 1841 1321 1872 16.
1355 1841 1459 1871 libera
1483 1850 1575 1881 que-

848 1884 912 1914 stio
934 1888 996 1922 est,
1020 1894 1094 1924 quae
1118 1886 1152 1915 in
1175 1893 1295 1925 genere
1318 1887 1478 1921 versatur,
1502 1884 1577 1916 nul-

848 1927 888 1958 lis
911 1927 1072 1959 adstricta
1093 1928 1240 1969 personis
1273 1927 1384 1958 certis.
1432 1927 1450 1945 *
1465 1927 1574 1966 fortis,

847 1972 904 2010 qui
928 1972 1098 2004 neminem
1120 1973 1234 2008 timet,
1263 1970 1358 2008 dicit,
1382 1969 1475 2008 facit,
1498 1980 1574 2009 quo

847 2014 916 2054 ipsc
932 2016 1062 2055 probat,
1083 2025 1157 2055 quae
1180 2013 1265 2051 vult,
1289 2014 1350 2045 etsi
1373 2013 1446 2044 aliis
1462 2013 1576 2055 displi-

845 2062 935 2088 cent.
959 2058 1071 2089 Vatin.
1101 2061 1148 2089 10.
1186 2058 1330 2088 maxime
1352 2057 1432 2087 liber
1454 2057 1489 2087 in
1518 2061 1575 2088 tu-

845 2101 933 2132 enda
968 2103 1138 2132 communi
1176 2100 1341 2131 libertate.
1371 2100 1484 2132 Plane.
1518 2103 1573 2132 38.

845 2146 983 2175 liberum
998 2155 1068 2176 esse
1091 2146 1125 2176 in
1148 2142 1327 2184 republica.
1350 2143 1424 2174 Act.
1440 2144 1462 2174 i.
1478 2143 1572 2175 Verr-

843 2189 875 2222 9.
898 2188 1025 2219 Siculos
1049 2189 1083 2219 in
1106 2198 1146 2218 eo
1169 2188 1279 2218 liberos
1300 2186 1414 2225 fuisse,
1437 2189 1473 2217 et
1501 2196 1570 2218 non

843 2232 981 2262 venisse.
1005 2231 1046 2262 ad
1076 2232 1153 2263 Div.
1176 2231 1231 2260 xii.
1255 2232 1309 2261 28.
1332 2239 1374 2260 ne
1397 2230 1498 2260 nimis
1527 2230 1568 2261 15-

842 2275 898 2306 ber
919 2275 953 2305 in
975 2274 1166 2305 ulciscendo
1181 2273 1344 2304 viderere:
1368 2272 1456 2312 quod
1478 2272 1567 2305 idem

842 2327 918 2348 mox
934 2318 1036 2349 dicit:
1062 2318 1161 2348 nimis
1183 2317 1289 2347 fortis.
1313 2316 1332 2334 ¹*
1347 2315 1436 2347 bona
1463 2316 1568 2348 libera

839 2362 1010 2398 dicuntur,
1033 2371 1107 2400 quae
1131 2370 1197 2391 non
1220 2364 1301 2390 sunt
1323 2359 1483 2399 obligata,
1506 2369 1566 2400 op-

839 2406 1023 2446 pignorata.
1039 2404 1081 2434 ad
1095 2404 1171 2435 Div.
1188 2403 1232 2434 ii.
1247 2406 1297 2434 10.
1307 2406 1441 2433 tantum
1458 2402 1565 2442 abest,

838 2453 877 2479 ut
907 2457 990 2478 meae
1028 2448 1073 2478 rei
1103 2446 1274 2478 familiaris
1305 2446 1444 2476 liberum
1474 2446 1566 2485 quic-

837 2501 938 2531 quam
961 2492 1017 2529 sit,
1042 2496 1080 2521 ut
1111 2499 1227 2521 omnes
1251 2491 1323 2529 jam
1357 2499 1448 2520 meos
1480 2489 1565 2520 ami-

836 2544 891 2565 cos
928 2544 993 2565 aere
1029 2533 1137 2564 alieno
1175 2533 1420 2564 obstrinxerim.
1456 2532 1562 2565 ‘Ate

835 2580 900 2609 xiv.
926 2581 976 2609 13.
1001 2578 1095 2609 libero
1118 2576 1241 2608 lectulo
1264 2583 1363 2615 negat
1380 2585 1450 2606 esse
1470 2576 1562 2615 quic-

835 2631 935 2661 quam
954 2620 1150 2660 jucundius.
1173 2621 1253 2651 liber
1268 2619 1411 2650 lectuius
1437 2625 1488 2650 est
1503 2618 1562 2650 ho·

835 2665 932 2695 minis
952 2664 1086 2696 coelibis.

877 2708 987 2739 Liber.
1021 2708 1126 2738 subst.
1151 2706 1226 2737 Div.
1250 2706 1273 2736 i.
1305 2709 1360 2739 43.
1391 2705 1432 2737 ad
1466 2705 1560 2736 libror

834 2753 880 2782 ire
901 2752 1011 2789 jussit.
1028 2751 1090 2784 int.
1105 2749 1294 2790 Sibyllinos.

877 2795 1048 2831 Liberare,
1065 2804 1085 2825 a
1102 2792 1320 2833 vectigalibus
1344 2792 1494 2822 immune
1509 2790 1558 2822 sa-

833 2848 919 2869 cere.
945 2838 1023 2878 Agr.
1039 2838 1074 2869 ii.
1090 2839 1144 2869 21.
1171 2837 1308 2871 liberare
1322 2834 1466 2876 publica.
1482 2835 1558 2875 (pu-

832 2882 911 2914 blici
933 2882 1005 2923 agri
1019 2880 1199 2923 vectigales
1216 2884 1308 2915 sunt.
1330 2879 1459 2911 liberati
1479 2886 1559 2917 erg·

882 2935 901 2957 ι
917 2928 937 2960 4
