1804 3178
637 112 786 142 mmm
814 113 841 140 1.
843 113 1107 145 ATmnwrls.

125 192 205 227 ibid.
222 195 257 228 ii.
266 200 296 232 7.
309 209 415 230 narra
427 199 526 230 mihi:
539 199 854 240 regesArmeniipa-

124 241 240 271 trit-ios
264 243 410 273 salutare
437 252 504 272 non
525 242 654 273 solent?
681 242 755 273 add.
782 244 853 273 Att.

123 283 192 314 xiii.
205 287 256 315 51.
267 286 389 316 ιώίεᾱζ
397 285 494 317 Ποῖιι.
507 285 605 316 babet
619 286 852 317 li'arrabotibi.

124 327 198 358 ‘ad
223 328 297 359 Div.
322 330 358 359 ii.
387 333 436 359 10.
465 339 531 368 quo
554 329 588 359 in
611 329 683 359 loco
698 339 798 369 sepe,
816 336 853 361 ut

122 379 163 400 ex
188 376 223 401 te
246 372 370 408 audivi,
387 371 576 402 Clitarchus
600 373 660 403 tibi
685 376 850 410 narravit,

124 412 263 445 Darium
280 415 321 445 ab
337 414 524 445 Alexandro
539 425 609 445 esse
633 423 848 456 superatum:

122 466 194 496 pro,
211 458 245 488 in
261 458 432 488 Clitarcho
455 458 577 496 leg-isti.
612 460 664 489 Sic
681 467 731 490 est
747 462 849 491 etiam

121 499 155 529 in
171 499 278 531 Bruto
291 504 345 532 43.
374 501 423 532 ita
436 503 559 532 tacitus
576 504 780 541 tribunatus,
797 512 848 540 ut,

119 543 183 573 nisi
206 543 245 574 in*
262 553 302 573 eo
319 545 518 583 magistratu
539 548 743 584 cenavisset,
761 547 849 587 apud

117 595 306 626 preconem
330 587 507 625 Granium,
531 590 628 629 idque
652 591 746 621 nobis
768 601 848 621 nar-

115 630 254 660 rumne!
267 629 419 661 Lucilius
433 633 492 661 ἃς.

163 672 400 711 Narthecium,
424 685 478 715 m)
482 675 683 714 rothecium,
699 677 846 717 capsula,

115 715 151 745 iu
182 725 250 755 qua
279 723 466 768 unguenta,
493 719 752 757 medicamenta,
779 731 846 751 ser-

114 764 247 790 vantur.
283 760 353 791 Pin.
386 762 420 792 ii.
451 765 482 795 7.
513 762 759 794 medicamenta
789 764 847 794 illa

114 806 289 842 tamquam
306 804 346 834 de
362 806 527 836 narum-io
541 812 708 845 promant.

158 846 289 884 Narus,
302 857 436 887 gnarus.
459 849 516 878 Or.
532 851 585 882 47.
609 850 678 879 noti
691 857 799 887 erant,
811 855 845 880 et

114 890 188 919 navi
212 896 248 920 et
269 893 369 921 nari.-
392 892 512 931 quibus
535 902 613 922 cum
637 893 671 922 in
696 894 843 933 praeponi

111 937 293 972 oporteret,
323 935 454 965 dulcius
492 935 598 965 visum
637 942 687 966 est
722 937 841 975 ignoti,

112 975 237 1015 ignavi,
254 977 361 1016 ignari
377 978 497 1008 dicere.

156 1019 280 1050 Nassa.
309 1021 380 1052 Att.
411 1032 461 1052 xv.
492 1024 545 1052 ⁶20.
583 1032 623 1052 ex
655 1022 716 1052 hac
746 1032 842 1053 nassa

109 1063 200 1092 exire
223 1065 398 1101 constitui,
422 1075 488 1095 non
512 1065 553 1095 ad
576 1065 704 1105 fugam,
719 1065 777 1096 sed
799 1066 841 1096 ad

108 1113 203 1146 spem
221 1108 339 1137 mortis
355 1108 511 1138 melioris.

154 1149 383 1182 Naum-cium.
410 1152 481 1182 rin.
499 1152 533 1182 ii.
547 1153 600 1182 98.
622 1152 723 1182 Tusc.
739 1161 769 1181 v.
785 1155 838 1182 34.

109 1191 225 1223 Persas
247 1193 436 1235 Xenophon
461 1199 574 1234 negat,
591 1195 773 1234 quidquam
798 1195 838 1225 ad

105 1244 228 1275 panem
246 1237 414 1275 adhibere,
432 1245 553 1278 praeter
569 1239 784 1269 nasturtium.

151 1279 299 1311 Natalis.
327 1282 398 1312 Att.
415 1283 462 1312 iii.
477 1284 530 1312 ΞΟ.
560 1281 630 1312 dies
650 1283 772 1312 natalis
788 1291 838 1311 re—

105 1320 197 1354 ditus
213 1325 291 1354 mei.

148 1367 348 1398 Natalicius.
395 1367 471 1403 Dim.
509 1368 544 1398 ii.
581 1369 635 1399 42.
681 1369 837 1399 natalitia

101 1410 276 1449 praedicta,
287 1414 379 1448 sunt,
391 1421 465 1450 quae
481 1411 570 1441 fiunt
585 1421 624 1441 ex
643 1411 724 1442 hora
740 1416 836 1442 nata-

104 1453 139 1483 ti.
165 1454 245 1484 ibid.
259 1457 311 1485 43.
336 1455 445 1485 sidera
459 1455 626 1485 natalitia.

144 1497 289 1528 Nature.
306 1497 347 1528 de
363 1498 602 1528 inconstantia.
632 1497 710 1528 Nat.
726 1497 769 1528 D.
786 1499 833 1528 iii.

99 1540 154 1572 24.
186 1541 220 1571 in
242 1550 309 1580 quo
331 1545 369 1571 tu
393 1540 474 1571 mihi
492 1541 597 1581 magis
612 1546 730 1572 nutare
746 1541 832 1572 visus

97 1591 147 1621 es,
163 1593 263 1623 quam
281 1585 351 1625 ipse
368 1584 557 1624 Neptunus.

144 1628 260 1665 Natio,
291 1637 396 1667 genus
433 1627 620 1658 hominum.
658 1627 748 1658 Mur.
778 1631 831 1659 33.

96 1673 173 1700 tota
184 1672 274 1701 natio
285 1670 550 1701 candidatorum.
568 1671 659 1701 Sext.
671 1673 724 1701 44.
741 1681 831 1710 qua--

95 1713 182 1751 sisti,
195 1723 270 1753 quae
281 1719 370 1744 esset
382 1719 496 1744 nostra
503 1715 592 1744 natio
602 1715 829 1754 optimatium.

95 1757 140 1788 ib.
157 1760 211 1789 45.
233 1761 306 1788 esto
322 1758 437 1797 igitur,
453 1762 492 1787 ut
510 1757 544 1787 hi
558 1758 640 1794 sint,
660 1758 774 1797 (quam
790 1761 828 1788 tu

94 1802 259 1832 nationem
279 1800 468 1841 appellasti)
486 1801 542 1840 qui
560 1801 683 1839 integri
697 1805 778 1831 sunt
794 1806 828 1831 et

94 1844 165 1874 sani
184 1844 244 1875 &c.
267 1844 346 1874 ibid.
363 1844 415 1875 63.
440 1843 540 1874 habes
556 1845 672 1883 igitur,
683 1843 772 1883 quod
787 1854 827 1874 ex

94 1895 149 1917 me
163 1887 324 1926 quaesisti,
338 1887 396 1926 qui
411 1890 523 1917 essent
544 1887 735 1927 optimates.
759 1897 826 1917 non

93 1934 145 1960 est
166 1932 267 1967 meio,
284 1936 323 1961 ut
347 1930 473 1966 dixisti,
490 1930 578 1969 quod
601 1939 664 1970 ego
686 1931 825 1961 verbum

93 1975 227 2013 agnovi.
243 1978 295 2004 est
310 1974 402 2003 enim
419 1973 508 2003 illius
525 1974 585 2003 ἇς.
632 1974 681 2004 Ex
697 1973 824 2004 duobus

91 2017 270 2056 postremis
287 2016 367 2047 locis
390 2022 497 2056 patet,
521 2017 662 2047 nationis
684 2018 823 2047 verbum

91 2060 128 2090 in
158 2064 368 2090 contemtum
399 2059 475 2089 dici.
514 2059 585 2090 *de
615 2059 751 2100 populo,
781 2060 823 2090 ad

92 2113 191 2143 quem
209 2104 283 2142 quis
299 2103 463 2142 originem
481 2102 592 2134 refert.
615 2103 657 2133 ad
674 2103 750 2133 Div.
769 2113 821 2134 xv.

51 2141 56 2147 ’
90 2149 143 2178 20.
173 2147 348 2177 Oratorem
367 2146 489 2176 Sabino
504 2153 564 2176 tuo
579 2146 820 2177 commendavi.

91 2190 198 2221 Natio
220 2199 273 2220 me
291 2189 436 2219 hominis
453 2189 601 2229 impulit,
617 2195 656 2219 ut
677 2190 707 2219 ei
731 2196 820 2220 recte

88 2237 264 2273 putarem:
289 2242 334 2263 sc.
358 2232 437 2272 quia
450 2239 501 2262 est
516 2242 556 2262 ex
571 2232 715 2269 Sabinis,
732 2233 820 2271 quod

89 2285 195 2316 genus
212 2275 373 2307 Italorum
390 2275 546 2315 simplex,
560 2275 737 2306 honestum
755 2282 818 2313 est,

88 2319 295 2359 minimeque
310 2318 574 2350 fraudulentum.

133 2363 291 2399 Notium,
306 2368 413 2398 ortus,
429 2366 537 2392 natus.
571 2361 650 2391 Nat.
668 2360 710 2391 D.
726 2362 748 2391 i.
770 2365 818 2393 10.

87 2405 328 2437 Anaximandri
358 2405 470 2445 opinio
501 2412 564 2443 est,
595 2405 718 2434 nativos
745 2414 817 2436 esse

87 2448 191 2487 Deos,
216 2449 325 2489 longis
351 2447 532 2478 intervallis
559 2448 704 2478 orientes
729 2449 817 2479 occi-

84 2491 279 2532 dentesque.
295 2492 469 2522 *nativum
486 2491 668 2531 opponitur
681 2490 816 2521 aliunde

85 2534 210 2566 allato:
249 2536 404 2572 insitum,
442 2535 607 2564 innatum.
645 2534 745 2565 Dom.
785 2537 815 2565 5.

84 2578 267 2616 medicina,
279 2588 354 2618 quae
368 2584 403 2608 et
419 2577 502 2607 illud
512 2579 661 2608 nativum
674 2577 813 2614 malum,

84 2624 120 2652 et
148 2621 212 2653 hoc
243 2622 393 2652 delatum
423 2630 539 2651 sanare
570 2625 692 2660 posset.
732 2619 812 2650 Har.

82 2663 184 2705 neap.
207 2669 239 2700 9.
262 2665 406 2705 denique
430 2665 501 2704 ipso
524 2664 622 2703 hujus
645 2664 756 2703 gentis
776 2673 814 2693 ac

82 2710 183 2738 terrae
205 2707 390 2739 domestico
410 2709 580 2748 nativoque
594 2716 703 2736 sensu.
734 2706 812 2736 Nat.

82 2748 128 2781 D.
155 2750 190 2781 ii.
219 2753 272 2785 39.
302 2751 503 2788 belluarum,
527 2750 648 2790 partim
672 2749 712 2779 ad
736 2759 814 2779 saxa

81 2794 203 2824 nativ&
217 2795 314 2825 testis
328 2795 584 2826 adhaerentium.
617 2794 671 2823 Sic
687 2791 814 2823 Salma-

81 2837 153 2867 sius
175 2836 218 2867 ad
237 2835 487 2868 Tertullianum
509 2837 549 2868 de
572 2836 674 2867 Pallio
689 2846 720 2876 p.
737 2836 810 2866 214.

83 2877 305 2920 demonstrat,
314 2882 466 2913 nativum
477 2880 622 2913 colorem
633 2889 703 2911 esse
719 2888 811 2918 eum,

1540 113 1624 149 859

898 210 997 239 quem
1013 211 1151 241 qunque
1168 213 1217 234 res
1234 211 1353 237 natur·
1373 211 1407 236 et
1428 216 1487 238 sua
1501 214 1619 248 sponte

898 242 1028 274 habeat.
1052 245 1198 276 *ΡΜ-(ὴ.
1209 251 1240 278 5.
1263 249 1426 288 simplum
1437 251 1533 281 teriia
1545 262 1619 291 par-

896 287 958 316 tim
990 289 1115 324 nativa,
1150 292 1268 328 partim
1298 299 1437 332 reperta.
1478 294 1616 331 nativa.

895 339 970 368 quae
985 331 1173 369 significata
1187 341 1263 363 sunt
1281 345 1389 365 sensu.
1406 339 1465 366 (stc.

939 374 1092 410 Natura,
1123 375 1246 405 indoles
1279 377 1428 409 hominis.
1476 378 1555 409 Coel.
1584 381 1615 411 6.

894 421 1015 447 natura
1040 418 1129 448 varia
1151 418 1400 459 multiplexque.
1430 423 1445 438 ⁸
1461 432 1510 452 res
1534 423 1616 462 ipsa,

893 461 988 497 cujus
1010 467 1061 490 est
1079 469 1172 491 certa
1188 467 1322 492 natura.
1346 465 1398 493 sic
1414 464 1505 495 verr.
1522 466 1543 495 i.
1566 469 1614 496 15.

893 512 958 533 non
976 510 1086 543 potest
1101 513 1141 534 ea
1154 509 1291 541 natura,
1302 516 1373 544 quae
1390 513 1520 538 tantum
1538 508 1615 539 faci-

892 555 954 576 nus
981 548 1198 584 commiserit,
1222 548 1283 577 hoc
1310 559 1377 579 uno
1400 549 1520 580 scelere
1545 562 1614 581 csse

891 596 1071 620 contenta:
1102 591 1121 620 i.
1145 601 1174 621 e.
1200 591 1298 621 homo
1321 603 1359 621 ea
1383 598 1514 623 natura.
1538 593 1614 624 Nat.

890 633 932 663 D.
951 634 982 664 ii.
1000 637 1051 667 57.
1079 634 1129 664 his
1144 637 1274 665 ’tuturis
1290 635 1413 665 relatus
1429 644 1528 666 sonus
1544 647 1612 667 am-

890 675 1078 716 plificatur:
1098 688 1167 717 pro,
1182 679 1278 708 rebus
1296 678 1355 708 bac
1373 684 1506 709 nutura.
1531 681 1545 697 ⁸
1558 680 1614 710 Est

889 721 990 750 etiam
1007 721 1039 750 in
1057 721 1250 760 periphrasi.
1276 721 1354 752 Nat.
1371 722 1413 753 1).
1431 723 1464 752 ii.
1481 726 1532 754 54.
1555 733 1612 754 na—

888 767 964 793 tura
989 763 1066 800 alvi,
1090 774 1148 803 pro
1171 763 1273 794 alvus.
1297 765 1483 805 *pudenda
1499 766 1615 797 mulie-

889 806 970 836 bria.
1001 807 1078 837 Div.
1102 808 1134 837 ii.
1158 811 1210 840 70.
1241 814 1394 839 matrona
1408 810 1477 839 visa
1491 816 1543 840 est
1557 811 1614 840 ob·

886 850 1053 888 signatam
1068 850 1190 880 habere
1207 856 1375 882 nuturhzm
1392 852 1433 882 cf.
1447 853 1488 883 N.
1505 853 1548 883 D.
1565 854 1611 883 iii.

886 894 938 922 532.
970 894 1025 923 ubi
1043 899 1106 930 est,
1122 894 1296 924 obscenius
1312 896 1459 926 excitata
1477 901 1612 927 natura.

885 936 995 966 ¹*ordo
1020 947 1129 966 rerum
1153 939 1326 968 naturalis.
1349 942 1439 969 Sext.
1464 941 1516 970 21.
1544 941 1613 970 vita

885 984 1050 1010 reservata
1065 984 1204 1010 παίω-,α’
1228 981 1294 1011 *ad
1313 982 1513 1013 Div.vi.10
1539 983 1611 1014 Cae-

883 1031 937 1052 sar
960 1023 1041 1053 mihi
1065 1024 1211 1062 quotidie
1234 1023 1339 1054 delabi
1360 1025 1401 1055 ad
1417 1026 1610 1065 equitatem

883 1071 917 1095 et
932 1066 973 1095 ad
990 1076 1098 1097 rerum
1116 1071 1273 1097 naturam
1291 1068 1440 1098 videtur:
1466 1068 1499 1099 li.
1516 1080 1546 1099 e.
1563 1069 1610 1099 vi·

883 1108 981 1139 detur
995 1110 1118 1140 sensim
1134 1110 1281 1140 oblivisci
1305 1111 1446 1149 injuriae,
1463 1118 1497 1142 et
1519 1113 1610 1143 miti-

882 1162 920 1182 or
936 1153 1020 1188 fieri,
1038 1157 1075 1183 ut
1091 1152 1156 1183 fert
1171 1158 1294 1184 natura
1310 1154 1466 1184 humana.
1491 1155 1569 1195 [aeg.
1587 1156 1609 1185 i.

886 1197 934 1225 12.
952 1196 1010 1233 jus
1026 1196 1060 1226 in
1080 1201 1204 1226 natura
1220 1197 1362 1236 positum
1387 1208 1467 1228 esse.
1491 1198 1534 1228 cf.
1549 1200 1606 1230 Or.

885 1241 912 1268 1.
936 1238 1018 1269 Rab.
1034 1239 1128 1269 Perd.
1145 1243 1175 1270 8.
1201 1239 1271 1270 haec
1287 1241 1353 1270 tria
1367 1241 1402 1270 in
1417 1246 1541 1272 natura
1555 1252 1606 1273 re-

881 1291 954 1311 rum
972 1282 1088 1312 fuisse.
1105 1293 1135 1313 v.
1152 1289 1233 1314 not..

924 1325 1135 1356 Naturabile.
1158 1326 1257 1356 Tusc.
1271 1326 1317 1356 iii.
1330 1327 1360 1357 6.
1380 1326 1465 1357 hanc
1478 1337 1604 1365 vocem,

878 1378 978 1407 quam
1002 1368 1057 1399 alii
1074 1369 1108 1399 in
1124 1371 1277 1400 naturale
1292 1375 1439 1406 mutant,
1455 1370 1603 1402 Bentlei-

878 1421 916 1442 us
932 1417 966 1442 et
982 1412 1136 1443 Davisius
1153 1411 1370 1452 nutura-sere,
1383 1413 1532 1444 defendit
1547 1424 1606 1445 au-

877 1456 1033 1485 ctoritate
1050 1455 1151 1486 Codd.
1170 1456 1204 1486 M
1208 1456 1262 1486 SS.
1281 1455 1442 1487 Buherius
1457 1457 1499 1487 ad
1514 1457 1546 1488 h.
1561 1457 1584 1488 l.

919 1498 1104 1529 Navarclai.
1134 1499 1227 1529 Verr.
1250 1509 1281 1529 v.
1305 1501 1357 1529 24.
1386 1500 1433 1529 iii.
1457 1503 1508 1532 80.
1540 1501 1600 1531 &c.

875 1542 931 1580 qui
947 1540 1090 1581 siugulis
1106 1542 1244 1572 navibus
1260 1546 1418 1582 praesunt.

919 1585 1068 1619 Navare.
1091 1585 1134 1615 ad
1155 1585 1232 1615 Div.
1259 1586 1302 1615 ix.
1328 1587 1358 1616 ΞΖ.
1381 1586 1407 1615 si
1434 1586 1544 1616 minus
1566 1587 1602 1617 in

874 1628 967 1658 curia
980 1634 1081 1667 atque
1097 1631 1130 1658 in
1145 1628 1229 1665 foro,
1245 1633 1280 1658 at
1294 1629 1328 1658 in
1341 1629 1444 1659 literis
1460 1636 1494 1659 et
1510 1629 1600 1660 libris

872 1681 996 1702 navare
1010 1671 1260 1711 rempublicam.
1284 1671 1326 1701 ad
1340 1672 1416 1702 Div.
1433 1673 1477 1703 iii.
1499 1676 1547 1703 10.
1563 1678 1602 1704 ut

872 1715 947 1744 istic
970 1724 1100 1753 quoque
1123 1721 1270 1745 nostram
1295 1715 1327 1744 in
1351 1720 1384 1745 te
1405 1715 1602 1746 benevolen-

870 1758 953 1788 tiam
977 1767 1100 1788 navare
1123 1759 1296 1797 possimus.
1324 1758 1381 1789 Or.
1403 1759 1438 1788 ii.
1460 1762 1491 1793 7.
1516 1758 1598 1789 mihi

870 1801 984 1831 videor
1007 1811 1142 1831 navasse
1163 1810 1311 1840 operam,
1335 1802 1391 1841 qui
1415 1801 1479 1832 huc
1502 1811 1599 1832 vene-

870 1845 952 1874 rim:
980 1844 1012 1874 h.
1028 1853 1057 1874 e.
1073 1844 1157 1874 bene
1175 1843 1361 1874 collocasse.

914 1886 1132 1927 Naufragus,
1160 1887 1253 1918 bonis
1279 1897 1421 1918 eversus.
1450 1887 1547 1918 Catil.
1572 1889 1593 1919 i.

873 1932 921 1961 12.
945 1930 1026 1960 Sull.
1048 1933 1096 1961 14.

912 1973 1162 2013 Naufragium,
1188 1973 1336 2012 reliquiae
1362 1983 1380 2003 e
1405 1972 1595 2013 naufragio.

867 2017 956 2047 Sext.
972 2018 1003 2048 6.
1027 2016 1248 2057 nami-agium
1265 2017 1345 2056 reip.
1360 2016 1525 2056 colligere.

911 2061 1144 2091 Navicularia.
1175 2059 1266 2089 Verr.
1291 2069 1320 2089 ν.
1347 2062 1396 2090 18.
1423 2061 1591 2091 navicula-

865 2105 953 2134 riam
981 2102 1104 2140 facere,
1127 2107 1177 2132 est
1206 2112 1274 2132 rem
1304 2103 1472 2133 nauticam
1501 2112 1593 2134 exer-

865 2156 952 2184 cere,
983 2145 1224 2176 navicularium
1265 2155 1346 2176 esse.
1388 2145 1590 2178 Navicularii

864 2197 978 2220 autem
995 2195 1160 2228 quaestum
1177 2193 1344 2227 quaerunt,
1361 2189 1499 2219 navibus
1519 2189 1587 2220 suis

863 2233 1014 2263 homines
1039 2238 1074 2262 et
1099 2241 1224 2262 merces
1253 2231 1377 2262 alienas
1407 2241 1466 2271 pro
1496 2238 1588 2262 certa

862 2275 1013 2306 mercede
1042 2274 1250 2313 trajiciendo,
1281 2284 1360 2312 non,
1391 2278 1430 2304 ut
1459 2273 1588 2305 Graevio

861 2319 902 2348 ad
926 2319 958 2348 b.
980 2318 1001 2348 1.
1027 2318 1209 2354 videbatur,
1227 2318 1363 2349 navibus
1386 2316 1588 2349 aedificandis

860 2367 895 2392 et
910 2361 1100 2392 vendendis.
1117 2370 1146 2391 v.
1166 2361 1413 2391 Navuvalarius.

903 2405 1154 2440 Navia-nazarius,
1191 2404 1346 2434 dominus
1387 2404 1491 2442 navis,
1528 2405 1585 2443 qui

859 2447 1050 2478 bominibus
1073 2447 1302 2485 mei-cibusque
1316 2446 1519 2485 trajiciendis
1535 2446 1586 2478 lu-

858 2500 951 2521 crum
981 2490 1112 2530 quaerit.
1141 2490 1183 2520 ad
1213 2490 1288 2520 Div.
1318 2490 1382 2521 xvi.
1412 2493 1444 2524 9.
1477 2489 1586 2521 solent

858 2538 968 2564 nautae
1007 2538 1153 2572 quaestus
1190 2533 1240 2563 sui
1281 2542 1380 2564 causa
1415 2532 1584 2564 festinare.

858 2577 983 2607 Cautus
1009 2577 1066 2614 sis,
1093 2577 1137 2606 mi
1163 2575 1324 2606 Tim—si
1355 2576 1478 2616 poteris
1503 2586 1582 2607 cum

856 2619 1100 2650 Mescini‹›.-si
1124 2620 1248 2656 minus,
1261 2628 1338 2651 cum
1362 2619 1501 2650 honesto
1524 2618 1583 2650 ali-

855 2672 921 2702 quo
951 2663 1099 2699 homine,
1131 2663 1225 2702 cujus
1255 2663 1457 2693 auctoritate
1488 2664 1580 2693 navi-

853 2707 1004 2736 cularius
1038 2710 1220 2736 moveatur.
1256 2705 1299 2736 ef.
1339 2704 1433 2736 Verr.
1462 2705 1496 2736 ii.
1527 2708 1580 2737 55.

854 2749 926 2779 Att.
941 2750 984 2778 ix.
1001 2752 1032 2779 3.

898 2791 1131 2829 Navimlamr,
1146 2791 1248 2829 idem,
1265 2791 1320 2830 qui
1345 2791 1579 2822 naviculariae.

854 2834 972 2865 Manil.
990 2839 1020 2866 5.
1037 2833 1095 2866 sed
1111 2834 1284 2868 Graeviana
1296 2833 1396 2868 habet
1411 2835 1580 2866 navent«-

854 2879 933 2908 rius.

901 2930 918 2951 Α
935 2931 954 2951 a
969 2923 989 2952 4
