1790 3219
589 93 735 123 mmsx
768 91 1061 121 LATINITATIS.

48 183 99 213 iv.
121 183 176 214 23.
206 180 312 213 ‘ibid.
335 182 369 213 ii.
394 185 442 217 19.
472 180 560 212 brevi
583 179 786 221 subjectione,

56 226 79 257 i.
94 234 125 257 e.
140 226 345 266 expositione
360 226 521 264 subjecta,
538 223 659 255 addita.

100 267 280 310 subjector,
296 269 458 300 falsarius.
488 266 586 298 catil.
603 267 636 297 ii.
651 269 683 298 4.
715 267 787 306 quis

58 315 338 343 testamentorum
352 310 517 354 subjector.
542 310 602 340 &e.

98 354 277 397 Subjectus.
308 357 365 386 Or.
383 355 404 385 i.
426 356 472 385 19..
503 353 676 383 verborum
700 353 787 383 soni-

55 403 112 430 tus
136 399 256 436 inanis,
280 398 372 429 nulla
396 395 538 438 subjecta
561 397 730 427 sententia
753 401 788 426 et

55 442 214 473 scientia:
236 442 269 472 11.
280 450 309 471 e.
321 441 414 481 cujus
431 439 543 470 nullus
559 450 674 470 sensus
690 440 787 470 inest.

57 485 135 516 ibid.
150 486 203 516 46.
226 485 334 515 omnis
351 484 420 514 haec
435 484 645 522 antiquitatis
662 493 788 513 inemo-

57 528 105 559 ria
119 531 151 558 et
167 528 253 566 juris
269 527 392 568 publici
408 528 603 565 auctoritas,
619 532 654 557 et
671 536 787 566 regen-

55 570 106 602 dae
130 570 268 612 reipubl.
293 570 376 601 ratio
399 578 433 601 ct
454 571 608 608 seientia,
625 577 786 610 tanquam

55 613 168 654 aliqua
189 614 357 651 materies,
373 614 412 644 iis
428 615 627 652 oratoribus,
645 615 700 653 qui
717 624 787 644 ver-

54 662 171 688 santur
193 657 227 687 in
254 657 436 698 republica,
459 656 601 698 subjecta
630 668 700 687 esse
731 657 787 687 de-

53 700 154 731 bent:
179 700 258 739 hse.
274 701 308 731 in
324 706 471 742 promtu,
486 708 575 732 nota.
600 701 716 731 Partit.
738 703 786 731 11.

54 743 152 783 hujus
177 744 281 784 igitur
307 745 455 775 materiae
484 744 526 775 ad
548 749 785 784 argumentum

52 785 200 827 subjectoe
210 801 220 818 .·
244 787 276 819 h.
293 797 322 819 e.
338 793 438 829 aptae,
454 793 590 827 paratae.

97 829 275 872 sulficere,
290 831 330 862 de
353 832 524 872 speciebus
541 831 668 861 ratione
685 839 785 870 gene-

53 873 109 904 ris.
139 873 240 905 Tuse.
265 876 306 905 iv.
322 878 352 910 7.
384 874 690 915 perturbationibus
712 875 785 904 sub-

42 915 210 958 jiciuntur
225 923 335 959 partes
350 917 498 957 ejusdem
515 918 645 957 generis
661 917 784 958 plures.

51 961 109 992 Or.
123 961 146 991 i.
158 963 210 992 42.
231 966 341 1002 partes
358 965 471 992 autem
488 964 579 998 sunt,
595 971 669 1000 quae
685 970 786 1000 gene-

53 1004 143 1035 ribus
160 1005 214 1042 iis,
230 1014 270 1035 ex
286 1004 405 1044 quibus
420 1010 594 1042 emanant,
609 1002 786 1046 subjiciun-

50 1052 118 1078 tur.
148 1047 218 1078 ‘de
244 1048 426 1086 sententia,
449 1057 523 1087 qnae
552 1049 639 1078 inest
665 1048 783 1078 verbis.

50 1091 123 1122 Fin.
146 1091 180 1121 ii.
199 1094 248 1122 15.
277 1091 338 1121 sub
361 1091 423 1122 hac
445 1101 538 1129 voce,
563 1101 636 1131 quae
653 1092 698 1122 sit
710 1093 784 1122 sub-

40 1131 189 1176 jicienda
205 1136 383 1166 sententia.
408 1135 486 1165 ibid.
499 1137 530 1166 2.
553 1145 626 1174 quae
639 1145 689 1165 res
706 1134 784 1165 huie

49 1178 122 1209 voci
144 1176 350 1220 subjiciatur.
378 1182 546 1209 *monere
572 1178 716 1218 aliquem
743 1178 784 1209 dc

50 1231 99 1259 re,
126 1223 222 1262 cujus
250 1221 373 1253 oblitus
404 1227 468 1260 est,
496 1223 590 1262 eujus
620 1222 784 1253 reeordari

49 1265 178 1304 nequit.
208 1265 301 1296 Verr.
325 1276 356 1296 v.
375 1269 424 1297 10.
455 1266 552 1306 cupio
573 1265 653 1296 mihi
671 1265 711 1296 ab
728 1265 784 1296 illo

47 1307 174 1350 subjici,
197 1309 224 1339 si
254 1309 334 1348 quid
363 1314 534 1350 praetereo.
569 1309 783 1340 *obnoxium

48 1351 197 1383 reddere.
228 1352 341 1383 Plane.
369 1354 422 1385 23.
450 1350 606 1393 sulv'icere
632 1353 784 1384 fortunas

50 1396 282 1426 innocentium
309 1396 396 1427 fictis
420 1396 658 1427 auditionibus.
689 1398 746 1427 Or.
762 1397 783 1427 i.

47 1439 102 1470 46.
118 1438 226 1471 scelus
241 1439 381 1470 dicendo
391 1437 550 1480 subjicere
561 1440 636 1470 odio
649 1440 783 1471 civium.

47 1484 69 1505 ‘
83 1482 182 1514 Dom.
205 1485 258 1514 20.
289 1488 327 1514 ut
350 1493 406 1514 rex
429 1483 569 1523 Cyprius
593 1493 670 1513 cum
689 1483 783 1514 bonis

47 1526 204 1557 omnibus
251 1526 313 1557 sub
360 1536 513 1567 praecone
558 1524 782 1567 subjiceretur.

47 1567 166 1609 Quint.
198 1572 248 1601 15.
281 1570 375 1609 cujus
406 1579 473 1600 non
501 1569 600 1600 modo
624 1570 781 1609 fortunae,

46 1612 107 1644 sed
119 1613 222 1644 etiam
239 1613 345 1644 victus
358 1614 564 1653 vestitusque
578 1614 782 1645 necessarius

47 1656 110 1687 sub
126 1666 278 1697 praecone
293 1655 453 1699 subjectus
468 1661 528 1688 est.
544 1658 630 1688 ratio
646 1657 782 1697 loquen-

47 1698 83 1730 di
112 1699 189 1730 inde
218 1699 321 1731 ducta
348 1707 412 1738 est,
436 1701 525 1740 quod
554 1710 663 1741 praeeo
693 1706 782 1732 stare

47 1741 176 1774 solebat
198 1743 234 1774 in
257 1743 379 1784 lapide,
404 1749 443 1774 ut
465 1744 506 1774 ab
528 1744 682 1774 omnibus
705 1754 783 1775 con-

46 1786 130 1827 spici
151 1792 274 1827 posset.
290 1797 319 1817 v.
334 1787 447 1828 Lapis.
475 1787 494 1806 ⁵*
506 1787 540 1817 in
559 1797 675 1818 manus
692 1787 782 1827 dare,

47 1830 227 1870 porrigere.
255 1830 355 1862 Arch.
384 1834 432 1862 10.
462 1840 562 1870 quem
582 1840 640 1862 nos
657 1832 691 1861 in
705 1841 783 1862 con-

45 1873 144 1904 cione
167 1873 322 1912 vidimus,
347 1884 423 1904 cum
447 1875 477 1904 ei
501 1874 650 1905 libellum
674 1875 782 1906 malus

47 1920 149 1956 poeta
169 1917 210 1947 de
233 1917 356 1958 populo
377 1916 555 1960 subjecisset
582 1918 641 1948 &c.
671 1917 782 1958 *Leg.

48 1960 84 1990 ii.
106 1963 155 1992 18.
186 1961 213 1991 si
235 1960 277 1991 ad
299 1965 421 1991 terram
446 1961 607 1992 tuendam
631 1961 782 2001 ferroque

46 2001 279 2045 subjiciendam
304 2005 550 2044 superstitionis
576 2005 702 2044 aliquid
729 2016 783 2036 ac-

49 2047 195 2078 cesserit.
225 2047 400 2078 Manutius
425 2049 595 2088 reposuit:
627 2049 783 2089 subigen—

48 2089 140 2128 dam,
149 2099 188 2121 ex
201 2090 286 2121 libro
297 2091 449 2130 antiquo,
458 2092 672 2132 probantibus
683 2093 783 2124 Lam-

47 2133 139 2172 bino,
155 2134 300 2165 Davisio.
331 2135 490 2174 Subigere
513 2135 667 2166 usitatius
682 2137 782 2167 estin

46 2176 111 2213 hae
133 2187 181 2215 re,
197 2178 255 2208 sed
270 2187 331 2208 nee
353 2177 508 2219 subjicere
523 2183 573 2208 est
589 2179 782 2217 absurdum,

46 2219 136 2259 quod
158 2221 193 2251 in
216 2221 332 2252 multis
354 2221 510 2261 loquendi
535 2221 649 2253 formis
669 2227 731 2262 est,
748 2224 782 2253 in

47 2264 168 2304 quibus
184 2268 218 2295 et
234 2265 387 2304 subigere
405 2265 538 2296 dicitur.

91 2306 240 2345 Sumtus,
256 2308 502 2348 extemporalis.
525 2308 584 2339 Or.
607 2309 627 2340 i.
653 2312 706 2341 33.
728 2320 782 2340 su-

48 2350 115 2382 bita
129 2355 163 2381 et
179 2351 320 2382 fortuita
333 2353 449 2382 oratio.
467 2353 510 2383 ib.
527 2353 782 2384 exercitationes

46 2395 169 2426 subitoe.
200 2395 219 2413 ⁴
232 2395 274 2426 ad
289 2396 366 2426 Div.
383 2396 451 2425 xiii.
468 2397 498 2426 ⁶2.
531 2401 668 2436 propter
682 2407 783 2437 opera

47 2438 205 2470 instituta
226 2438 336 2469 multa
358 2438 555 2477 multorum,
570 2440 714 2471 subitum
731 2445 783 2472 est

47 2481 79 2511 ei
94 2481 274 2521 remigrare
291 2481 367 2512 Kal.
383 2483 502 2522 Quint.

91 2523 312 2566 Suljungere,
344 2526 518 2564 subjicere.
555 2525 649 2556 Verr.
677 2526 699 2556 i.
730 2527 782 2557 21.

47 2567 171 2599 multas
200 2570 294 2599 urbes
320 2566 488 2609 subjunxit
515 2569 576 2599 sub
602 2569 781 2609 imperium

47 2621 123 2651 pop.
147 2612 187 2643 R.
217 2612 310 2643 Orat.
330 2613 351 2642 i.
369 2616 420 2643 50.
452 2613 478 2642 si
496 2613 569 2652 jam
593 2622 708 2643 omncs
731 2623 784 2643 ar-

47 2659 99 2684 tes
123 2652 321 2695 subjungere
347 2656 486 2686 velimus
515 2656 659 2686 oratori:
692 2655 726 2686 h.
752 2666 783 2686 e.

47 2697 77 2726 ei
108 2697 214 2728 inesse
243 2699 375 2737 debere,
401 2704 560 2730 statuere.
596 2699 666 2729 *de
696 2698 783 2729 ordi-

47 2750 102 2778 ne,
127 2741 221 2771 serie.
251 2742 332 2772 Har.
358 2743 399 2774 R.
432 2745 480 2777 17.
514 2742 585 2772 haee
613 2752 683 2772 esse
710 2743 784 2773 sub-

38 2793 87 2814 απ
109 2788 177 2822 cta,
194 2786 215 2815 i.
232 2795 262 2815 e.
278 2786 382 2824 sequi.

91 2827 240 2864 Sublate,
265 2827 365 2867 elate,
385 2829 567 2868 jactanter.
581 2829 700 2865 ,Dom.
729 2829 782 2860 36.

49 2870 133 2906 nibil
155 2871 196 2902 de
220 2881 272 2902 me
296 2882 444 2912 unquam
462 2873 529 2906 dixi
545 2873 717 2915 sublatius,
734 2882 784 2906 as-

1473 85 1562 124 441.

831 178 994 209 ciscendae
1011 179 1116 210 laudis
1133 190 1232 211 causa
1247 182 1370 222 potius,
1383 192 1482 222 quam
1500 184 1566 214 cri·

830 222 929 252 minis
955 222 1154 261 depellendi.
1187 225 1253 254 ‘de
1283 235 1403 264 genere
1433 227 1564 257 dieendi

827 265 969 295 sublimi.
992 265 1088 296 Brut.
1110 270 1160 298 55.
1183 269 1308 299 sublate
1324 269 1497 309 ampleque
1514 271 1564 301 ‹li-

830 318 917 338 cere.

871 351 1029 388 Sublacio,
1046 351 1086 381 de
1103 354 1334 391 magnitudine
1351 357 1467 387 animi.
1491 357 1562 388 Fin.

829 395 862 426 ii.
879 397 912 426 4.
934 395 1071 426 sublatio
1086 396 1201 426 animi.

872 437 1060 475 sublevare,
1076 444 1128 469 est
1151 440 1281 479 proprie
1304 443 1482 481 sustinere,
1499 444 1563 474 eri-

828 492 916 522 gere.
939 482 1009 512 Att.
1025 493 1055 512 x.
1068 484 1100 512 4.
1125 485 1180 521 qui
1195 492 1252 512 nos
1269 489 1389 514 stratos
1405 486 1446 515 ad
1464 487 1562 526 pedes

829 536 870 556 ne
892 527 1079 556 sublevabat
1101 525 1247 564 quidem.
1276 526 1425 557 Herenn.
1448 530 1489 559 iv.
1510 533 1563 560 50.

826 571 991 600 sublevare
1017 574 1169 599 mentum
1197 569 1341 600 sinistra.
1373 570 1482 601 *hine
1511 577 1563 603 est

827 623 887 653 pro
904 614 1033 652 juvare.
1063 612 1105 642 ad
1128 613 1204 644 Div.
1227 622 1257 642 v.
1284 616 1311 643 l.
1343 623 1441 652 quem
1466 614 1563 645 fami-

828 656 880 686 liae
909 660 1028 686 nostrae
1056 656 1201 696 dignitzss
1225 656 1365 686 debebat
1385 658 1562 689 sublevare.

827 700 885 730 Or.
902 700 935 730 ii.
947 702 1002 730 40.
1024 709 1097 738 quae
1114 709 1180 730 non
1197 709 1257 730 sua
1273 701 1316 738 vi,
1333 700 1390 730 sed
1405 705 1565 733 extranea

825 744 1048 773 sublevantur.
1080 743 1285 773 *consolarh
1315 743 1418 774 Attie.
1445 745 1479 775 ii.
1514 748 1564 776 18.

827 785 881 816 hic
905 791 1012 816 status
1036 796 1103 816 una
1125 787 1276 817 omnium
1301 797 1378 817 voce
1400 789 1561 827 gemitur,

827 839 933 869 neque
946 830 1043 859 verbo
1056 830 1251 869 cujusquam
1264 831 1460 862 sublevatur.
1478 834 1497 854 *
1506 832 1562 863 ‹le-

826 873 972 903 fendere.
1004 874 1136 903 Muren.
1161 876 1192 903 4.
1224 880 1262 903 ut
1282 884 1395 904 meum
1415 874 1562 907 laborem

826 916 1001 947 hominum
1025 916 1179 954 periculis
1194 918 1396 948 sublevandis
1415 928 1481 949 non
1499 920 1562 950 im-

826 962 980 1000 pertiam.
999 960 1108 991 .Tuse.
1141 961 1183 990 iv.
1209 963 1262 995 37.
1300 961 1335 991 in
1366 971 1430 1000 quo
1460 964 1563 994 suble-

826 1008 923 1034 vatus
949 1014 969 1033 a
991 1003 1136 1034 Socrate.
1165 1004 1184 1022 ⁷*
1201 1005 1363 1042 minuere,
1387 1005 1498 1045 aliqua
1527 1016 1562 1037 re

826 1048 968 1084 efficere,
985 1057 1025 1077 ne
1050 1051 1182 1085 noceat,
1200 1047 1287 1086 quod
1304 1057 1422 1078 nocere
1439 1056 1561 1089 posset.

826 1091 867 1121 ad
891 1091 968 1121 Div.
993 1091 1059 1120 viii.
1083 1094 1114 1122 3.
1144 1092 1311 1121 sublevare
1326 1091 1412 1123 odia.
1440 1094 1515 1123 Aet.
1538 1094 1560 1125 i.

825 1134 918 1165 Verr.
946 1134 995 1165 16.
1028 1143 1094 1164 non
1118 1135 1234 1173 gratia,
1257 1144 1324 1165 non
1347 1137 1561 1174 cognatione,

826 1187 892 1208 non
917 1177 988 1208 aliis
1012 1183 1101 1207 recte
1124 1177 1221 1208 factis
1244 1182 1297 1208 tot
1313 1182 1473 1218 tantaque
1490 1180 1564 1220 ejus

826 1221 906 1251 vitia
941 1221 1107 1252 sublevata
1152 1231 1222 1252 esse
1266 1222 1560 1255 existimabuntur.

826 1265 927 1295 Petit.
953 1265 1051 1295 Cous.
1078 1269 1105 1296 1.
1138 1265 1282 1296 nominis
1305 1267 1488 1297 novitatem
1512 1267 1562 1298 di-

825 1308 922 1338 cendi
954 1308 1060 1348 gloria
1082 1309 1269 1340 sublevabis.
1299 1309 1499 1340 *infirmare
1526 1312 1562 1342 iu

826 1351 939 1382 Caeeil.
977 1354 1009 1382 4.
1044 1353 1220 1383 sublevabis
1255 1362 1390 1383 causam
1422 1354 1561 1386 inimici.

824 1395 938 1425 *Ca-l.
963 1397 1015 1429 99.
1041 1397 1207 1426 sublevare
1229 1397 1462 1435 quaestionem,
1486 1398 1507 1428 i.
1531 1408 1560 1428 e.

825 1439 1000 1479 impedire,
1014 1439 1145 1477 tollere,
1163 1443 1200 1469 ut
1223 1449 1264 1469 ne
1288 1439 1401 1470 haberi
1424 1450 1471 1471 sc.
1487 1451 1563 1481 pos·-

824 1482 881 1520 sit,
896 1492 926 1512 v.
951 1492 980 1512 e.
1004 1482 1044 1512 de
1067 1493 1174 1521 servo,
1194 1493 1271 1513 cum
1295 1485 1561 1516 manumittitur.

824 1526 890 1556 Sed
908 1536 938 1555 v.
956 1529 1025 1556 not.

868 1568 1142 1608 Subligaculum:
1173 1573 1410 1609 tegumentum
1433 1571 1564 1611 puden·

823 1612 954 1643 dorum.
977 1613 1042 1643 Off.
1058 1614 1079 1642 i.
1097 1616 1148 1643 35.
1173 1614 1382 1644 scenicorum
1399 1624 1470 1645 mos
1487 1620 1563 1646 tan-

821 1660 892 1686 tam
917 1655 1035 1686 habuit
1049 1666 1069 1686 a
1084 1659 1194 1686 vetere
1216 1657 1392 1697 disciplina
1405 1668 1565 1690 verecun-

823 1699 927 1737 diam,
944 1704 983 1730 ut
1006 1699 1041 1730 in
1064 1709 1165 1730 scena
1182 1701 1254 1731 sine
1269 1702 1471 1741 subligaculo
1488 1712 1564 1743 pro-

824 1743 904 1774 deat
919 1753 1030 1773 nemo.

869 1787 1044 1818 Submisst'o
1059 1787 1231 1818 orationis.
1257 1787 1316 1819 Or.
1331 1789 1384 1820 25.
1411 1788 1452 1819 de
1467 1791 1563 1821 tenui

825 1840 961 1870 genere.

867 1873 1053 1904 Submissus
1074 1877 1196 1904 orator.
1221 1874 1299 1905 ibid.
1316 1877 1368 1907 24.
1406 1875 1485 1907 ibid.
1508 1879 1563 1909 23.

821 1918 982 1948 submissa
997 1916 1118 1948 leniter
1133 1917 1260 1950 dicere:
1281 1919 1301 1949 i.
1314 1929 1342 1950 e.
1359 1920 1477 1963 tenuia
1494 1920 1562 1952 leni

825 1971 917 1992 voce.
1455 1960 1457 1962 ’

867 2004 1078 2041 Submittere,
1091 2003 1234 2044 allegare
1248 2004 1289 2035 ad
1301 2005 1457 2045 aliquem.
1468 2007 1564 2040 Verr.

824 2048 871 2079 iii.
887 2050 941 2080 28.
969 2048 1175 2078 submittebat
1190 2047 1450 2081 Timarchidem.
1479 2051 1521 2081 cs.
1538 2052 1560 2082 i.

824 2094 877 2122 41.
901 2091 972 2122 *de
989 2102 1081 2122 voce.
1099 2091 1132 2121 in
1151 2091 1262 2122 Caecil.
1284 2095 1331 2123 15.
1364 2103 1440 2124 curn
1458 2095 1563 2134 possit

825 2135 997 2175 aliquanto
1011 2134 1132 2165 clarius
1149 2135 1270 2173 dicere,
1287 2145 1388 2175 quam
1411 2137 1480 2177 ipse
1496 2139 1564 2178 pri-

824 2188 970 2216 marum,
999 2177 1147 2209 multum
1184 2179 1372 2211 submittere
1399 2180 1562 2213 videmus.

823 2222 914 2252 Male
937 2231 1016 2261 ergo
1038 2221 1165 2262 Sylvius
1192 2221 1233 2252 ad
1256 2222 1351 2253 Orat.
1374 2233 1434 2263 pro
1457 2224 1563 2263 Sulla,

828 2269 876 2296 lo.
915 2270 1016 2305 negat
1047 2265 1131 2295 bene
1169 2265 1234 2296 diei
1271 2267 1429 2297 submissu
1460 2277 1561 2299 voce:

824 2308 910 2339 male
951 2309 1132 2339 assentitur
1166 2308 1351 2340 Burmann.
1387 2310 1429 2341 ad
1466 2311 1563 2344 Ovid.

824 2352 908 2383 Met.
925 2353 969 2383 vi.
991 2355 1044 2387 90.
1067 2352 1086 2370 ¹²
1099 2351 1139 2382 de
1154 2352 1431 2393 supplicantibus.
1450 2354 1564 2386 Plane.

827 2399 876 2426 lo.
906 2396 1060 2426 tribubus
1083 2405 1137 2426 me
1159 2397 1289 2427 submisi
1312 2403 1347 2427 et
1368 2397 1563 2438 supplicavi.

823 2439 841 2457 *’
853 2440 893 2470 de
909 2440 1032 2470 animo.
1057 2439 1098 2470 ad
1114 2439 1190 2470 Div.
1207 2440 1250 2470 xi.
1267 2443 1298 2472 3.
1324 2441 1473 2481 periculo
1488 2442 1564 2473 nul-

824 2483 846 2513 li
868 2483 1057 2513 submittere
1079 2483 1243 2513 animum.
1281 2483 1351 2514 *de
1374 2494 1563 2516 successore

823 2526 911 2557 dato.
943 2526 1036 2556 Prov.
1054 2526 1153 2556 Cons.
1167 2529 1199 2556 4.
1230 2526 1308 2557 huie
1332 2537 1387 2558 vos
1409 2537 1477 2559 non
1490 2531 1564 2561 sub·

823 2570 957 2600 mittetis
974 2570 995 2599 i.
1013 2579 1237 2600 successorem
1255 2571 1411 2602 mittetis.

867 2613 1073 2650 Submovere,
1100 2612 1298 2650 absterrere,
1324 2614 1420 2645 Rose.
1445 2615 1485 2646 A.
1509 2618 1562 2648 25.

822 2657 1017 2686 summoveri
1039 2655 1214 2687 maleficio.
1244 2657 1323 2688 *est
1346 2657 1409 2689 hoc
1424 2659 1562 2690 verbum

825 2699 976 2739 inprimis
992 2699 1032 2729 de
1049 2699 1218 2730 lictoribus
1239 2701 1420 2732 usitatum:
1443 2702 1562 2742 Quint.

825 2746 856 2773 8.
894 2743 994 2781 jubet
1027 2742 1181 2783 (Praetor)
1222 2744 1398 2776 advocatos
1433 2750 1562 2777 nostros

825 2786 985 2816 acerrime
998 2786 1188 2817 submoveri.

869 2828 1048 2860 Subnixus.
1077 2829 1211 2861 habitus
1242 2831 1427 2870 arrogantis
1452 2831 1486 2862 in
1511 2832 1561 2862 in-

826 2882 932 2906 cessu.
955 2873 1014 2907 Or.
1030 2873 1051 2906 i.
1067 2876 1120 2906 58.
1149 2874 1206 2916 qui
1221 2873 1293 2915 ejus
1310 2874 1390 2907 artis
1405 2884 1563 2916 arrogan-
