1790 3219
618 74 766 103 INDEX
799 74 1077 103 LATINITATIS
1084 92 1094 102 .

67 160 280 202 judicaverit.
296 165 413 194 contra
429 162 464 193 P.
482 160 628 197 Africani
653 161 809 192 avunculi

70 206 122 236 sui
146 207 394 244 testiinonium,
419 207 628 237 vacationem
652 214 809 245 augures,

70 259 138 288 quo
154 250 265 280 minus
282 251 419 287 judiciis
441 259 576 290 operam
594 248 726 285 darent,
742 258 810 278 non

71 291 205 323 babere.
261 292 327 334 Qui
357 293 459 323 fuerit
484 292 538 323 hic
563 293 809 330 triumviratus,

72 345 141 366 non
164 335 244 374 vidi,
261 337 316 376 qui
337 337 531 377 explicaret,
547 341 671 376 praeter
694 336 812 366 Corra-

72 379 167 417 dum,
190 380 231 410 ad
255 380 287 411 h.
311 379 333 410 l.
359 390 390 421 p.
414 382 487 413 217.
518 381 574 418 qui
598 379 811 410 Tuberonem

73 431 142 453 non
163 423 378 454 triumvirum
403 424 586 462 agrarium,
609 423 666 453 sed
697 433 812 453 monc-

72 465 176 497 talem
192 472 252 497 aut
268 467 445 507 capitalem
464 472 561 506 putat
578 467 690 497 fuisse.
715 467 813 507 Quod

70 508 204 551 probari
221 519 286 540 non
304 515 424 550 potest.
463 509 550 540 Nam
568 510 645 540 talis
658 511 814 541 triunnir

73 553 240 592 quomodo
262 553 330 584 tale
353 553 431 592 quid
449 554 601 592 judicare
627 556 811 594 potuisset?

74 590 161 627 Mihi
184 601 297 628 autem
319 606 385 627 non
403 601 453 627 est
476 597 627 635 dubium,
643 599 724 637 quin
747 608 815 629 ser-

73 648 130 670 mo
153 638 210 676 sit,
226 649 293 670 non
316 640 356 670 de
380 642 596 672 triumiiratu
613 641 814 680 Tuberonis,

73 682 131 722 qui
148 682 262 714 nullus
284 684 361 722 fuit,
378 685 436 715 sed
459 685 500 715 de
523 689 673 726 tempore
697 687 814 716 trium-

71 726 201 757 viratus
223 728 358 767 agrarii,
375 730 432 768 qui
455 728 521 759 fuit
544 728 633 759 illius
655 730 815 769 tempori-

72 769 134 800 bus
151 780 190 800 ex
207 769 281 811 lege
297 773 428 811 agraria
450 772 647 813 Sempronia
662 772 698 802 C.
715 772 816 803 Grac-

71 813 139 845 chi.
184 813 274 845 Nam
306 825 384 846 cum
415 825 435 846 a
461 816 645 846 triumviris
679 817 816 856 agrariis

75 856 124 888 M.
155 857 271 889 Fulvio
301 858 433 897 Flacco,
465 858 503 890 C.
533 858 684 890 Graccho
713 865 747 890 et
779 860 816 891 C.

76 900 242 940 Carbone,
258 901 338 932 dum
362 911 458 942 agros
482 901 682 941 dividerent,
701 913 817 943 graves

73 944 256 976 seditiones
271 945 425 976 excitate
448 950 573 984 essent,
589 957 629 978 ex
648 948 819 978 sententia

75 988 111 1018 P.
139 988 288 1019 Africani
317 989 461 1020 Senatus
485 990 618 1030 judicia
641 1001 817 1022 causarum

76 1031 284 1072 agrariarum
307 1042 328 1063 a
351 1031 494 1071 Illviris,
509 1040 684 1074 tamquam
703 1044 819 1076 suspe-

75 1075 152 1113 ctis,
165 1074 208 1106 ad
225 1075 406 1107 Consulem
424 1076 460 1107 C.
474 1077 709 1119 Sempronium
722 1078 820 1109 alios-

77 1128 143 1158 que
159 1119 292 1159 judices
314 1120 496 1152 transferre
519 1121 634 1153 voluit.
669 1133 698 1153 v.
725 1122 819 1162 Pigh.
861 1129 865 1132 ”

79 1161 121 1193 ad
133 1172 188 1193 an.
201 1163 275 1195 624.
301 1163 340 1194 In
356 1173 422 1203 qua
433 1174 481 1203 re,
494 1175 570 1195 cum
584 1165 624 1196 de
634 1165 820 1204 judicibus,

77 1207 135 1246 qui
168 1216 246 1238 cum
278 1207 474 1248 Sempronio
505 1208 714 1248 judicarent,
745 1220 821 1250 age-

76 1254 186 1289 retur,
208 1251 323 1291 potuit
349 1251 510 1290 incidere,
533 1258 594 1283 aut
623 1253 742 1284 incidit
764 1263 823 1294 po-

78 1293 161 1333 tius,
178 1294 237 1325 illa
250 1293 291 1325 de
307 1296 535 1327 vacationibus
548 1306 716 1337 augurum
732 1306 822 1337 quae-

76 1339 155 1369 atio.

127 1380 310 1421 Troe-heus,
325 1382 426 1423 vulgo
449 1383 573 1414 dicitur
588 1393 646 1424 pes
660 1393 730 1415 una
751 1384 825 1415 lon-

82 1435 126 1466 ga
141 1432 176 1456 et
191 1426 297 1457 altera
311 1427 418 1457 brevi:
442 1427 500 1458 sed
516 1428 605 1468 apud
628 1427 824 1459 Ciceronem

81 1475 134 1500 est
156 1479 215 1510 pes
237 1470 344 1500 tribus
367 1471 520 1502 brevibus
542 1471 689 1511 syllabis,
710 1473 767 1511 qui
791 1477 826 1502 et

80 1514 266 1553 tribrachys
280 1514 416 1552 dicitur,
430 1524 530 1554 quem
548 1524 607 1546 nos
624 1521 737 1545 autem
753 1516 826 1546 vul-

82 1566 126 1597 go
141 1558 314 1588 trochoeum
337 1557 492 1596 dicimus,
508 1560 640 1589 choreus
658 1569 678 1589 a
695 1559 827 1590 Cicero-

83 1610 126 1630 ne
154 1600 290 1632 dicitur.
327 1600 423 1632 Orat.
450 1605 502 1636 57.
533 1607 651 1633 contra
677 1603 827 1633 accidere

84 1645 119 1674 in
133 1644 282 1684 spondeo
298 1649 334 1675 et
356 1646 502 1684 trochoeo,
518 1655 584 1685 quo
607 1646 693 1676 alter
715 1657 732 1676 e
756 1647 828 1677 lon-

85 1688 135 1727 gis
159 1693 344 1726 constaret,
359 1689 446 1720 alter
467 1699 486 1720 e
505 1690 659 1720 brevibus
675 1690 829 1721 fieret.—

85 1732 276 1770 trochoeum,
299 1733 357 1771 qui
387 1737 439 1764 est
468 1733 585 1764 eodem
617 1734 738 1774 spatio,
763 1744 829 1774 quo

86 1774 241 1813 choreus,
265 1775 441 1806 cordacem
463 1776 624 1817 appellat,
649 1778 727 1817 quia
750 1787 830 1808 con-

85 1819 208 1849 tractio
231 1823 265 1850 et
287 1818 432 1851 brevitas
455 1820 658 1860 dignitatem
681 1831 751 1852 non
770 1821 830 1852 ha-

85 1862 176 1893 beat.

134 1905 281 1946 Tropaea.
304 1906 404 1937 Arch.
419 1911 451 1942 9.
474 1912 589 1938 nostra
603 1913 684 1938 sunt
700 1911 830 1949 tropa’ir.

88 1948 314 1988 Intelligenda
330 1952 454 1990 quaevis
472 1952 687 1983 victoriarum
711 1962 831 1983 monu-

91 1997 219 2032 menta,
237 1994 346 2034 posita
362 1995 397 2024 in
419 1995 459 2025 iis
483 1995 686 2035 regionibus,
702 1997 761 2026 ubi
784 1996 831 2026 vi-

89 2038 137 2068 cti
152 2036 276 2068 hostes.
321 2037 409 2069 Nam
433 2048 507 2078 quae
524 2040 655 2080 proprie
671 2039 833 2070 dicuntur

89 2084 224 2121 tropea,
241 2081 401 2112 Romanis
424 2082 585 2113 inusitata
600 2083 705 2113 fuere.
735 2093 766 2115 v,
783 2083 831 2113 di-

90 2128 147 2155 cta
169 2124 212 2155 ad
226 2124 363 2155 sueton.
381 2124 464 2155 Caes.
485 2128 534 2156 11.
564 2127 621 2157 ubi
637 2132 672 2157 et
688 2126 753 2157 alia
767 2132 831 2158 tro-

83 2177 160 2209 poea
175 2167 273 2199 Rom.
289 2168 503 2209 protulimus,
518 2179 591 2209 quae
610 2170 765 2202 similiter
778 2180 832 2201 ac·

69 2215 74 2220 “
89 2212 155 2252 cipi
172 2218 325 2252 possunt.

137 2254 269 2287 Trulla.
298 2255 393 2286 Verr.
413 2257 456 2287 iv.
473 2257 525 2291 27.
555 2262 628 2288 erat
650 2258 753 2290 etiam
776 2267 833 2288 vas

92 2298 274 2338 vinarium,
304 2309 345 2330 ex
379 2309 448 2331 una
479 2309 614 2340 gemma
643 2301 834 2342 pergrandi,

92 2344 202 2374 trulla
224 2346 394 2381 excavata,
413 2344 591 2375 manubrio
613 2354 727 2376 aureo.
754 2345 833 2376 ibid.

94 2387 201 2421 trulla
227 2397 391 2427 gemmea.
437 2387 519 2418 Erat
545 2390 658 2419 autern
685 2389 748 2419 hoc
778 2398 835 2419 vas

96 2435 330 2472 comparatum
355 2430 397 2461 ad
421 2431 534 2461 vinum
555 2432 778 2463 hauriendum
801 2436 837 2463 et

93 2473 217 2514 poculo
242 2474 503 2513 infundendum,
531 2476 618 2515 quod
644 2476 696 2507 vel
726 2477 835 2517 ipsum

96 2517 312 2549 manubrium
329 2518 467 2548 indicat.
513 2518 562 2549 Ex
581 2519 700 2551 Horat.
718 2519 787 2551 Sat.
803 2520 838 2550 ii.

95 2562 128 2592 3.
155 2563 226 2593 144.
253 2562 349 2592 festis
375 2568 490 2602 potare
520 2562 635 2593 diebus
667 2563 840 2604 Campana

95 2602 216 2636 solitus
231 2607 338 2636 trulla
350 2615 557 2646 vappamque
570 2606 737 2656 profestis,
747 2606 841 2637 colli-

98 2653 197 2686 gunt,
221 2648 324 2680 fuisse
353 2649 526 2690 poculum,
558 2650 636 2689 quia
665 2660 710 2681 sc.
736 2652 841 2681 trulla

98 2692 207 2730 potari
229 2692 364 2723 dicitur.
410 2692 475 2723 Sed
497 2692 560 2723 hoc
575 2703 642 2724 non
659 2698 709 2724 est
725 2703 842 2724 conse-

99 2742 216 2773 quens.
262 2734 383 2767 Trulla
402 2740 550 2778 potatur,
573 2738 653 2776 quia
680 2741 732 2768 est
754 2737 843 2767 inter

99 2777 329 2810 instrumenta
349 2784 386 2810 et
416 2789 505 2817 vasa,
529 2781 649 2820 quibus
672 2781 707 2811 in
731 2782 843 2811 convi-

101 2820 162 2851 viis
189 2823 329 2866 utimur.
365 2823 453 2854 conf.
478 2823 549 2855 Cel.
572 2824 688 2855 Burm.
712 2825 753 2854 ad
783 2823 844 2855 Pe-

99 2866 188 2896 trou-
214 2874 244 2897 ο.
270 2867 324 2901 75.
364 2865 484 2900 Trutea
513 2868 688 2901 murrhina
714 2871 766 2899 est
791 2878 844 2910 ap.

1509 63 1593 102 465

852 160 938 191 Plin.
954 161 1074 191 xxxvii.
1090 163 1121 192 9.
1146 160 1203 191 ubi
1227 160 1314 192 male
1339 160 1533 192 Harduinus
1549 160 1590 192 de

852 213 928 234 vase
944 203 1103 234 lavatorio
1125 205 1280 245 explicat.
1327 204 1513 235 Contextus
1532 202 1593 235 do-

852 252 920 283 cet,
951 256 1006 277 vas
1044 249 1250 278 mensariuiu
1284 253 1383 288 atque
1421 248 1591 288 potorium

852 291 966 321 fuisse.

899 333 1010 370 Tum-i,
1035 333 1172 370 intueri,
1195 334 1369 374 inspicere.
1399 334 1475 365 Div.
1502 335 1524 365 i.
1543 337 1595 366 14.

855 378 1079 413 intuerentur,
1098 385 1159 406 nec
1183 378 1292 407 tuendi
1316 378 1451 408 satietas
1476 388 1595 419 capere

855 428 976 460 posset.
1007 421 1121 451 *tueri
1142 419 1271 459 templa
1294 421 1352 450 stc.
1379 421 1503 452 dicitur
1525 430 1595 452 non

857 465 954 495 modo
970 465 1026 504 qui
1042 473 1234 504 supremam
1258 473 1373 493 eornm
1397 475 1510 495 curam
1535 464 1596 495 ha-

856 509 924 546 bet,
941 513 975 538 et
990 512 1083 538 tecta
1097 512 1132 537 ct
1154 512 1245 537 sarta
1267 511 1451 544 conservat,
1468 513 1507 538 ut
1529 508 1596 539 Ro-

858 562 920 583 mae
937 561 1101 582 censores.
1124 550 1204 590 Leg.
1218 550 1264 580 iii.
1278 553 1309 581 3.
1327 554 1454 580 tueneor
1471 551 1598 581 Censo-

858 606 908 626 res
933 596 1021 626 urbis
1047 594 1186 635 templa,
1213 595 1294 632 viaS,
1322 602 1423 634 aquas
1450 594 1509 624 διο.
1538 594 1598 625 sed

857 640 959 670 etiam
985 639 1203 675 redemtores,
1230 638 1285 677 qni
1316 637 1351 667 in
1376 637 1511 677 templis
1538 637 1600 667 ali-
1642 664 1644 667 ,

858 684 937 723 quid
952 682 1221 718 instaurandum,
1236 680 1461 717 sarciendum,
1478 680 1597 711 melius

858 727 1048 758 faciendum
1074 726 1300 756 redemerunt.
1328 725 1421 755 Verr.
1437 725 1459 754 i.
1477 727 1528 755 50.
1554 733 1600 754 ae-

858 770 934 801 dem
967 770 1113 801 Castoris
1144 769 1179 799 P.
1206 768 1329 799 Junius
1358 768 1478 798 hahuit
1505 771 1600 798 tuen-

859 815 948 845 dam.
964 824 1004 844 ex
1021 813 1237 852 sequentibus
1260 816 1372 842 autem
1396 817 1503 852 patet,
1519 821 1599 842 eum

859 857 1032 888 columnas
1049 856 1209 896 quasdam
1235 855 1412 886 redemisse
1431 855 1601 886 aedifican-

860 901 930 932 das.
960 900 1059 933 *Atta
1077 900 1144 930 xiii.
1160 902 1214 934 49.
1237 899 1440 929 beneficium
1455 900 1554 930 tueri.
1577 899 1600 929 i.

860 956 890 976 e.
909 955 968 985 pro
983 954 1022 974 eo
1037 953 1071 974 se
1088 947 1222 983 gratum
1238 943 1388 983 probare.

906 988 1026 1026 Ταίιὶο,
1050 987 1213 1023 defensio,
1236 987 1453 1017 conservatio.
1483 986 1601 1027 Topic.

860 1034 914 1065 23.
940 1039 1062 1062 natura
1075 1030 1178 1061 habet
1197 1030 1278 1061 duas
1295 1035 1420 1071 partes,
1433 1031 1601 1061 tuitionem

861 1077 926 1114 sui,
943 1081 976 1106 et
993 1074 1254 1113 ulciscendijus.

907 1120 1062 1157 Tumere,
1086 1123 1250 1158 aegrotum
1278 1117 1390 1148 animo
1413 1121 1449 1147 et
1471 1120 1605 1158 pertur-

862 1164 978 1194 batum
1009 1172 1091 1193 esse.
1118 1161 1219 1192 Tusc.
1246 1161 1294 1191 iii.
1320 1165 1352 1196 9.
1391 1161 1524 1191 animus
1551 1165 1605 1192 tu-

863 1217 953 1239 mens
969 1208 1004 1237 in
1020 1207 1100 1236 vitio
1122 1211 1185 1236 est.
1213 1205 1372 1245 sapientis
1396 1209 1509 1235 autem
1535 1204 1607 1235 ani-

864 1261 939 1282 mus
954 1259 1086 1291 semper
1104 1255 1201 1280 vacat
1223 1249 1319 1287 vitio,
1335 1258 1509 1288 nunquam
1535 1252 1610 1278 tur·

865 1296 984 1336 gescit,
1007 1302 1180 1333 nunquam
1205 1297 1318 1324 tumet.
1349 1299 1384 1322 at
1408 1293 1512 1322 iratus
1536 1291 1609 1322 ani-

866 1349 940 1370 mus
955 1337 1118 1379 ejusmodi
1136 1340 1198 1375 est,
1214 1338 1275 1366 &c.
1301 1335 1413 1367 Etiam
1429 1335 1544 1367 Livius
1561 1335 1612 1375 di-

866 1383 916 1413 xit
938 1383 978 1413 de
1003 1383 1101 1420 irato,
1119 1381 1230 1411 xxxiii.
1252 1383 1300 1411 11.
1332 1379 1389 1410 ubi
1413 1390 1444 1409 v.
1461 1379 1607 1410 Gronov.

867 1430 902 1457 et
925 1431 1083 1457 tumorem
1106 1425 1146 1455 de
1171 1427 1220 1455 ira
1242 1428 1276 1454 et
1299 1424 1399 1454 minis
1421 1423 1514 1463 Virg.
1530 1423 1608 1454 [ΕΠ.

867 1470 934 1500 viii.
950 1473 1003 1501 40.
1018 1470 1075 1500 ubi
1090 1479 1120 1498 v.
1136 1468 1251 1499 Burm.
1267 1471 1303 1498 et
1319 1466 1435 1497 Heins.
1451 1467 1494 1497 ad
1509 1466 1611 1497 Clau-

868 1514 957 1544 dian.
981 1513 1042 1553 Ep.
1067 1512 1107 1542 ad
1132 1511 1292 1543 Hadrian.
1317 1515 1348 1546 7.
1376 1510 1480 1541 *Atia
1497 1511 1561 1541 xiv.
1576 1513 1611 1541 4.

868 1561 995 1588 tument
1012 1556 1165 1596 negotia:
1191 1555 1224 1586 h.
1242 1566 1271 1585 e.
1288 1555 1469 1585 imminent
1484 1563 1536 1585 res
1551 1564 1611 1585 no—

868 1611 928 1632 vae.
962 1601 1084 1641 Cuper.
1110 1599 1189 1630 obs.
1216 1599 1250 1629 ii.
1277 1601 1308 1630 4.
1346 1599 1609 1638 interpretatur:

870 1655 948 1676 cum
976 1645 1122 1675 maxime
1151 1643 1342 1683 agitantur:
1378 1641 1466 1681 quod
1495 1641 1615 1682 probat

869 1689 1055 1720 Burmann.
1072 1687 1112 1717 ad
1136 1686 1234 1718 Ovid.
1259 1686 1341 1717 Her.
1359 1687 1415 1716 vii.
1435 1687 1506 1717 121.
1538 1685 1613 1716 Me·

870 1732 935 1763 lius
959 1731 1164 1763 Menkenius
1187 1730 1266 1761 obs.
1289 1729 1329 1760 L.
1352 1730 1392 1761 L.
1411 1739 1444 1770 p.
1467 1731 1543 1764 988.
1566 1739 1612 1760 ae—

871 1780 1020 1816 grotant,
1037 1776 1181 1816 pessime
1196 1784 1230 1804 se
1246 1774 1384 1804 habent.
1407 1783 1438 1803 v.
1453 1777 1580 1804 tumor.

915 1819 1054 1858 Tumor,
1077 1818 1117 1849 de
1141 1817 1246 1848 animi
1270 1818 1376 1848 luctu.
1406 1816 1545 1847 Tuscul.
1564 1817 1613 1848 iii.

875 1865 925 1896 1⁶2.
957 1873 1034 1894 cum
1058 1867 1169 1893 tumor
1192 1862 1295 1891 animi
1315 1860 1502 1891 resedisset.
1533 1860 1614 1891 ibid.

872 1911 924 1939 31.
948 1915 1022 1937 erat
1037 1907 1073 1936 in
1090 1910 1216 1936 tumore
1229 1906 1374 1935 animus.
1401 1903 1480 1935 ibid.
1497 1904 1540 1935 iv.
1558 1906 1614 1939 29.

872 1954 1022 1982 recentes
1039 1950 1132 1990 quasi
1148 1954 1289 1980 tumores
1311 1948 1425 1979 animi.
1455 1947 1475 1966 ²*
1487 1957 1537 1978 res
1554 1956 1615 1978 no—

873 2004 921 2025 vae
937 1995 1164 2025 imminentes.
1186 1993 1257 2024 Att.
1270 1993 1334 2022 xiv.
1348 1995 1378 2023 5.
1401 2001 1513 2022 meam
1529 1991 1616 2022 stul-

871 2046 943 2069 tam
968 2037 1216 2075 verecundiam,
1241 2037 1298 2076 qui
1320 2036 1424 2076 legari
1446 2034 1614 2066 noluerim

873 2088 951 2113 ante
979 2091 1030 2112 res
1056 2081 1214 2122 prolataS,
1240 2089 1282 2110 ne
1308 2079 1458 2110 deserere
1483 2079 1617 2110 viderer

872 2126 964 2156 hunc
980 2130 1140 2157 tumorem
1157 2133 1284 2161 rerum,
1299 2124 1351 2153 eui
1375 2127 1466 2154 certe
1488 2123 1517 2153 si
1539 2132 1616 2164 pos-

873 2179 943 2200 sem
960 2169 1099 2207 mederi,
1115 2168 1227 2198 deesse
1242 2176 1310 2197 non
1324 2167 1491 2197 deberem.

918 2212 1148 2250 Tumultuari,
1170 2210 1352 2251 trepidare,
1378 2215 1475 2241 motu
1503 2209 1617 2250 aliquo

875 2258 979 2288 animi
995 2256 1194 2297 perturbari.
1225 2255 1304 2294 Agr.
1320 2254 1355 2285 ii.
1372 2257 1424 2288 37.
1452 2253 1509 2294 qui
1525 2263 1615 2295 saepe

876 2305 910 2332 et
924 2302 996 2332 sine
1012 2309 1113 2331 causa
1129 2299 1323 2330 tumultuer.
1348 2298 1412 2329 Off.
1429 2299 1451 2328 i.
1466 2299 1520 2329 23.
1547 2307 1616 2328 non

876 2344 1065 2386 perturbari
1098 2343 1195 2374 rebus
1230 2342 1366 2382 asperis,
1397 2351 1459 2372 nec
1489 2343 1619 2372 tumul-

878 2393 1028 2419 tuantem
1056 2387 1097 2418 de
1129 2386 1235 2427 gradu
1263 2386 1375 2424 dejici,
1405 2389 1446 2416 ut
1482 2383 1620 2418 dicitur.

879 2432 961 2463 Coel.
982 2435 1032 2463 15.
1065 2430 1145 2470 quid
1167 2429 1409 2460 tumultuaris?
1437 2428 1518 2468 quid
1531 2429 1621 2459 insa-

879 2477 953 2506 nis?
987 2475 1068 2515 quid
1091 2473 1236 2504 clamore
1259 2482 1388 2510 exorsa,
1407 2472 1528 2510 verbis,
1547 2482 1622 2513 par-

880 2529 956 2550 vam
984 2528 1068 2557 rem,
1098 2526 1256 2557 magnam
1285 2516 1390 2547 sacis?
1423 2515 1466 2546 cf.
1493 2515 1624 2547 tumul-

880 2568 948 2594 tuS.

927 2605 1114 2637 Tumultus.
1137 2602 1223 2634 Phil.
1239 2603 1305 2634 viii.
1326 2606 1353 2634 l.
1369 2606 1480 2644 potest
1495 2601 1624 2634 bellum

883 2659 953 2681 esse
963 2650 1034 2680 sine
1044 2649 1189 2680 tumultu
1197 2661 1208 2680 ,·
1225 2649 1387 2678 tumultus
1395 2657 1465 2678 esse
1475 2647 1546 2678 sine
1556 2645 1628 2676 bel-

884 2693 916 2724 lo
929 2702 995 2723 non
1008 2696 1130 2732 potest.
1146 2690 1227 2731 quid
1237 2695 1287 2722 est
1299 2692 1388 2721 enim
1400 2690 1492 2722 aliud
1502 2691 1628 2721 tumul-

885 2741 952 2775 tus,
969 2736 1032 2766 nisi
1049 2735 1257 2777 perturbatio
1276 2739 1387 2773 tanta,
1404 2738 1443 2765 ut
1462 2735 1569 2774 maj0r
1584 2734 1629 2763 ti-

887 2789 960 2810 mor
972 2779 1120 2810 oriatur?
1139 2777 1229 2810 unde
1240 2780 1343 2810 etiam
1354 2787 1476 2809 nomen
1486 2777 1628 2808 ductum

888 2828 941 2855 est
970 2824 1144 2860 tumultus.
1184 2823 1320 2864 (nempe
1350 2831 1418 2852 non
1448 2831 1469 2852 a
1495 2821 1633 2858 timore,

891 2867 949 2899 secl
973 2871 1160 2941 altumore,
1180 2866 1237 2908 qui
1259 2871 1311 2898 est
1333 2875 1445 2897 rerum
1469 2872 1631 2897 novarum

959 2918 981 2942 Η
1010 2920 1023 2941 ι
