1790 3219
134 75 217 113 426

136 169 383 201 ambulantium
411 168 606 208 alligantur,
633 178 675 199 ne
706 169 775 199 vari
803 177 862 199 aut

137 223 332 254 compernes
349 213 444 251 fiant,
463 213 545 243 dicti
561 221 581 243 a
593 213 748 253 sirpando
761 225 770 242 .-
786 212 819 243 h.
837 222 866 242 e.

137 257 273 298 ligando
287 269 295 288 ·.
320 257 408 288 uude
423 257 559 297 sirpulae
578 257 667 297 apud
681 257 866 287 Varronem

138 301 179 332 de
191 302 231 332 L.
248 301 287 333 L.
311 300 391 332 Ideo
412 300 552 331 fortasse
575 300 788 331 scribendum
804 300 867 330 sir-

132 346 296 385 pirasaera.

141 392 237 419 notat
262 389 402 429 leg-atos,
440 393 634 428 quaestores,
660 388 813 418 tribunos
833 392 867 416 et

139 432 221 463 alios
237 443 318 473 quos
335 442 450 463 secum
467 432 619 469 duxerat,
631 440 775 471 quorum
791 439 868 469 ope·-

142 487 180 507 ra
205 478 240 507 in
272 476 455 507 coercendo
482 476 631 506 exercitu
662 481 697 504 et
723 473 869 513 regenda

141 521 312 561 provincia
327 521 494 550 utebatur.
506 529 561 549 eos
574 518 724 548 audierat
737 517 869 547 Atticus

147 565 292 604 pessime
309 574 343 594 se
360 573 473 603 gerere
489 575 494 592 :
521 562 595 592 ide-o
619 562 798 601 scripserat
815 561 869 590 Ci-

141 617 231 647 cero,
246 618 280 639 se
296 607 418 638 dolere.
443 606 514 637 haec
529 605 647 636 Bosius
673 608 761 634 recte
777 603 818 633 ad
836 603 870 633 h.

187 695 335 736 Sei-pere.
359 694 415 724 Or.
434 694 468 723 ii.
487 695 539 723 50.
562 691 687 721 dicitur
703 690 743 721 de
759 695 870 721 orato-

147 749 196 776 re,
210 740 266 778 qui
285 737 493 778 pedetentim
510 735 552 766 ad
568 745 704 765 causam
721 738 872 764 tractan-

143 783 219 813 dam
234 782 374 819 accedit,
391 779 676 820 quemadmodum
693 779 762 818 ipse
777 778 870 808 Cice-

143 836 180 857 ro
196 826 277 856 feeit
301 826 336 855 in
358 824 497 863 Agraria
523 822 680 853 secunda.
704 822 722 841 ᾗ
737 821 796 859 ali,
812 832 871 851 au-

145 870 226 910 geri.
250 868 342 899 verr.
371 868 416 898 iii.
444 867 497 901 76.
530 867 629 906 serpit
655 867 797 896 insitum
835 866 870 894 in

144 918 266 944 natura
282 912 420 942 malum.
449 910 469 929 ⁷*
486 910 646 941 dicuntur
661 920 714 947 ea,
730 918 804 948 quae
821 909 873 939 iu-

143 957 354 993 crebescunt,
381 954 575 995 vulgantur,
599 954 740 984 ulterius
756 962 872 992 proee-

144 1001 242 1031 dunt.
270 1001 304 1030 in
339 999 451 1029 Caecil.
487 1000 540 1029 21.
570 998 671 1037 serpit
697 1007 736 1027 ac
763 996 874 1036 prodit

344 345 418 376 Hoc
443 345 721 375 autem‘nomine
748 344 865 374 Cicero

143 1043 361 1074 consuetudo.
389 1043 502 1073 Rabir.
518 1042 607 1071 Post.
634 1042 664 1072 6.
687 1042 787 1080 serpit
804 1049 875 1070 ma·
899 1068 903 1074 ,

144 1087 227 1118 lum.
242 1088 284 1118 cf.
299 1088 371 1118 Att.
388 1087 409 1117 i.
432 1090 480 1118 13.
495 1085 567 1116 Fin.
585 1085 619 1115 ii.
637 1087 685 1115 14.
710 1084 754 1114 ib.
772 1094 802 1113 v.
819 1085 872 1114 23.

143 1132 284 1162 societas
299 1133 399 1171 seopz't
411 1130 533 1160 sensim
545 1129 646 1167 foras,
664 1127 874 1168 cognationi-

145 1176 205 1206 bus
223 1176 371 1215 primum
385 1175 445 1204 διο.

188 1220 344 1256 Servare,
369 1226 573 1248 conservare.
597 1216 639 1246 ad
661 1216 739 1246 Div.
765 1226 796 1246 v.
821 1216 874 1246 20.

145 1273 222 1293 cum
233 1263 375 1303 populus
386 1271 484 1292 suum
494 1264 650 1291 servaret.
667 1259 824 1289 *servare
834 1258 874 1288 de

144 1306 227 1337 coelo
243 1311 293 1337 est
309 1315 489 1345 augurum.
512 1305 612 1334 Dom.
636 1306 684 1334 15.
709 1302 823 1332 Vatin.
841 1306 873 1336 7.

142 1350 258 1382 Divin.
285 1351 319 1380 ii.
351 1353 403 1381 35.
441 1359 470 1378 v.
497 1348 529 1377 in
563 1347 637 1377 lud.
666 1347 772 1385 Legg.
803 1346 872 1376 Lex

143 1394 243 1431 AEha,
267 1394 323 1424 ubi
352 1391 574 1429 ostendimus,
591 1391 676 1421 hane
694 1390 874 1420 formulam

142 1442 279 1468 tantum
297 1447 366 1467 esse
385 1436 582 1476 capiendam
608 1434 648 1464 de
664 1434 875 1464 fulminibus.

143 1482 195 1512 Ad
207 1481 240 1511 id
255 1479 524 1511 confirmandum
537 1479 689 1518 inprimis
706 1477 789 1508 illud
801 1488 874 1517 per-

142 1526 243 1562 tinet,
269 1525 358 1564 quod
373 1524 487 1554 Divin.
503 1522 537 1552 ii.
559 1525 606 1553 18.
641 1522 757 1552 scribit
779 1521 873 1551 Cice-

145 1578 181 1599 ro
195 1582 201 1599 :
229 1568 451 1599 Comitiorum
479 1566 588 1596 solum
605 1566 725 1600 vitium
742 1569 793 1595 est
809 1564 874 1595 ful-

144 1622 234 1643 men.
270 1612 336 1652 Qui
353 1621 432 1650 ergo
449 1610 488 1640 de
503 1609 584 1639 coelo
601 1614 746 1645 servant,
764 1612 803 1639 ut
821 1618 874 1638 co-

146 1656 241 1687 mitia
265 1655 465 1696 impediant,
494 1653 578 1683 nihil
601 1652 691 1683 aliud
718 1653 780 1682 nisi
810 1651 876 1682 ful-

145 1710 224 1730 men
250 1703 310 1730 aut
335 1699 465 1729 tonitru
496 1698 685 1727 observant.
710 1695 816 1725 *Ate
845 1706 874 1726 v.

150 1747 199 1778 17.
222 1744 337 1783 paucis
359 1742 474 1772 diebus
498 1740 661 1770 habebam
683 1744 791 1769 certos
818 1739 878 1769 ho-

146 1788 268 1825 mines,
281 1787 400 1826 quibus
418 1785 530 1815 darem
548 1784 680 1814 literas:
706 1784 820 1822 itaque
838 1793 877 1813 eo

146 1841 199 1861 me
215 1831 343 1861 servavi
358 1842 367 1858 :
392 1830 413 1859 i.
428 1839 457 1859 e.
474 1828 616 1859 seribere
633 1827 761 1858 distuli.
780 1829 798 1848 f*
812 1827 877 1858 Off.

145 1875 191 1904 iii.
206 1877 260 1909 99.
282 1883 413 1904 servare
429 1872 529 1903 fidem
548 1881 624 1901 cum
642 1871 748 1901 hoste.

189 1918 337 1949 Servili&
351 1917 408 1947 Or.
426 1917 459 1947 ii.
476 1920 528 1948 80.
540 1916 663 1946 servilis
679 1920 879 1954 percuncta-

147 1963 207 2000 tio,
223 1966 286 2000 est,
305 1971 382 1992 cum
413 1971 430 1990 e
454 1959 556 1991 servis
584 1959 710 1998 aliquid
735 1967 879 1998 percun-

145 2010 288 2036 ctamur.

191 2049 334 2088 Ser-vire,
351 2049 390 2079 de
409 2047 547 2079 aedibus.
570 2048 628 2078 Or.
645 2047 666 2076 i.
686 2049 738 2081 39.
764 2056 795 2076 v.
810 2055 880 2076 ser-

145 2094 245 2124 vitus.

191 2137 355 2174 Servitus,
381 2136 523 2166 honesto
549 2144 648 2164 sensu
679 2138 730 2163 est
761 2133 877 2164 Plane.

145 2184 197 2211 30.
212 2181 311 2211 officii
328 2181 520 2211 servitutem
535 2178 744 2217 adstringere
761 2177 878 2207 vincu-

148 2224 179 2254 lo
195 2225 413 2265 sempiterno.
437 2223 456 2241 ²*
473 2223 508 2253 in
519 2222 597 2261 jure
613 2227 665 2251 est
679 2221 817 2258 aedium,
843 2227 878 2250 et

145 2268 341 2306 fundorum,
358 2278 383 2298 s.
400 2271 441 2297 ut
452 2267 487 2297 in
498 2267 576 2305 jure
593 2270 658 2304 est,
674 2264 874 2305 praediorum

146 2312 350 2343 urbanorum
367 2315 402 2341 et
418 2311 631 2341 rusticorum.
656 2309 792 2340 AEdium
810 2318 879 2338 ser-

145 2357 233 2386 vitus
249 2360 313 2393 est,
330 2365 408 2386 cum
431 2355 540 2384 vicino
549 2353 606 2393 jus
623 2356 674 2383 est
689 2352 789 2382 altius
810 2352 876 2382 tol-

146 2399 255 2430 lendae.
285 2399 404 2429 (lomus
435 2407 518 2436 suae,
558 2396 721 2427 stillicidii
754 2397 789 2426 in
820 2405 875 2425 eas

146 2444 330 2481 avertendi,
358 2442 479 2473 cloacae
517 2440 755 2477 immittendae,
786 2439 874 2479 tigni

146 2487 366 2524 immittendi,
394 2490 589 2526 prospectus
614 2483 760 2514 faciendi
786 2483 845 2513 διο.
866 2495 872 2513 :

146 2530 327 2561 fundorum
355 2537 483 2567 autem,
508 2538 585 2559 cum
611 2528 742 2558 vicinus
773 2526 874 2557 hahet

139 2577 198 2613 jus
216 2575 344 2604 itineris
366 2584 426 2614 per
452 2582 521 2610 eos,
539 2572 612 2609 viae,
639 2570 872 2610 aquaeductus,

147 2619 287 2648 haustus
303 2627 412 2656 aquae,
424 2616 553 2657 pecoris
566 2616 609 2646 ad
620 2624 741 2654 aquam
759 2614 874 2654 appel·

146 2661 251 2698 lendi,
265 2661 421 2701 pascendi
438 2661 499 2690 &c.
516 2659 556 2690 de
572 2659 691 2699 quibus
706 2659 871 2688 servituti-

148 2707 205 2736 bus
216 2710 267 2734 est
278 2705 313 2734 in
325 2704 483 2743 Digestis.
506 2703 547 2743 Ω.
560 2703 611 2733 Fr.
622 2703 669 2733 iii.
684 2705 712 2733 1.
723 2712 751 2732 c.
762 2704 792 2732 2.
803 2712 872 2733 ser-

144 2751 281 2780 vitutem
304 2747 409 2777 fundo
432 2748 616 2786 imponere.
646 2747 716 2777 Att.
741 2756 793 2776 xv.
818 2746 871 2776 26.

145 2802 268 2834 paucos
286 2790 448 2832 specusin
464 2794 615 2820 extremo
628 2790 746 2828 fundo,
763 2793 798 2819 et
814 2798 870 2819 eos

145 2837 287 2877 quidem
311 2835 546 2865 subterraneos
580 2835 746 2864 servitutis
772 2837 872 2873 putat

145 2880 272 2922 aliquid
285 2879 458 2911 habituros
473 2891 479 2909 :
504 2877 538 2908 h.
555 2887 584 2908 e.
601 2877 728 2917 aliquid
742 2878 868 2908 incom-

653 79 798 108 lNDEX
829 77 1127 108 LATINITATIS.

907 166 996 196 modi
1019 171 1054 197 et
1070 164 1242 196 servitutis
1269 164 1344 203 sibi,
1369 165 1491 204 vicino,
1516 164 1637 196 allatu·

912 220 976 241 ros,

956 253 1086 284 Servus.
1104 252 1168 292 adj.
1192 251 1271 292 Agr.
1289 253 1334 282 iii.
1351 254 1380 284 2.
1405 252 1530 293 praedia
1543 262 1638 284 serva

910 296 1069 327 -libera
1093 306 1189 328 serva
1203 301 1296 334 sunt,
1321 296 1354 327 in
1371 296 1492 336 quibus
1507 299 1558 327 est
1573 306 1639 329 ser-

911 341 1011 370 vitus.

956 383 1087 414 Servus.
1122 383 1253 414 Verrin.
1282 384 1316 414 ii.
1343 387 1396 418 77.
1429 384 1513 414 servi
1536 383 1640 414 socie-

910 427 1003 464 tatis,
1035 431 1115 457 sunt
1145 428 1290 458 ministri
1315 426 1573 467 publicanorum
1604 427 1640 458 in

912 470 1095 510 provincia,
1123 471 1180 510 qui
1207 472 1406 511 portorium,
1426 471 1641 512 scripturam,

913 514 1071 543 decumas
1100 514 1254 553 exigunt,
1283 520 1318 545 et
1349 515 1496 545 rationes
1536 514 1641 545 confi-

914 558 1021 587 ciunt.
1048 556 1131 586 Phil.
1148 558 1215 587 viii.
1231 562 1262 589 8.
1285 560 1369 589 servi
1384 558 1522 599 publici.

959 599 1083 640 Sesqui.
1106 600 1199 630 Orat.
1227 603 1279 632 56.
1305 609 1356 632 est
1379 604 1552 632 contracte
1583 610 1644 640 pro

913 645 1080 683 semisque.
1097 643 1156 673 sed
1181 644 1305 675 dicitur
1328 647 1432 685 sesqui
1447 655 1507 686 pro
1523 655 1643 686 sesque,

915 693 955 717 ut
972 687 1043 717 heri
1061 697 1120 727 pro
1143 687 1234 717 here.
1269 687 1306 718 ld
1322 690 1460 719 verbum
1488 699 1566 720 cum
1587 688 1644 719 ad-

910 732 1068 771 jungitur
1092 730 1191 761 alicui
1217 732 1410 770 quantitati,
1427 742 1468 762 ea
1492 742 1568 763 cum
1597 732 1647 762 di-

916 775 1020 806 midia
1042 779 1138 815 parte
1167 774 1387 814 intelligenda
1412 782 1474 806 est.
1500 777 1548 806 sie
1577 775 1599 806 l.
1615 786 1646 806 c.

915 820 1106 858 sesquipoeon
1130 821 1182 848 est
1203 828 1299 859 paeon
1327 829 1414 850 unus
1441 829 1520 850 cum
1548 819 1646 849 dimi-

916 862 981 892 dio.
998 863 1044 892 sie
1069 872 1150 903 cape
1176 864 1436 902 sesquimodium,
1451 863 1649 904 sesquiterti-

919 915 977 936 um
993 908 1053 936 διο.

965 949 1089 981 Seselz's.
1114 949 1195 980 Nat.
1224 949 1268 980 D.
1299 951 1334 991 ii.
1363 953 1414 982 50.
1438 950 1556 989 herba,
1582 959 1648 990 qua

919 1003 1025 1023 cervae
1043 998 1121 1024 ante
1136 997 1271 1034 partum
1289 1004 1324 1024 se
1339 998 1496 1035 purgant.

965 1036 1079 1074 Sessio,
1096 1037 1203 1074 sedes,
1218 1047 1407 1068 scamnum.
1430 1039 1488 1069 Or.
1506 1038 1541 1068 ii.
1558 1041 1590 1069 5.

965 1079 1142 1110 Sestertius
1153 1093 1163 1110 .·
1176 1081 1237 1111 int.
1254 1091 1390 1120 numus,
1407 1082 1495 1121 quod
1510 1082 1649 1112 verbum

919 1124 1090 1154 interdum
1111 1124 1281 1164 adjicitur,
1298 1130 1336 1155 ut
1350 1126 1463 1157 Rabir.
1489 1126 1577 1156 Post.
1600 1128 1648 1159 17.

919 1167 1024 1198 valuit
1053 1168 1162 1208 primo
1182 1169 1260 1199 duos
1286 1179 1371 1200 asses
1394 1180 1471 1200 cum
1504 1169 1650 1206 dimidio,

920 1212 1039 1242 deinde
1056 1216 1197 1252 quatuor
1212 1222 1296 1243 asses
1309 1225 1318 1241 :
1353 1218 1393 1244 ut
1408 1213 1577 1249 denarius,
1592 1213 1650 1252 qui

921 1260 1064 1295 quatuor
1081 1257 1251 1286 sestertios
1279 1257 1448 1296 aequabat,
1470 1257 1579 1296 primo
1594 1256 1651 1286 de-

920 1309 1006 1336 cem,
1023 1304 1098 1339 post
1113 1299 1259 1330 sedecim
1275 1310 1364 1331 asses
1379 1300 1509 1331 habuit.
1527 1300 1652 1331 Sester-

920 1344 1004 1373 tium
1021 1349 1149 1380 autem,
1179 1344 1213 1373 in
1231 1354 1296 1383 quo
1313 1344 1573 1384 intelligendum
1598 1347 1650 1374 est

913 1387 1030 1427 pondo,
1056 1388 1210 1426 aequabat
1235 1389 1328 1419 mille
1345 1389 1566 1419 sestertiorum
1590 1397 1652 1418 nu-

920 1441 1045 1461 merum
1063 1441 1243 1461 summam.
1299 1432 1387 1462 Nam
1407 1433 1564 1472 quoniam
1583 1431 1654 1461 sin·

920 1474 990 1513 guli
1017 1484 1104 1505 asses
1131 1480 1211 1505 sunt
1235 1475 1277 1505 ad
1293 1475 1413 1506 libram
1440 1476 1585 1516 argenti,
1611 1477 1653 1505 ut

920 1528 1025 1548 unum
1040 1518 1082 1548 ad
1095 1518 1204 1548 mille:
1222 1518 1255 1549 h.
1272 1528 1301 1549 e.
1314 1520 1472 1559 quoniam
1487 1529 1554 1550 una
1569 1518 1656 1550 libra

920 1562 1049 1600 argenti
1067 1565 1179 1601 aequat
1206 1562 1297 1592 mille
1317 1564 1441 1593 assium
1468 1572 1651 1600 summam,

920 1606 1114 1636 sestertium
1146 1606 1300 1646 pondus:
1334 1607 1367 1637 h.
1396 1617 1424 1637 e.
1453 1607 1528 1638 duae
1559 1606 1652 1637 librae

922 1659 998 1679 cum
1023 1649 1174 1686 dimidia,
1190 1651 1294 1680 etiam
1318 1651 1366 1681 bis
1389 1650 1482 1681 mille
1506 1655 1541 1681 et
1556 1651 1655 1690 quin-

922 1698 1040 1731 gentos
1079 1702 1166 1723 asses
1208 1694 1376 1732 aequarint
1412 1703 1546 1725 necesse
1591 1696 1653 1724 est.

921 1736 1077 1768 Teneant
1098 1741 1212 1767 autem
1228 1737 1355 1768 tirones
1378 1738 1463 1769 hoc:
1499 1738 1586 1769 Cum
1606 1738 1655 1768 sic

922 1780 1066 1810 dicitur:
1085 1780 1313 1820 quadraginta
1341 1783 1447 1813 millia
1468 1790 1522 1813 Hs.
1537 1786 1598 1812 aut
1612 1781 1657 1811 si-

924 1824 994 1853 mili
1013 1823 1112 1854 modo
1130 1824 1164 1853 in
1182 1824 1253 1855 aliis
1271 1826 1433 1864 numeris,
1450 1825 1654 1866 capiendum

922 1873 973 1897 est
989 1867 1028 1897 de
1041 1868 1155 1898 numis
1167 1869 1343 1906 sestertiis,
1358 1874 1394 1900 et
1418 1877 1472 1901 Hs.
1489 1872 1541 1900 est
1560 1869 1657 1909 geni-

924 1912 1012 1942 tivus
1033 1911 1182 1952 pluralis.
1199 1912 1262 1943 Pro
1279 1923 1319 1943 eo
1334 1913 1400 1944 dici
1412 1914 1516 1944 etiam
1542 1917 1657 1954 potest

923 1955 1149 1995 quadraginta
1159 1958 1316 1987 sestertia.
1325 1957 1389 1987 Sed
1401 1967 1478 1988 cum
1488 1957 1613 1991 dicitur
1623 1966 1656 1987 v.

924 2010 952 2029 c.
970 2000 1170 2039 quadragies
1185 2002 1382 2039 sestertium,
1392 2001 1502 2041 primo
1517 2001 1658 2031 sesterti-

924 2052 981 2073 um
994 2047 1045 2073 est
1054 2043 1280 2074 nominativus
1293 2050 1354 2075 aut
1369 2045 1577 2076 accusativus
1585 2045 1655 2075 sin-

926 2086 1050 2125 gularis
1066 2088 1198 2117 numeri
1217 2099 1227 2126 ;
1244 2088 1364 2119 deinde
1388 2094 1441 2119 est
1463 2087 1658 2128 compendi-

924 2130 994 2160 aria
1002 2131 1140 2168 locutio,
1154 2141 1213 2172 pro
1227 2133 1427 2171 qtmdragies
1437 2137 1572 2163 centena
1583 2132 1658 2162 mil—

923 2175 972 2204 lia
985 2176 1177 2206 sestertium.
1200 2175 1290 2206 Nam
1303 2176 1404 2207 decies
1410 2177 1595 2207 sestertium
1606 2174 1656 2206 di-

923 2218 1044 2248 cebant
1059 2229 1119 2260 pro
1135 2218 1237 2250 decies
1253 2225 1388 2250 centena
1411 2221 1518 2251 millia
1543 2222 1659 2250 sester-

922 2263 1057 2300 tiorum,
1074 2266 1108 2292 et
1137 2262 1184 2293 sie
1210 2263 1246 2294 in
1272 2263 1418 2303 reliquis.
1464 2265 1554 2304 Ergo
1576 2272 1658 2303 qua-

921 2306 1057 2345 dragies
1072 2307 1256 2338 sestertium
1282 2307 1372 2338 idem
1388 2312 1454 2346 est,
1471 2307 1560 2348 quod
1573 2315 1656 2348 qm—

920 2350 1054 2388 dragies
1080 2354 1216 2381 centena
1240 2353 1347 2382 millia
1360 2353 1580 2382 sestertimum
1595 2359 1658 2381 nu—

920 2403 1049 2425 morum
1065 2404 1091 2425 s.
1117 2398 1234 2434 quater
1260 2397 1380 2426 millies
1405 2397 1495 2426 mille
1515 2394 1656 2425 sestertii

918 2439 1024 2468 numi.
1080 2438 1162 2469 Haec
1193 2439 1261 2469 late
1291 2442 1327 2469 et
1354 2439 1487 2470 erudite
1516 2438 1657 2469 demon-

917 2482 1039 2512 stravit
1061 2481 1206 2512 Gronov.
1221 2482 1262 2513 de
1278 2483 1417 2514 Sestert.
1436 2483 1458 2513 l.
1488 2483 1510 2514 i.
1524 2483 1613 2523 inpr.
1630 2491 1659 2512 c.

916 2527 946 2555 4.
972 2525 1138 2566 Exempla
1152 2526 1330 2566 utriusque
1355 2527 1500 2556 nominis
1533 2529 1569 2555 et
1591 2525 1660 2555 for-

917 2578 1049 2599 marum
1065 2569 1226 2608 loquendi
1241 2571 1372 2606 afferre,
1387 2571 1548 2609 quoniam
1569 2578 1657 2609 saepe

915 2613 950 2642 in
975 2613 1148 2644 Ciceronis
1173 2612 1265 2644 libris
1282 2617 1477 2651 occurrunt,
1495 2613 1582 2643 nihil
1608 2616 1660 2643 at·

912 2657 1014 2687 tinet.

959 2700 1085 2731 Severe.
1117 2700 1182 2731 Off.
1199 2700 1234 2730 ii.
1252 2703 1282 2731 3.
1314 2710 1421 2730 seve-re
1444 2703 1478 2730 et
1500 2699 1661 2730 honeste:

915 2743 954 2774 dc·
971 2743 1190 2784 philosophis,
1206 2744 1264 2783 qui
1286 2743 1472 2774 utilitatem
1496 2744 1538 2774 ab
1556 2743 1660 2774 hone-

913 2791 1001 2818 state
1033 2797 1102 2818 non
1127 2788 1323 2827 sejungunt.
1370 2787 1586 2818 Contrarium
1609 2790 1661 2817 est

914 2831 1074 2869 molliter,
1090 2832 1239 2861 remisse.
1262 2831 1320 2861 ubi
1335 2840 1367 2862 v.

958 2875 1134 2913 severitas,
1150 2874 1290 2915 justitia
1296 2875 1453 2915 judicum
1465 2874 1502 2904 in
1511 2882 1660 2915 pronun-
