1790 3219
331 63 346 82 ³
558 63 704 94 mnu
734 61 870 91 LATIN
876 62 1032 93 frans.

53 151 106 185 rr.
121 153 155 186 u.
174 155 224 186 15.
241 152 289 185 M.
304 152 423 185 Curtio
445 153 651 184 mbunatun·
676 160 696 181 a
719 150 792 180 Cae·

45 206 120 228 nare
143 198 246 238 petivi
273 200 365 239 (uam
395 196 567 229 Domitius
588 203 624 224 se
646 192 788 224 derideri

47 247 213 280 putasset,
238 241 265 272 si
295 244 383 271 esset
411 250 431 270 a
463 249 516 270 me
545 241 700 277 rogatus:
726 235 788 266 boc

45 284 138 314 enim
163 288 214 315 est
233 286 304 324 ejus
334 283 579 323 quotidianum,
604 290 638 310 se
663 289 704 310 ne
729 281 789 309 tri-

46 326 173 358 bunum
199 329 271 359 mil.
297 327 432 367 quidem
463 325 592 356 facere:
618 324 720 353 etiam
753 323 788 353 in

44 379 166 402 uenatu
182 370 262 402 lusit
274 370 419 411 Appium
437 367 622 406 collegam,
636 375 787 406 propter-

46 423 87 443 ea
103 415 166 445 isse
189 414 231 445 ad
256 415 435 449 cesarem,
452 418 490 442 ut
513 411 657 450 aliquem
682 412 787 440 trabu-

45 463 163 489 namn·
179 458 338 495 auferret)
356 455 414 486 sed
438 455 470 484 in
487 454 631 484 alterum
647 463 785 484 annum.

48 501 77 531 A
94 500 218 542 populo
232 505 361 531 creatos
379 499 542 529 innuitur.
569 498 642 528 Act.
661 498 681 527 i.
694 498 786 527 verr.

48 547 98 575 10.
114 549 182 575 tres
197 544 245 581 hi,
261 544 413 574 homines
431 547 571 578 veteres,
586 542 711 571 tribuni
725 541 786 570 mi-

43 587 158 619 litares
172 591 252 618 sunt
274 587 454 625 designati,
471 596 511 615 ex
533 585 607 615 Kal.
623 585 701 615 dan.
718 594 785 614 non

37 630 252 671 judicabunt.
299 630 350 660 De
376 629 437 659 hac
454 639 488 659 re
506 629 690 659 adscribam
706 628 788 658 tiro·

43 683 125 705 num
142 683 244 704 causa
258 673 369 704 locum
386 673 520 703 Asconii
537 672 579 702 ad
595 671 616 702 i.
635 683 663 702 c.
681 672 784 701 tribu-

41 726 161 748 norum
186 717 255 748 mil.
271 717 337 747 duo
360 726 484 756 genera
505 724 604 746 sunt:
636 715 782 755 primum

41 770 173 798 eorum,
189 761 246 799 qui
269 760 384 792 Rufuli
410 760 582 796 «licuntur,
599 758 638 788 de
663 759 782 797 quibus

41 803 157 836 Festus
189 805 223 834 in
250 804 283 837 b.
308 815 356 835 v.:
387 803 421 834 hi
447 804 481 834 in
504 803 654 832 exercitu
677 802 782 831 creari

39 847 168 878 solent:
197 848 254 878 alii
277 852 358 878 sunt
382 846 567 883 comitiam,
584 845 641 885 qui
665 844 780 875 Romae

40 891 188 922 comitiis
214 892 443 932 designantur.
488 889 552 919 Sed
581 889 621 919 de
653 888 714 918 hac
746 899 780 918 re

38 935 104 966 vid.
129 945 148 964 e
169 934 265 966 Livio
287 934 427 974 aliisque
449 932 579 963 erudite
606 932 780 972 disputan-

37 983 109 1009 tem
127 977 276 1019 Lipsium
294 977 394 1008 Milit.
407 977 503 1008 Rom.
515 977 538 1006 ii
550 980 591 1010 ,9.
617 975 657 1006 In
674 986 713 1006 eo
727 986 781 1006 va-

38 1022 164 1052 riatum
187 1031 271 1059 esse,
293 1026 331 1052 ut
353 1031 431 1052 mox
453 1020 577 1051 tribuni
600 1029 619 1050 a
642 1019 778 1059 populo,

35 1075 114 1096 mox
147 1065 189 1096 ab
224 1066 424 1106 imperatore
462 1070 668 1100 crearentur,
701 1073 777 1093 mox

35 1109 196 1146 universi,
211 1118 289 1140 mox
313 1119 371 1149 pro
393 1111 500 1148 parte,
521 1107 601 1138 locis
624 1106 777 1147 plurimis

35 1150 123 1183 Livii
145 1156 250 1192 patet.
282 1163 312 1182 v.
335 1152 436 1183 xxvii.
459 1153 512 1182 36.
538 1150 606 1181 xlii.
623 1154 675 1181 31.
694 1150 775 1180 xliii.

38 1197 88 1227 12.
105 1195 183 1227 xliv.
199 1197 251 1228 21.
294 1199 325 1228 3.
341 1196 463 1226 tribuni
479 1195 597 1225 aerarii.
617 1193 728 1224 Plane.
745 1197 776 1224 3.

33 1243 116 1270 sunt
139 1239 264 1270 ordinis
293 1239 424 1280 plebeii.
462 1239 575 1278 itaque
599 1247 675 1268 cum
700 1237 774 1277 lege

31 1282 170 1314 Aurelia
185 1283 316 1322 judicia
337 1293 415 1314 cum
432 1283 587 1312 omnibus
603 1281 773 1311 ordinibus

33 1327 284 1358 communicata
307 1331 431 1364 essent,
459 1325 498 1356 de
525 1325 620 1366 plebe
641 1324 773 1362 judica-

30 1374 113 1401 runt
134 1372 259 1401 tribuni
280 1371 400 1402 aerarii.
431 1369 473 1399 ad
493 1369 534 1409 Ω.
552 1368 603 1399 Fr.
619 1369 653 1398 ii.
671 1368 702 1399 6.
722 1369 770 1399 16.

31 1414 104 1446 Att.
121 1415 144 1445 i.
162 1414 210 1445 16.
227 1414 291 1444 Per
305 1423 361 1444 eos
376 1412 538 1444 militibus
554 1413 698 1453 pecunia
712 1412 771 1442 sti-

31 1457 231 1498 pendiorum
255 1457 507 1492 numerabatur,
522 1462 561 1486 ut
584 1461 634 1486 est
653 1464 772 1486 auctor

30 1501 159 1533 Festus.
203 1501 244 1532 In
267 1510 383 1532 eorum
405 1500 541 1530 nomine
558 1499 665 1529 facete
682 1499 770 1530 ludit

32 1545 102 1575 Cic.
122 1545 195 1576 Att.
211 1543 234 1575 l.
249 1554 278 1574 c.
296 1545 353 1575 ubi
377 1544 417 1574 de
434 1543 564 1581 judicio
589 1542 769 1574 Clodiano:

30 1588 156 1621 tribuni
181 1597 248 1619 non
277 1593 349 1619 tam
381 1587 474 1618 aerati
506 1586 552 1627 (h.
577 1596 606 1616 e.
634 1587 765 1626 divites)

28 1641 144 1672 quam,
175 1635 214 1662 ut
248 1631 476 1673 appellantur,
508 1630 634 1661 aerarii:
674 1630 707 1661 h.
739 1642 768 1662 e.

26 1685 93 1706 aere
109 1675 269 1716 corrupti.

73 1719 206 1758 Tribus,
229 1723 310 1749 sunt
339 1722 450 1757 partes
472 1718 600 1759 populi,
624 1719 659 1749 in
687 1728 767 1758 quas

27 1762 214 1804 descriptus
230 1768 282 1793 est
297 1772 356 1803 pro
369 1762 441 1793 loco
453 1768 487 1792 et
505 1763 652 1801 regione,
665 1772 767 1801 quam

27 1806 184 1837 habitant
210 1807 298 1837 cives
327 1806 425 1837 Rom.
448 1815 488 1836 ex
520 1806 678 1836 instituto
702 1805 767 1836 Ro-

29 1850 124 1881 muli.
157 1860 187 1880 v.
210 1850 363 1890 inprimis
386 1849 574 1889 Sigonium,
598 1849 638 1879 de
662 1849 768 1880 tribu-

26 1893 88 1925 bus
111 1901 266 1924 accurate
289 1894 517 1933 disputantem
542 1893 582 1923 (le
597 1894 678 1923 Ant.
693 1893 766 1924 dur.

27 1937 98 1971 Civ.
128 1937 168 1968 R.
199 1937 221 1968 l.
250 1937 273 1968 i.
305 1940 337 1969 3.
375 1937 576 1967 *Ciceronis
613 1943 765 1976 tempore

24 1991 122 2012 xxxv.
145 1981 249 2012 tribus
277 1980 383 2019 suere,
407 1990 547 2019 quarum
577 1980 714 2010 nomina
737 1991 766 2011 v.

23 2034 126 2065 supra
147 2030 223 2065 post
251 2023 358 2055 Indic.
387 2023 514 2054 Histor.
556 2023 694 2054 Mutata
716 2028 767 2054 est

22 2068 234 2107 aliquantum
257 2068 342 2098 ratio
365 2067 528 2104 tribuum,
544 2077 622 2098 cum
644 2067 686 2108 Ω.
708 2068 765 2098 Fa·

22 2112 97 2144 bius
112 2111 160 2142 M.
175 2111 282 2142 fecem
300 2111 463 2142 urbanam
480 2120 616 2141 omnem
632 2112 667 2141 in
685 2121 767 2150 qua.-

21 2161 101 2186 tuor
131 2155 273 2186 urbanas
301 2155 406 2186 tribus
435 2154 591 2193 conjecit.
629 2164 659 2184 v.
691 2154 766 2186 Iud.

22 2199 112 2230 nist.
129 2199 165 2229 in
179 2198 220 2239 Ω.
238 2198 368 2229 Fabius.
400 2207 420 2228 a
442 2207 507 2236 quo
530 2203 682 2238 tempore
706 2197 766 2228 ho-

23 2243 153 2273 nestius
182 2243 248 2273 fuit
278 2242 312 2272 in
345 2242 436 2272 tribu
474 2242 644 2271 rusticana
680 2251 765 2280 esse,

21 2295 123 2326 quam
155 2286 189 2316 in
219 2285 360 2322 urbana,
383 2289 418 2315 et
449 2289 529 2314 nota
558 2285 721 2323 censoria,
745 2296 763 2316 e

21 2330 192 2363 rusticana
215 2329 250 2359 in
277 2328 440 2360 urbanam
465 2329 597 2368 conjici.
628 2327 764 2359 Cluent.

19 2375 75 2404 43.
106 2373 195 2404 tribu
214 2372 350 2403 moveri.
396 2371 425 2402 A
440 2372 588 2402 tribubus
603 2370 764 2403 dicuntur

21 2417 160 2446 comitia*
181 2416 322 2453 tributa,
346 2415 387 2447 de
410 2415 530 2454 quibus
552 2425 582 2445 v.
607 2415 766 2447 Comitia.

18 2459 85 2490 Sed
107 2459 146 2490 fit
167 2463 283 2490 tamen
307 2468 375 2489 non
397 2458 502 2489 semel
525 2457 614 2499 apud
631 2459 764 2490 Cicero-

19 2512 97 2533 nem
121 2503 250 2535 mentio
265 2503 415 2533 tribuum
431 2502 466 2532 in
483 2502 628 2532 comitiis
644 2509 762 2534 centu-

18 2547 123 2577 riatis.
140 2556 170 2577 v.
186 2556 216 2577 c.
231 2546 312 2586 Agr.
331 2546 365 2576 ii.
382 2548 413 2577 2.
444 2555 497 2576 me
518 2555 586 2576 non
609 2551 762 2577 extrema

17 2590 121 2620 tribus
133 2589 382 2630 suffragiorum,
395 2588 453 2619 sed
470 2589 570 2629 primi
593 2588 642 2620 illi
659 2591 760 2620 vestri

17 2633 420 2664 concursus—consulem
453 2632 673 2663 declaravere.
719 2632 760 2664 ld

16 2675 115 2715 quale
140 2677 198 2714 sit,
219 2677 368 2708 tironum
398 2686 499 2706 causa
521 2676 628 2706 verbis
650 2675 683 2706 J.
707 2676 760 2707 Fr.

17 2719 176 2754 Gronovii
202 2719 398 2750 'docebimus
429 2730 470 2750 ex
501 2719 639 2750 Observ.
668 2718 689 2750 l.
714 2721 758 2750 iv.

16 2773 47 2793 c.
76 2764 103 2792 l.
128 2772 159 2802 p.
183 2765 214 2794 5.
245 2762 465 2793 Multitudine
489 2763 613 2793 civium
637 2763 670 2792 in
696 2763 758 2793 im-

17 2814 173 2836 mensum
211 2811 323 2844 aucta,
355 2816 555 2846 unaquaque
592 2806 628 2836 in
666 2807 758 2838 tribu

15 2847 176 2897 permulti
205 2854 303 2882 erant
335 2849 554 2888 diversarum,
585 2849 654 2885 imo
686 2860 757 2883 om-

1494 57 1579 97 46³

826 150 920 181 nium
945 151 1105 182 classium
1136 153 1236 191 cives,
1257 154 1399 194 jamque
1430 155 1576 195 singulo

827 192 947 223 classes
967 195 999 224 in
1017 205 1215 235 unaquaque
1230 199 1321 228 tribu
1339 199 1450 238 plures
1470 199 1573 230 facie-

827 236 908 266 bant
938 239 1108 268 centurias
1146 247 1215 269 tum
1247 241 1438 279 juniorum,
1469 252 1571 281 quam

826 280 1007 311 seniorum.
1069 281 1156 311 Hinc
1195 284 1310 314 (Lirem
1350 285 1383 315 in
1421 288 1478 316 Or.
1511 296 1572 326 pro

827 322 961 353 Plancio
977 334 1005 354 c.
1019 326 1071 355 2⁷0.
1093 330 1275 357 centuriam
1290 336 1384 358 vocat
1399 331 1496 359 unius
1509 331 1572 361 tri-

825 367 882 397 bus
893 372 1033 406 partem.
1059 368 1146 407 Ergo
1164 371 1305 400 comitiis
1317 373 1512 403 centuriatis
1527 383 1570 404 ex

824 411 973 440 tribubus
988 422 1082 441 xxxv.
1101 418 1188 442 sorte
1207 422 1270 442 unu
1287 416 1390 444 tribus
1411 426 1570 447 excerne-

825 453 935 492 lmtur,
952 465 991 484 ex
1015 456 1110 493 cujus
1133 459 1292 485 centuriis
1317 458 1430 495 prima·
1455 460 1570 492 cussis

823 498 910 536 quod
934 505 1143 537 quaereretur
1167 508 1385 538 praerogativa
1402 505 1567 542 centuria,

827 541 898 580 ipsa
915 551 1047 580 quoque
1065 542 1136 572 hirc
1160 543 1262 572 itibus»
1281 543 1351 581 jam
1378 548 1572 584 psaerogati-

824 594 872 613 vae
899 594 1020 615 nomen
1045 586 1264 625 acquisierat:
1293 586 1411 616 deinde
1427 594 1508 626 quot
1531 590 1572 620 il-

828 626 892 657 lius
923 636 1012 658 sorte
1041 630 1152 660 ‹luctae
1198 630 1301 659 etiam
1342 633 1568 670 praerogativae

825 671 931 701 tribus
957 680 1069 703 essent
1100 674 1260 703 centuria.¹
1292 674 1408 713 primae
1439 676 1566 714 classis,

822 720 874 744 tot
892 725 1022 746 rursum
1040 724 1146 746 sortes
1170 717 1436 756 conjiciebantur
1466 718 1499 748 in
1523 721 1568 750 si-

820 757 951 794 tellam,
970 769 1122 797 numero,
1141 764 1179 790 ut
1203 761 1346 797 uidetur,
1371 762 1482 801 aliquo
1506 771 1568 794 no-

819 806 914 838 tatae‚
938 813 1003 841 quo
1036 805 1143 843 prima
1167 804 1343 841 juniorum
1378 804 1432 835 vel
1454 807 1566 837 senio-

821 854 909 882 rum,
924 847 1083 884 secunda,
1102 847 1203 876 tertia
1212 853 1245 877 et
1258 848 1427 888 deinceps,
1444 855 1566 882 centu-

818 889 875 917 riae
892 889 1199 929 distinguerentur:
1225 898 1299 921 tum
1324 902 1423 931 quam
1445 897 1564 925 centu-

818 931 901 961 riam
926 932 1104 973 designans
1125 944 1195 964 sors
1219 935 1411 974 excidisset,
1427 946 1468 966 ea
1491 942 1565 970 erat

818 978 1038 1016 praerogativa
1077 979 1240 1008 centuria.
1296 978 1385 1008 Hinc
1420 980 1563 1020 factum,

817 1025 868 1055 ut,
889 1020 1173 1058 quemadmodum
1199 1022 1240 1051 ob
1263 1023 1452 1053 centuriam
1476 1034 1564 1064 pru-n

816 1064 999 1101 rogativam
1017 1065 1119 1094 etiam
1144 1065 1251 1095 tribus
1276 1065 1310 1095 in
1327 1075 1393 1104 qua
1410 1069 1563 1098 contine-

815 1105 927 1144 batur,
955 1108 1183 1148 praerogativae
1215 1109 1351 1138 nomine
1381 1110 1562 1151 gaudebat,

813 1149 861 1178 sic
894 1152 996 1182 etiam
1035 1153 1142 1182 tribus
1182 1161 1306 1182 nomen
1346 1152 1482 1184 daretur
1510 1155 1561 1187 illi

815 1196 990 1232 centuriae,
1015 1200 1115 1235 atque
1139 1195 1221 1226 adeo
1246 1197 1432 1236 promiscue
1455 1199 1562 1230 inter-

813 1241 894 1271 ‹luni
911 1239 983 1269 haec
1003 1239 1069 1269 duo
1093 1239 1254 1270 vocabula
1275 1242 1429 1270 centwioe
1443 1246 1474 1272 et
1497 1245 1560 1274 tri-

810 1286 868 1315 bus
890 1283 952 1314 hac
976 1283 1010 1313 in
1041 1292 1075 1312 re
1107 1283 1270 1313 comitiali
1300 1291 1555 1324 usurparentur.

812 1328 894 1359 Haec
920 1326 986 1357 ille.
1031 1326 1131 1366 Apud
1161 1326 1295 1357 Florum
1328 1328 1431 1358 etiam
1457 1336 1554 1361 extra

810 1382 879 1402 rem
922 1370 1124 1400 comitialem
1164 1371 1268 1401 tribus
1304 1381 1364 1411 pro
1403 1375 1558 1405 centuria

809 1416 961 1454 equitum
978 1414 1056 1451 dici,
1074 1413 1229 1444 viderunt
1249 1414 1310 1444 viri
1327 1414 1417 1445 docti
1434 1417 1455 1446 i.
1475 1421 1501 1449 l.
1519 1421 1551 1449 5.

810 1460 864 1489 ubi
891 1469 920 1488 v.
944 1457 1075 1488 Duker.
1113 1457 1163 1488 Ex
1186 1468 1253 1497 quo
1276 1458 1491 1499 intelligitur,
1514 1471 1555 1492 eo

808 1508 961 1542 tempore
986 1501 1173 1531 centuriam
1202 1507 1238 1531 et
1263 1502 1388 1532 tribuni
1414 1505 1554 1543 promis-

808 1557 869 1576 cue
901 1545 1018 1575 dictas.
1065 1544 1224 1575 Ceterum
1252 1544 1343 1575 illam
1371 1549 1551 1587 rationem,

808 1590 969 1620 centuriae
997 1589 1223 1628 praerogativae
1247 1593 1334 1619 sorte
1366 1591 1551 1631 capiendae,

807 1643 908 1672 quam
935 1632 1118 1662 Gronovius
1147 1632 1306 1672 explicat,
1334 1642 1485 1673 apparet,
1509 1636 1551 1666 de

806 1677 960 1708 tribubus
998 1677 1176 1707 rusticanis
1213 1682 1350 1706 tantum
1383 1679 1551 1718 accipien-

806 1721 882 1751 dam
903 1730 986 1758 esse,
1005 1720 1093 1758 quod
1115 1720 1150 1750 in
1174 1719 1328 1750 tribubus
1352 1721 1487 1752 urbanis
1509 1732 1551 1754 eo

803 1770 955 1804 tempore
993 1763 1109 1803 primae
1143 1763 1254 1793 classis
1284 1766 1447 1795 centuriae
1477 1776 1549 1798 esse

803 1818 871 1838 non
895 1813 1098 1848 potuerunt:
1127 1807 1216 1846 quod
1239 1807 1289 1837 vir
1312 1817 1454 1847 magnus
1479 1819 1550 1840 mo-

803 1861 881 1882 nere
914 1851 1141 1891 praetermisit,
1173 1850 1314 1888 scilicet,
1346 1856 1385 1881 ut
1415 1853 1547 1893 opinor,

803 1896 882 1935 quia
897 1896 1000 1925 etiam
1026 1903 1094 1924 non
1111 1894 1248 1924 monitis
1269 1895 1304 1924 in
1323 1901 1472 1927 mentem
1490 1897 1548 1928 de-

807 1940 906 1970 bebat
923 1939 1046 1969 venire.

851 1982 1071 2014 Tributarius.
1109 1981 1204 2012 Verr.
1236 1983 1278 2012 iv.
1308 1983 1361 2014 66.
1398 1983 1547 2016 multum

803 2026 893 2066 apud
919 2025 1013 2056 illum
1043 2031 1195 2056 recentes
1228 2026 1368 2056 nuncios
1398 2027 1551 2061 multum.

803 2070 936 2100 tabulas
953 2078 1018 2099 non
1039 2069 1337 2100 commendaticias
1360 2070 1418 2101 sed
1441 2073 1546 2103 tribu-

801 2115 908 2144 tarias
932 2112 1085 2144 valuisse.
1132 2112 1251 2143 facete
1282 2114 1467 2145 tributario:
1497 2116 1547 2146 ‹li-

803 2162 929 2187 cuntur
952 2156 1072 2194 literae,
1089 2157 1208 2195 quibus
1225 2157 1369 2196 pecunia
1384 2159 1547 2197 promissa

802 2206 888 2237 erat,
901 2206 961 2231 aut
973 2200 1172 2238 quibuscum
1189 2209 1258 2230 una
1273 2201 1416 2240 pecunia
1433 2202 1546 2234 missa.

847 2244 1024 2281 Tribntim,
1049 2253 1108 2284 per
1130 2244 1250 2281 tribus,
1267 2244 1302 2274 in
1326 2245 1445 2275 tribus.
1473 2246 1546 2278 Att.

802 2288 845 2318 iv.
875 2289 925 2319 16.
957 2287 1100 2317 Scaurus
1129 2286 1252 2327 populo
1277 2289 1426 2319 tributim
1453 2288 1544 2322 domi

796 2340 865 2362 suae
896 2330 1118 2362 satisfecerat.
1144 2331 1279 2362 Muren.
1313 2334 1369 2363 32.
1411 2332 1439 2362 si
1471 2333 1545 2372 gla-

800 2374 985 2405 diatoribus
1019 2374 1068 2415 (h.
1092 2384 1121 2404 c.
1145 2374 1179 2404 in
1203 2373 1290 2405 ludis
1321 2375 1540 2416 gladiatoriis)

800 2417 900 2457 vulgo
917 2417 1009 2448 locus
1025 2418 1175 2449 tributim
1192 2424 1280 2448 esset
1295 2418 1406 2449 datus.
1429 2419 1472 2450 cf.
1488 2423 1544 2452 34.

800 2461 906 2492 Flacc.
930 2465 962 2495 7.
997 2461 1146 2492 tributim
1178 2467 1214 2491 et
1237 2463 1453 2494 centuriatim
1487 2463 1544 2494 de-

797 2505 931 2544 scriptis
946 2504 1130 2541 ordinibus,
1146 2503 1306 2536 classibus
1323 2506 1384 2537 ἃς.

841 2548 999 2585 Tribuni),
1009 2548 1212 2578 distributio.
1224 2547 1449 2589 (v.tribuere.)
1462 2549 1544 2583 Nat.

796 2591 841 2622 D.
859 2592 879 2622 i.
901 2595 950 2625 19.
974 2592 1104 2625 (ributio
1118 2591 1302 2630 aequabilis.

843 2635 1033 2672 Tributum,
1058 2634 1224 2674 quomodo
1247 2645 1268 2666 a
1297 2636 1451 2677 vectigali
1479 2637 1543 2669 dif-

797 2677 896 2717 ferat,
931 2682 966 2708 et
1002 2679 1170 2711 tributarii
1208 2679 1484 2720 stipendiariique
1522 2692 1543 2713 a

796 2721 1029 2761 vectigalibus,
1041 2732 1072 2752 v.
1084 2722 1118 2751 in
1130 2721 1381 2762 stipendiarius.
1394 2724 1453 2754 scd
1468 2734 1542 2755 om·

797 2765 846 2795 nis
877 2765 1021 2805 pecunia
1045 2764 1168 2795 collata
1189 2775 1209 2797 a
1231 2765 1381 2807 pluribus
1407 2767 1441 2797 in
1469 2778 1539 2798 me-

795 2807 903 2846 dium,
926 2818 1027 2848 quam
1051 2807 1228 2840 collectam
1251 2809 1408 2847 dicimus,
1425 2811 1540 2850 appel-

793 2851 885 2884 latur
909 2853 1084 2887 tribucum.
1114 2850 1210 2886 Verr.
1233 2853 1281 2886 iii.
1303 2855 1358 2887 42.
1385 2852 1540 2889 lmachaes
