1804 3178
640 135 783 165 mnzx
817 137 947 165 ιΑτιΝ
956 131 1107 168 meris.

123 223 266 264 imperii.
283 222 399 254 Manil.
409 225 440 255 2.
451 233 583 254 causam
598 225 676 265 reip.
685 225 725 255 :ul
734 235 786 255 me
796 226 852 256 de·

121 265 287 303 tulerunt,
301 267 384 307 adq.
399 267 419 298 l.
440 267 673 298 vid.Groe=ius.
694 269 792 307 chg.
805 270 850 300 iii

120 312 152 342 4.
169 312 311 340 Senator
323 310 434 351 populi
448 320 580 340 causam
593 317 670 341 ten·
674 318 719 342 to.
743 314 761 330 ⁸⁵
772 313 850 343 Nat.

120 353 236 385 D.1.1.
254 354 405 392 (husam,
416 354 520 390 idest,
531 354 728 394 principium
747 355 851 396 philo-

120 396 244 437 sophia·
268 407 338 427 csse
362 398 582 428 inscientiam.
613 408 642 428 v.
661 397 850 431 inscientia

123 439 264 480 ‘partes
279 441 380 471 etiam
399 441 450 470 dic
455 447 558 470 untur
573 452 684 478 cauca,
703 450 818 483 propte
823 454 852 474 r-

120 494 172 520 ea,
189 484 276 523 quod
299 494 374 514 suas
399 488 538 523 qua’qiie
560 495 633 524 pars
656 495 772 516 carmus
795 486 851 517 lia-

119 527 177 557 bet
191 532 226 557 et
242 527 350 563 affert,
366 538 466 567 quare
483 527 607 567 aliquid
627 528 740 567 faciat,
757 536 848 570 petat

120 571 180 600 dic.
217 570 366 601 Marcell.
398 574 422 600 l.
455 571 489 601 in
516 571 630 602 cadem
655 581 756 604 caum
779 583 849 603 esse

119 614 181 644 fite.
203 613 391 644 ‘conditio
416 615 480 645 Off.
505 615 525 645 i.
549 618 600 645 31.
631 615 715 646 alius
739 617 771 647 in
796 627 849 647 ea-

117 656 193 687 dem
217 667 317 688 causa
342 667 408 688 non
433 658 540 689 debet.
564 659 606 690 cf.
630 660 673 690 iii.
697 662 749 690 23.
771 661 849 700 Agr.

116 700 165 731 iii.
194 702 227 731 2.
258 700 369 731 soluta
398 709 477 732 sunt
509 703 541 732 in
573 702 708 733 meliore
735 714 848 741 cansa,

117 753 216 783 quam
240 744 397 784 obligata.
422 745 537 784 *quod
561 746 633 784 quis
657 748 754 786 petit,
771 757 849 777 con-

115 787 251 826 tendit3
289 788 390 828 qnod,
423 789 579 828 quicquid
617 790 754 829 petitur,
791 796 848 821 ant

116 831 346 869 contenditur,
363 833 461 862 certis
484 832 524 863 de
544 834 650 863 cauas
672 834 800 873 petitur
814 840 849 864 et

116 875 342 906 contenditur.
369 876 478 915 Ligar.
500 879 547 907 11.
571 886 686 907 causas
707 877 795 917 apud
814 884 848 908 te

117 919 307 958 rogantium
328 919 538 959 gratiosiores
561 930 631 949 esse
655 930 753 959 quani
779 921 848 951 vul·

114 965 182 991 tus.
198 961 243 992 du
258 961 371 992 sahest
387 962 483 993 mehr
496 962 555 993 aus
568 963 620 993 die
642 963 783 1002 Sat-hen,
801 965 847 996 als

115 1005 176 1035 auf
188 1005 241 1036 die
258 1005 435 1036 Personen.
459 1007 477 1024 ⁸*
490 1006 529 1036 de
553 1007 680 1037 ratione
697 1008 792 1046 justa
813 1015 848 1039 et

115 1057 212 1088 aequa
236 1059 337 1088 quare
365 1049 491 1088 aliquid
518 1050 569 1088 fit,
595 1061 692 1081 causa
717 1051 846 1082 idonea.

113 1090 207 1122 Verr.
224 1092 245 1123 i.
262 1097 293 1124 Β.
316 1102 391 1123 cum
407 1103 505 1124 causa
521 1094 676 1124 accedere
693 1094 733 1125 ad
750 1105 847 1125 accu-

112 1134 266 1166 sandum.
288 1136 360 1166 Att.
385 1137 439 1167 vii.
464 1140 494 1168 3.
517 1148 648 1168 causam
673 1137 729 1168 illa
747 1149 846 1170 causa

115 1187 183 1209 non
197 1178 309 1210 habet.
333 1180 351 1198 ⁵
363 1190 422 1220 pro
439 1192 490 1222 eo,
507 1181 594 1219 quod
618 1185 709 1211 certa
727 1188 761 1212 et
777 1182 845 1212 ido-

113 1230 177 1252 nea
191 1222 232 1253 de
247 1233 347 1255 causa
359 1224 408 1253 fit.
431 1224 547 1264 Quint.
568 1227 616 1254 15.
639 1235 754 1255 omnes
770 1236 847 1256 cau-

111 1275 156 1296 eoe
177 1270 213 1296 et
231 1267 492 1298 necessitudines
513 1274 639 1298 veteres
662 1269 846 1299 intercede-

111 1309 218 1348 bant3
244 1310 276 1340 h.
292 1320 321 1341 e.
345 1321 460 1341 omnes
483 1321 588 1342 causoe
609 1313 845 1352 suppetebant,

107 1358 249 1394 propter
264 1364 345 1393 quas
361 1355 459 1385 amici
478 1364 549 1385 esse
569 1354 665 1385 alteri
688 1355 845 1386 debemus

112 1401 148 1427 et
173 1396 337 1428 solemus:
369 1398 446 1428 alibi
473 1398 570 1436 dixit,
594 1409 670 1428 cum
697 1409 736 1429 eo
763 1400 844 1430 inihi

110 1445 193 1470 sunt
214 1442 338 1472 omnia.
361 1451 392 1472 v.
415 1441 456 1472 de
480 1441 540 1472 hac
564 1441 673 1482 phrasi
697 1442 844 1474 Broukli.

110 1482 154 1514 ad
178 1483 252 1515 Tib.
279 1485 326 1516 iii.
355 1487 386 1515 3.
409 1485 471 1515 nlt.
495 1485 716 1526 *praetextus.
745 1487 845 1518 Doni.

112 1528 201 1558 5..in
216 1527 304 1558 bona
319 1527 536 1568 fortunasque
553 1529 768 1569 locupletium
787 1541 846 1571 per

108 1579 244 1602 camum
285 1571 659 1612 inopum—repentinos
700 1573 845 1614 impetus

110 1623 330 1654 comparares.
352 1615 560 1646 *excusatio
577 1619 647 1647 Att.
663 1616 706 1647 xi.
720 1621 749 1651 7.
770 1625 844 1648 tuas

107 1667 224 1689 causas
248 1667 358 1689 nosco.
385 1659 427 1689 ad
452 1659 528 1690 Div.
554 1660 618 1690 xvi.
646 1663 694 1694 19.
719 1661 845 1701 accipio

89 1709 92 1711 ·
109 1711 255 1732 causam.
267 1701 358 1732 verr.
367 1703 388 1732 i.
398 1705 449 1737 39.
461 1712 559 1732 omen
569 1704 673 1742 inagis
682 1705 843 1744 patribus,

109 1754 209 1784 quam
217 1755 317 1776 causa
328 1745 464 1786 placuit.
478 1747 556 1776 ibid.
566 1747 598 1777 ii.
607 1748 659 1778 62.
670 1748 699 1777 o!
710 1758 843 1779 causam

107 1787 331 1828 singulareml
361 1791 397 1819 o!
425 1789 651 1820 defensionem
676 1791 842 1821 miseram.

109 1832 152 1863 ad
174 1832 251 1863 Div.
273 1832 342 1863 viii.
361 1836 391 1863 Β.
415 1833 455 1863 de
472 1833 843 1875 militibus—causaque

108 1882 366 1916 cognoscantur,
396 1886 442 1907 sc.
470 1882 608 1917 propter
635 1887 716 1916 quas
751 1879 842 1908 mitti

106 1918 236 1950 volunt.
252 1929 281 1949 v.
301 1919 404 1950 Gron.
427 1920 511 1951 Sest.
535 1921 577 1951 iv.
599 1924 629 1951 3.
655 1931 686 1961 p.
704 1923 777 1955 273.
793 1932 841 1960 sq.

107 1961 202 1992 *abt
217 1972 319 1993 causa
335 1965 514 2004 praeposita
532 1964 679 2004 genitivo
698 1970 759 1995 est.
783 1965 839 1996 Or.

104 2006 127 2036 i.
145 2008 197 2040 57.

154 2049 347 2081 (nundum.
360 2050 417 2081 Or.
427 2054 459 2085 9.
476 2051 532 2090 qui
549 2049 681 2091 Lysiam
696 2061 841 2091 sequun-

104 2098 174 2130 tur,
202 2094 401 2124 causidicum
436 2094 602 2133 quendam
641 2102 838 2135 sequuntur.

106 2137 138 2167 h.
155 2147 183 2166 c.
199 2137 256 2175 qui
280 2137 363 2167 nihil
387 2138 449 2167 nisi
472 2147 587 2167 causas
612 2138 645 2167 in
664 2138 735 2168 foro
751 2145 839 2178 agat.

103 2179 180 2220 Quo
205 2179 276 2210 [oco
299 2190 378 2211 sane
402 2181 540 2211 honeste
564 2181 699 2219 dicitur,
716 2182 773 2212 sed
789 2189 838 2212 ta-

105 2232 184 2254 men
201 2233 277 2254 eum
294 2229 468 2255 contemtu
490 2223 644 2262 quodam.
677 2225 703 2256 A
727 2230 838 2264 patro—

103 2275 146 2297 no
158 2277 337 2298 causarum
348 2268 428 2298 alias
440 2267 668 2307 distinguitur.
681 2278 710 2298 v.
721 2268 837 2299 Burni.

102 2307 146 2340 ad
159 2310 254 2341 Ovid.
281 2311 356 2341 Am.
373 2312 394 2341 i.
415 2314 463 2342 13.
480 2313 531 2342 91.

151 2353 303 2386 C'aueula.
340 2355 420 2395 Opt.
451 2364 525 2394 gen.
557 2353 620 2384 dic.
654 2357 685 2385 4.
723 2355 835 2395 Lysias

101 2406 279 2437 parvarum
294 2408 404 2429 rerum
421 2399 575 2429 causulas
589 2397 730 2436 sciipsit.

149 2440 271 2472 Cautio.
289 2441 434 2472 formula
443 2441 535 2478 Acti,
549 2451 613 2479 quo
629 2447 766 2471 cavetur
777 2440 836 2471 ali-

99 2484 166 2514 cui.
182 2494 212 2514 v.
228 2485 363 2516 Cavere.
387 2486 444 2515 Or.
459 2488 513 2516 41.
537 2484 575 2514 ln
594 2484 680 2521 juris
695 2485 835 2515 scicntia

97 2534 149 2558 est
163 2529 434 2568 persecutionum
454 2530 698 2567 cautionumque
714 2538 835 2567 praece-

98 2571 180 2610 ptio.
202 2571 242 2602 ad
265 2572 341 2603 Div.
364 2573 419 2602 vii.
450 2575 496 2603 13.
522 2573 683 2601 cautiones
706 2576 833 2602 vestrae.

99 2616 118 2635 ²
132 2613 221 2644 Hinc
247 2620 300 2646 est
322 2616 425 2646 etiam
447 2614 591 2646 formula
613 2614 773 2654 pactionis
798 2615 831 2645 in

98 2666 234 2696 genere,
255 2659 343 2698 quod
363 2670 404 2689 ea
428 2659 453 2688 is
478 2659 539 2689 sibi
565 2662 672 2694 caiet,
698 2657 752 2696 qui
777 2667 833 2697 pa-

97 2701 244 2732 ctionem
269 2701 361 2733 facit.
385 2702 477 2732 Verr.
502 2703 522 2732 i.
552 2704 600 2732 11.
626 2710 702 2730 nam
729 2700 776 2730 ita
799 2702 831 2730 in

96 2745 246 2775 cautione
266 2755 336 2776 esse
353 2745 520 2782 viderunt,
538 2754 613 2775 cuin
631 2745 679 2774 ita
703 2754 832 2773 cavere-

96 2791 155 2817 tur
172 2787 231 2817 &c.
254 2788 457 2820 *literarum
475 2788 646 2828 obligatio,
658 2797 723 2826 qna
739 2787 831 2817 nobis

98 2840 118 2860 a
143 2829 292 2862 debitore
316 2842 481 2863 cavemus.
508 2833 608 2864 Doni.
637 2834 688 2861 50.
712 2831 832 2860 cautio-

100 2882 156 2904 nes
186 2873 313 2906 fiebant
342 2876 571 2916 pecuniarum.
603 2874 644 2909 ad
674 2874 749 2904 Div.
777 2874 831 2904 vii.

101 2918 151 2948 lu.
173 2919 280 2950 samio
301 2918 522 2961 chirographi.
539 2928 567 2950 v.
585 2917 723 2949 Salmas.
739 2916 830 2949 Mod.

1534 136 1613 174 213

897 225 996 256 Usur.
1013 236 1043 266 p.
1058 231 1131 258 405.
1147 231 1209 260 4.0
1213 231 1381 260 .·omni
1397 241 1459 268 rem
1475 244 1538 272 qua
1560 244 1615 265 no-

896 268 943 298 bis
968 270 1000 299 in
1025 280 1219 311 qumunqu«
1241 283 1273 303 re
1295 284 1458 311 can·,nnm
1475 285 1514 304 n«-
1539 278 1615 315 quid

896 312 964 349 fiat,
997 314 1083 351 qnod
1121 315 1246 346 smntuin
1279 317 1431 346 nolimus.
1469 320 1556 349 Sext.
1586 324 1617 354 ἵ.

895 354 983 385 liunc
1008 356 1178 405 l'oinpcius
1197 368 1248 388 οιι
1254 361 1286 388 ni
1310 362 1468 396 mutiam,
1485 361 1524 389 fo·
1528 361 1566 391 d«-
1561 373 1602 391 τι
1608 386 1615 398 ,

892 400 1118 429 exsecratione
1142 400 1344 439 devinxerat,
1362 402 1408 432 nil
1431 411 1546 433 eontra
1564 415 1614 435 nn.-

892 452 962 472 esse
987 443 1165 475 facturuln.
1199 445 1289 474 ⁸0fl'.
1317 446 1338 475 i.
1368 449 1413 475 Μ.
1445 446 1539 475 habt-t
1567 458 1616 477 res

893 485 1015 516 multas
1038 488 1210 517 cautium-s.
1235 487 1266 517 h.
1290 498 1318 518 v.
1342 489 1374 517 in
1399 499 1435 517 va
1461 499 1492 518 rt·
1515 490 1617 520 inulta

892 529 1037 560 cavenda
1061 535 1093 559 et
1116 531 1315 571 providenda
1335 537 1423 561 sunt.
1446 533 1460 548 “
1475 532 1616 563 dvc-lina-

891 572 938 601 tio
955 573 1000 602 rei
1018 573 1199 613 prudenter
1215 574 1378 604 instituta.
1401 574 1498 604 Tusa
1523 576 1562 605 iv.
1585 578 1614 606 6.

891 625 909 645 a
923 616 1016 646 malis
1033 622 1154 647 initura
1176 617 1401 648 declinamus:
1426 628 1497 657 qna·
1521 619 1618 648 ‹lm-li-

892 660 995 696 nario,
1017 661 1043 690 si
1068 662 1196 691 ratione
1220 661 1270 699 fit,
1293 662 1400 691 cautio
1424 662 1617 701 appellatur.

891 702 930 732 nd
946 703 1022 734 Div.
1039 704 1080 734 xi.
1098 705 1150 734 21.
1179 714 1251 744 quae
1275 707 1451 735 continuem
1476 714 1540 734 non
1562 705 1617 734 lia-

891 745 982 783 bent,
999 747 1039 776 de
1063 748 1100 777 iis
1123 757 1188 778 non
1209 747 1340 778 laboro:
1365 758 1437 787 (μην
1458 749 1618 788 provideri

891 795 924 818 ct
947 791 1052 820 caveri
1077 800 1142 820 non
1166 798 1314 831 possunt.
1339 791 1470 821 ⁸Flaec.
1493 794 1538 822 13.
1562 792 1617 821 dt-

890 831 1043 864 svndcndi
1056 833 1160 864 facilis
1177 842 1227 864 est
1241 834 1555 872 cm1ti0,nousolum
1572 835 1617 865 la-

889 876 1002 907 tibulis
1026 877 1232 908 occultorum
1261 877 1406 909 locorum
1435 880 1494 908 &c.
1516 878 1615 908 ‘Am

889 928 917 949 v.
934 922 965 949 4.
996 930 1070 951 mea
1084 923 1189 952 cautio
1204 921 1274 952 haec
1291 928 1352 952 ost.
1369 932 1398 951 v.
1417 927 1485 951 not.

937 963 1044 994 Paule.
1070 964 1148 1003 Leg.
1164 965 1197 994 ii.
1215 967 1267 995 Ql.
1291 965 1378 1005 Quid
1396 964 1461 995 huc
1479 966 1616 995 accessit

888 1016 905 1035 e
928 1006 1005 1043 jure
1035 1008 1146 1038 civili?
1184 1008 1372 1039 Pax-titionis
1397 1014 1510 1048 caput,
1537 1010 1615 1039 scri-

889 1056 982 1089 ptum
1000 1057 1106 1089 caute,
1123 1056 1160 1081 ut
1176 1059 1312 1082 centum
1328 1052 1456 1082 nummi
1474 1051 1615 1082 deduce-

888 1101 1016 1130 rentur,
1032 1104 1077 1125 sc.
1095 1095 1173 1134 quia
1187 1095 1235 1124 his
1252 1095 1356 1125 verbis
1372 1103 1506 1125 cavetur
1521 1094 1615 1124 liere-

888 1136 919 1165 di
937 1146 956 1166 a
971 1139 1069 1168 sacn's
1084 1150 1090 1167 :
1115 1138 1203 1168 unde
1227 1138 1336 1178 paullo
1359 1146 1432 1178 post
1448 1139 1481 1168 in
1498 1138 1613 1168 eadem

887 1189 920 1209 re
948 1182 1076 1220 pergit:
1103 1181 1190 1220 quod
1214 1182 1240 1211 si
1267 1182 1340 1219 hoc,
1356 1182 1409 1221 qui
1434 1187 1614 1212 testamen-

886 1229 959 1253 tum
975 1224 1128 1262 faciebat,
1143 1235 1257 1255 cavere
1274 1225 1441 1255 noluisset.

935 1268 1066 1305 (fautor,
1099 1269 1153 1308 qui
1194 1267 1292 1298 alicui
1323 1273 1426 1298 cavet.
1463 1269 1552 1298 Sext.
1582 1272 1613 1302 7.

886 1314 999 1341 cautor
1026 1312 1123 1342 alieni
1155 1311 1302 1351 periculi.
1334 1311 1373 1342 ln
1399 1311 1502 1341 altero
1530 1312 1614 1348 loco,

886 1364 984 1393 quem
1008 1355 1061 1385 hic
1085 1355 1197 1385 laudat
1226 1355 1387 1392 Nizolius,
1409 1364 1475 1384 non
1502 1362 1553 1385 est
1580 1355 1614 1384 in

886 1398 1019 1438 optimis
1036 1398 1110 1428 edd.
1126 1403 1251 1436 cautor,
1267 1398 1323 1428 sed
1340 1402 1464 1428 cantor.
1481 1408 1510 1429 v.
1528 1398 1614 1428 Can-

885 1445 946 1471 tor.
971 1443 1017 1471 sic
1033 1446 1067 1472 et
1083 1441 1220 1477 Plautus
1235 1442 1317 1472 dixit
1332 1441 1427 1482 Epid.
1443 1442 1489 1472 iii.
1506 1443 1537 1472 2.

934 1485 1065 1516 cnutus.
1093 1486 1223 1516 Muren.
1254 1488 1301 1515 11.
1337 1487 1429 1515 Cauri
1453 1486 1614 1516 Jurecon-

886 1528 976 1558 sulti.
1000 1539 1044 1559 sc.
1069 1529 1146 1568 quia
1173 1529 1244 1559 aliis
1268 1533 1395 1558 cavent.
1423 1538 1452 1558 v.
1481 1528 1613 1558 Cavcre.

885 1572 1022 1609 *tuma
1040 1573 1177 1602 minime
1194 1571 1407 1622 periculosus.
1440 1572 1561 1602 Caecin.
1582 1574 1612 1602 4.

886 1626 950 1654 quo
967 1595 1096 1646 miilieri
1114 1616 1254 1656 pecunia
1269 1620 1355 1646 esset
1377 1617 1510 1645 cautior.
1534 1614 1566 1644 h.
1583 1625 1612 1644 e.

885 1659 914 1688 ti
941 1659 1045 1698 magis
1069 1659 1108 1689 de
1133 1659 1274 1699 pecunia
1293 1663 1476 1696 caveretur,
1493 1658 1612 1688 tutior-

885 1713 947 1741 que
965 1703 1069 1733 fieret.
1093 1702 1188 1733 Rosc.
1206 1703 1281 1732 Am.
1305 1703 1357 1733 20.
1382 1703 1415 1732 in
1437 1703 1611 1732 cautiorem

885 1751 1012 1786 partem
1033 1751 1196 1786 peccaret.
1218 1746 1236 1764 ⁴*
1250 1745 1404 1786 prudens.
1427 1746 1492 1785 Ωιι.
1516 1744 1566 1775 Fr.
1591 1745 1612 1775 i.

883 1793 914 1820 4.
937 1793 1070 1819 cautum
1089 1789 1275 1819 consilium.

931 1832 1018 1863 Cedo.
1050 1832 1121 1863 Mil.
1149 1835 1201 1864 23.
1241 1832 1356 1863 Cedere
1380 1831 1521 1871 legibus,
1548 1835 1611 1868 est,

882 1877 1045 1906 sustinere
1072 1886 1166 1914 aequo
1192 1876 1304 1906 animo
1327 1885 1456 1915 po‘nam
1484 1875 1611 1914 legibus

882 1921 1112 1949 constitutam.
1129 1919 1272 1950 Su11.⁶25.
1289 1919 1394 1949 cedere
1409 1918 1609 1958 reipublic-8⁸,

882 1969 945 2000 est,
961 1962 1084 2002 aliquid
1101 1962 1185 1992 ferre
1206 1961 1344 2002 rtipubl.
1367 1971 1475 1992 eausa.
1498 1960 1610 2001 Ligar.

882 2010 911 2040 7.
939 2007 1045 2036 cedere
1068 2006 1273 2042 auctoritati,
1290 2010 1352 2043 est,
1368 2015 1480 2044 parere
1503 2005 1610 2034 consi-

881 2049 936 2079 lio.
961 2050 1000 2079 ad
1016 2049 1091 2080 Div.
1107 2050 1127 2079 i.
1150 2052 1175 2080 l.
1192 2048 1362 2079 Hortensii
1378 2048 1546 2078 sententia
1562 2058 1609 2077 ce-

881 2095 927 2123 dit
950 2093 1099 2132 religioni
1122 2092 1162 2122 dt·
1182 2093 1341 2128 exercitu,
1358 2091 1388 2121 h.
1407 2102 1434 2120 e.
1464 2090 1610 2120 Horten-

880 2137 947 2166 sius
984 2140 1108 2173 censet,
1124 2136 1127 2139 '
1143 2145 1207 2165 non
1246 2145 1314 2165 esse
1352 2134 1533 2164 exercitum
1574 2135 1606 2163 in

879 2181 1059 2220 AEgyptuni
1088 2178 1303 2213 mittendum,
1331 2177 1416 2217 quod
1444 2177 1532 2207 libris
1558 2178 1608 2207 Si-

879 2223 1011 2263 liyllinis
1023 2224 1070 2253 ita
1082 2222 1242 2251 videatur.
1266 2221 1336 2251 Mil.
1353 2224 1379 2251 l.
1402 2220 1510 2251 cedere
1521 2226 1607 2250 tein-

879 2267 963 2306 pori‚
988 2273 1050 2302 est,
1078 2276 1117 2294 ca
1143 2274 1208 2295 non
1235 2265 1355 2301 facere,
1377 2272 1450 2303 quae
1472 2269 1606 2303 tempus

879 2310 949 2340 fieri
966 2319 1030 2339 non
1048 2309 1139 2345 sinit,
1153 2315 1210 2337 aut
1227 2308 1344 2347 quibus
1367 2311 1502 2347 propter
1520 2312 1604 2336 tcm-

879 2354 964 2392 poris
988 2354 1147 2382 rationein
1174 2351 1287 2391 profici
1313 2350 1358 2380 nil
1382 2356 1501 2390 potest.
1525 2349 1606 2380 Sull.

882 2397 930 2427 16.
960 2396 1036 2425 (λίΙο
1051 2395 1219 2431 amicitiae,
1236 2398 1298 2430 est,
1316 2395 1450 2433 ignosco
1470 2399 1606 2433 propter

877 2440 1070 2469 amicitiani.
1094 2449 1122 2467 v.
1146 2443 1215 2468 not.
1238 2437 1279 2467 ad
1300 2438 1375 2467 niv.
1397 2437 1439 2466 vi.
1459 2437 1490 2466 6.
1519 2437 1604 2467 vedu

876 2483 1057 2512 ambitiosis
1082 2481 1321 2517 voluntatibus,
1337 2486 1399 2517 est,
1416 2480 1509 2516 facit,
1531 2489 1604 2518 qum

876 2525 992 2556 volunt
1009 2525 1158 2554 hominos
1173 2524 1363 2554 ambitionis
1376 2533 1484 2553 causa.
1508 2523 1603 2553 offic.

877 2570 908 2599 ii.
939 2572 987 2599 ll.
1019 2568 1079 2598 Cui
1106 2567 1270 2597 cxci-citus
1295 2567 1398 2597 nostri
1421 2571 1604 2603 cesserunt,

876 2612 907 2642 h.
923 2623 952 2642 e.
976 2622 994 2642 a
1018 2622 1082 2650 quo
1101 2611 1179 2640 victi
1203 2611 1306 2641 sunt?
1334 2620 1363 2640 v.
1387 2619 1468 2649 quos
1492 2609 1604 2639 laudat

875 2656 1030 2685 Dukcrns
1047 2654 1088 2684 ad
1104 2653 1187 2684 Flor.
1205 2654 1226 2684 i.
1248 2656 1295 2684 14.
1311 2655 1342 2685 2.
1367 2653 1400 2683 ii.
1413 2653 1443 2683 6.
1456 2654 1509 2683 61.
1533 2652 1602 2682 Ca*-

873 2699 939 2729 cin.
965 2699 985 2727 i.
1015 2698 1128 2728 (edere
1150 2697 1184 2727 in
1209 2706 1320 2734 causa,
1335 2696 1602 2732 est‚infrri‹1ren1

873 2741 1054 2778 discedere,
1068 2741 1167 2777 vinci,
1181 2750 1280 2771 causa
1294 2740 1421 2770 cadere.
1445 2738 1543 2768 Acad.
1561 2739 1601 2767 iv.

873 2789 924 2815 30.
954 2784 1080 2814 Cedet-et
1104 2783 1244 2819 scilicet,
1263 2782 1471 2817 conr-ederet,
1489 2791 1599 2811 vei-uui

871 2839 954 2864 csse,
971 2827 1057 2867 quod
1073 2827 1204 2857 dicitur.
1230 2827 1269 2857 ad
1286 2827 1362 2857 Div.
1378 2826 1431 2855 vii.
1444 2829 1473 2855 3.
1498 2824 1600 2864 pudo-

872 2872 898 2901 ri
922 2876 1034 2901 tamen
1059 2870 1159 2900 malui
1182 2870 1345 2908 saumque
1364 2869 1483 2903 vedere,
1501 2876 1598 2906 quam

871 2914 987 2945 salutis
1003 2923 1086 2946 meae
1099 2914 1264 2947 rationem
1280 2913 1409 2944 ducere.
1426 2911 1457 2942 h.
1480 2921 1508 2941 c.
1532 2919 1600 2940 um-

913 2960 967 2991 1²3
