1800 3131
130 68 215 107 396

137 163 317 196 Consulem
333 163 413 195 fore.
434 162 518 205 Leg.
533 164 556 195 i.
571 166 602 196 4.
627 164 683 204 jus
700 164 794 195 civile
811 173 865 194 ea-

136 213 235 239 tenus
248 212 479 245 exercuerunt,
492 208 599 248 quoad
611 208 865 249 populumproe-

124 255 227 282 >stare
249 252 437 282 voluerunt.
463 252 570 283 intell.
598 256 710 282 tutum
732 262 752 281 a
774 251 860 291 peri-

139 294 214 325 culo
241 296 275 325 in
303 296 409 325 causis
440 295 638 333 forensibus,
671 295 860 331 consilium,

134 337 295 369 formulas
312 340 482 369 actionum
498 338 620 376 dando,
640 338 784 368 cavendo
802 338 861 366 &c.

137 381 195 411 sed
213 381 294 412 mibi
312 382 402 412 locus
417 387 591 422 suspectus
604 386 665 412 est.
689 381 857 420 Interpre-

134 425 298 455 tationem
315 426 441 456 Davisii
457 435 522 455 non
544 425 729 455 admittunt
744 424 855 459 verba,

134 470 170 497 et
184 468 256 498 loca
278 469 380 499 allata
399 474 480 500 sunt
503 470 543 499 ab
570 469 631 498 hoc
657 468 778 504 aliena,
796 476 857 497 nee

134 515 314 543 contextus
330 513 466 553 patitur.
483 512 575 542 Idem
592 512 631 541 de
643 511 858 540 Turnebiana
872 541 877 548 Ι

135 556 350 586 censendum.
373 556 424 586 An
442 556 587 595 scripsit:
613 554 721 593 quoad
737 553 858 593 populo

136 599 274 638 probare
285 605 485 639 potuerunt:
503 598 566 628 vid.
579 598 652 627 init.
665 597 802 636 eapitis:
825 606 851 626 s.

134 651 166 680 q.
184 643 304 682 populo
322 643 451 682 probari
468 641 644 670 volucrunt
661 641 673 670 ?
700 641 718 658 *
732 639 855 670 Simili-

133 687 187 715 ter
202 695 251 716 res
275 686 432 715 dicuntur
449 686 614 724 pransum,
637 694 713 714 cum
741 683 858 722 aliquis

133 728 235 759 fidem
263 730 356 765 facit,
391 738 446 757 eas
476 737 542 757 non
573 732 762 765 eventuras,
797 732 856 756 aut

134 772 195 809 ita,
212 777 250 802 ut
274 772 438 808 volumus,
456 771 507 801 vel
532 781 645 801 earum
670 770 855 810 periculum

134 819 170 845 et
187 815 319 855 eulpam
342 815 490 855 suscipit„
513 814 554 845 ad
581 815 656 845 Div.
683 815 704 844 i.
723 818 755 846 4.
781 824 801 843 a
826 815 856 844 vi

128 863 291 899 premiere
307 858 389 888 nihil
406 868 551 898 possum.
567 859 610 888 ib.
631 858 684 887 vii.
706 861 755 891 17.
777 857 858 887 ulti-

133 911 190 931 ma
210 902 270 932 tibi
292 902 445 940 jucunda
472 907 507 932 et
531 901 670 931 honesta
687 902 855 940 prm-tabo.

132 945 192 975 Or.
216 946 237 975 i.
263 947 316 977 ⁶24.
349 945 480 984 culpam
506 949 674 985 proestare.
706 945 793 976 Mur.
826 947 856 975 53.

135 988 320 1028 periculum
342 989 456 1029 judicii
482 992 652 1028 proestctre.
681 988 753 1018 *ad
783 987 854 1018 Att.

131 1043 165 1062 x.
186 1036 234 1062 11.
253 1032 291 1062 de
309 1043 342 1063 re
357 1033 522 1070 numaria,
538 1033 631 1071 eupit
646 1032 707 1063 tibi
718 1036 857 1072 proesta-

129 1086 181 1113 τε,
198 1085 242 1106 sc.
261 1076 359 1106 fidem
376 1076 513 1113 solvere,
530 1076 617 1115 quod
632 1075 739 1106 debet.

176 1119 400 1157 Proestitzaere‚
418 1120 641 1160 praescribere.
680 1119 803 1149 Caecin.
823 1122 854 1150 3.

131 1167 255 1203 praetor
291 1173 358 1193 non
381 1164 560 1203 proestitzcit
599 1163 746 1203 petitori,
787 1173 853 1201 qua

133 1207 265 1236 actione
292 1207 340 1237 uti
357 1207 446 1237 velit.
469 1207 570 1236 *Ata
596 1207 664 1236 xiii.
689 1209 742 1240 49.
766 1206 854 1236 diem

128 1251 338 1292 proestituere
349 1262 358 1279 .-
383 1251 480 1280 einen
496 1250 632 1280 'l'ermin
649 1253 775 1280 serzen.

177 1293 430 1333 Proestrz'ngere,
460 1294 627 1323 hebetare.
661 1293 774 1323 Vatin.
805 1296 854 1324 10.

130 1339 334 1377 quoesm'ng-it
371 1338 483 1368 oculos
515 1336 671 1376 splendor
698 1337 779 1375 ejus.
822 1338 856 1367 in

133 1381 246 1411 Caecil.
289 1384 336 1411 14.
364 1382 595 1421 pmcn-ingere
626 1381 731 1410 aciem
763 1381 856 1419 inge-

132 1424 191 1454 nii.
229 1424 491 1464 Nonnumquam
530 1427 742 1464 permutatur
776 1434 853 1453 cum

131 1469 369 1507 perstringere,
385 1479 414 1498 v.
430 1468 466 1499 in
482 1468 514 1498 h.
530 1478 560 1497 V.
578 1468 659 1497 item
676 1477 752 1497 cum
762 1477 848 1506 μιτρ-

130 1512 308 1550 stinguere,
332 1512 420 1551 quod
442 1511 624 1542 Lambinus
648 1520 778 1551 semper
805 1510 864 1540 illi.

131 1555 232 1584 verbo
255 1554 524 1585 substituendum
553 1558 678 1584 censet.
711 1564 741 1584 v.
768 1555 855 1585 Dra-

131 1597 236 1628 kenb.
251 1598 291 1628 ad
307 1598 424 1628 Silium
442 1599 462 1628 i.
478 1601 552 1629 358.

179 1641 324 1679 Froesul,
345 1641 529 1681 pra-sultor.
560 1641 672 1671 Divin.
697 1642 717 1671 i.
743 1642 795 1672 QG.
819 1641 854 1672 ii.

132 1682 186 1715 66.
198 1695 228 1715 v.
243 1685 352 1715 Vorst.
368 1685 409 1714 ad
424 1685 496 1715 Val.
513 1685 533 1714 i.
551 1689 580 1718 7.

178 1728 384 1766 Praemmcm,
411 1727 582 1771 πρόληψις,
613 1728 706 1758 notio
745 1728 854 1758 insita.

133 1771 210 1802 Div.
226 1773 260 1802 ii.
279 1776 329 1802 553.

176 1814 396 1853 Pra‘lendm·e‚
413 1812 603 1855 praetexere.
619 1815 733 1846 Vatin.
746 1816 776 1846 6.
795 1815 854 1845 lio-

132 1859 231 1889 minis
244 1859 424 1889 doctissimi
437 1868 559 1888 nomen
570 1859 636 1889 tuis
652 1860 854 1889 immanibus

134 1903 278 1932 moribus
290 1903 502 1942 proetenclere.

175 1946 317 1984 Proeter,
335 1946 408 1976 nisi.
425 1945 540 1975 Manil.
559 1947 610 1976 (23.
624 1955 691 1975 non
707 1944 856 1986 locuple-

132 1990 197 2019 tari
209 1994 332 2029 praeter
349 1999 481 2030 paucos.
497 1999 528 2019 V.
546 1988 652 2019 Graev.

175 2032 362 2071 Proeterzri,
382 2032 546 2072 repulsam
566 2033 600 2062 in
617 2032 780 2072 petitione
796 2032 855 2063 ho-

132 2085 251 2106 norum
282 2077 376 2107 ferre.
410 2076 521 2106 Plane.
544 2078 597 2106 91.
628 2086 708 2115 quos
739 2086 854 2106 omnes

130 2121 253 2150 scimus
268 2121 615 2159 aedilitateproeteritos
630 2120 781 2149 consules
807 2119 856 2149 fa-

131 2169 202 2193 ctos
218 2174 299 2194 esse.
316 2164 428 2194 Plane.
445 2167 476 2194 3.
502 2163 643 2203 populus
665 2164 749 2193 solet
772 2172 856 2192 non-

133 2215 304 2246 nunquam
322 2208 622 2247 dignosproeterire.
638 2206 739 2237 Tusc.
756 2216 787 2237 V.
804 2210 853 2240 19.

132 2250 266 2281 additur
282 2251 459 2289 suffragiis.

173 2293 424 2324 Practervolare.
455 2293 556 2324 Acacl.
587 2293 629 2323 iv.
666 2296 715 2323 13.
738 2293 855 2323 leviter

133 2337 405 2377 negligenterque
421 2341 564 2367 tractare
582 2336 732 2366 dicendo.

174 2380 369 2411 Praesemre.
395 2382 451 2411 Or.
470 2382 502 2410 ii.
516 2384 568 2414 78.
591 2381 706 2410 omnia
720 2380 854 2410 leniori-

131 2423 193 2453 bus
207 2425 374 2464 principiis
392 2429 512 2454 natura
521 2425 708 2463 praesemina

175 2467 355 2505 Praei-m,
368 2474 447 2507 toga
463 2468 549 2504 alba,
568 2477 644 2496 cuin
660 2467 762 2497 limbo
775 2477 854 2507 pur-

130 2521 246 2550 pureo,
264 2522 283 2540 a
299 2522 362 2550 quo
380 2521 501 2541 nomen
526 2511 621 2540 (luxit
639 2522 648 2547 3
688 2521 753 2549 qua
780 2517 853 2540 ute-

130 2554 254 2584 bantur
275 2555 501 2591 magistratus,
525 2554 724 2591 sacerdotes,
751 2555 855 2593 magi-

129 2598 192 2628 stri
208 2597 375 2633 ludorum,
393 2599 542 2636 magistri
556 2598 714 2635 vicorum,
725 2603 759 2626 et
774 2608 855 2637 pue-

128 2641 157 2670 ri
184 2640 366 2680 puellaeque
393 2642 559 2680 ingenuae.
585 2641 658 2670 Sen.
690 2651 722 2680 p.
751 2642 791 2671 R.
823 2644 854 2671 5.

131 2684 247 2714 consul
260 2694 335 2713 cum
353 2688 612 2724 togapsoetesla.
630 2684 672 2713 cf.
691 2684 731 2723 Ω.
750 2685 799 2714 Pr.
820 2685 853 2714 ii.

134 2730 184 2758 12.
208 2728 300 2758 Verr.
325 2727 346 2756 i.
376 2730 427 2757 58.
453 2729 512 2758 ἃς.
535 2731 656 2767 praeter
676 2728 852 2768 scriptores

130 2770 171 2800 de
187 2780 221 2800 re
238 2770 413 2807 Vestini-ia,
429 2781 457 2800 v.
486 2771 616 2800 Manut.
645 2771 686 2800 ad
703 2771 771 2801 Cic.
789 2772 850 2810 Ep.

129 2813 173 2843 ad
190 2814 265 2844 Div.
294 2815 327 2844 ii.
350 2814 397 2844 16.
423 2813 565 2843 *fabula
590 2815 731 2844 Romani
758 2824 856 2853 argu-

128 2857 248 2901 menti,
272 2859 306 2893 in
332 2867 397 2898 qua
411 2859 614 2899 μητέρι-(ατί,
632 2857 664 2889 h.
687 2868 716 2889 e.
747 2858 851 2898 magi-

644 74 792 106 'INDEX
822 73 1117 104 LATINITATIS.

909 167 1048 201 stratus,
1074 163 1329 194 inducebantur.
1359 163 1400 195 ad
1427 163 1503 196 mv.
1528 175 1561 197 x.
1579 164 1632 197 32.

903 212 1100 246 proeteoetam
1127 208 1238 248 posuit
1256 219 1263 237 ι
1288 208 1322 238 h.
1338 218 1367 238 e.
1388 209 1549 247 agendam
1575 220 1632 240 cu-

904 251 999 281 ravit.
1025 251 1103 281 ibid.
1123 255 1318 291 praetextam
1341 252 1368 282 si
1399 251 1486 282 voles
1509 251 1630 291 legere.

910 294 975 324 vid.
992 295 1126 325 Manut.
1143 295 1185 324 ad
1200 295 1232 324 h.
1249 295 1270 324 l.
1453 298 1458 304 “

949 337 1177 368 Praetextatus
1193 338 1327 374 dicitur,
1344 338 1534 377 quicunque
1544 347 1631 378 μνω-

901 384 990 410 texta
1006 382 1115 411 utitur
1130 394 1137 411 :
1163 381 1252 412 unde
1267 382 1361 411 Verr.
1378 381 1423 411 iii.
1440 386 1472 415 9.
1495 381 1629 412 Muren.

904 426 933 453 5.
951 426 1140 464 praetentata·
1154 425 1224 455 filii.
1264 425 1349 455 Phil.
1367 425 1400 454 ii.
1422 427 1471 455 18.
1487 428 1520 454 te
1543 433 1632 464 proe-

903 471 1066 497 testatum
1083 468 1261 498 decoxisse.
1284 469 1410 498 Domit.
1425 470 1475 502 37.
1487 472 1631 507 μητίετ-

902 512 965 540 {ati
996 511 1137 547 inimici,
1170 512 1209 541 de
1237 512 1327 541 Coss.
1356 511 1444 541 conf.
1482 510 1568 541 Phil.
1595 511 1629 541 ii.

903 555 955 584 43.
979 559 1014 583 et
1040 554 1084 583 ibi
1105 554 1210 584 Graev.
1241 556 1344 584 Attic.
1361 555 1402 584 vi.
1435 558 1461 584 l.
1488 563 1630 593 magnus

892 601 1107 635 proetextatus
1132 597 1189 627 illo
1206 597 1258 627 die
1284 598 1343 628 fui.
1369 598 1483 628 Sermo
1509 603 1560 627 est
1587 598 1632 628 de

899 650 938 669 eo
956 640 1020 677 die,
1037 650 1101 679 quo
1118 640 1336 670 Consulatum
1353 641 1515 681 deposuit.
1535 641 1629 671 Proe-

903 686 1047 714 textatus
1069 693 1159 723 ergo,
1175 689 1214 714 ut
1230 684 1329 714 Dom.
1344 687 1396 717 37.
1427 687 1477 714 est
1493 684 1630 723 Consul,

904 728 1132 766 magistratus.
1334 745 1340 752 ·

945 770 1088 809 Ρνιειον,
1115 770 1195 800 olim
1220 779 1341 800 nomen
1360 770 1528 808 Consulis,
1548 771 1626 810 quia

902 814 1067 844 exercitus
1091 814 1178 844 idem
1202 813 1356 844 ducebat.
1387 814 1468 853 Leg.
1485 814 1530 844 iii.
1547 817 1577 845 3.
1607 825 1625 845 e

901 857 958 887 xii.
974 858 1064 888 tabb.
1081 858 1171 897 regio
1198 857 1338 896 imperio
1366 857 1431 887 duo
1459 861 1572 894 sunto,
1589 857 1629 888 ii-

902 910 965 939 que
982 901 1178 940 praeeundo,
1194 900 1390 939 judicando,
1408 900 1627 939 consulendo,

902 944 1078 982 Proetores,
1101 944 1244 983 judiees,
1271 944 1430 975 Consules
1459 943 1628 984 appellan-

902 993 966 1018 taeor.
1002 988 1062 1018 Est
1079 988 1167 1018 enim
1178 992 1302 1026 proetor
1317 988 1448 1028 proprie
1465 987 1543 1018 dux.
1560 988 1626 1018 vid.

901 1031 1051 1062 Perizon.
1066 1032 1154 1062 Diss.
1169 1031 1208 1061 de
1226 1031 1385 1062 Proetorz'o
1398 1041 1429 1072 p.
1447 1035 1477 1062 8.
1501 1031 1520 1049 *
1535 1036 1627 1071 post-

902 1084 941 1105 ea
965 1086 986 1106 a
1013 1075 1197 1105 Consulatu
1229 1080 1382 1114 separata
1406 1080 1465 1105 'est
1489 1075 1628 1114 jurisdi-

900 1119 980 1156 ctio,
997 1121 1031 1149 et
1045 1128 1166 1148 nomen
1190 1119 1340 1158 proetoris
1361 1118 1477 1148 datum
1498 1118 1542 1156 ei,
1569 1119 1626 1157 qui

902 1172 975 1192 eam
1004 1167 1197 1202 acceperat;
1249 1162 1342 1200 isque
1368 1161 1477 1191 dictus
1501 1166 1626 1202 proetor

901 1207 1060 1242 urbanus,
1087 1206 1141 1245 qui
1159 1206 1217 1244 jus
1243 1205 1374 1235 dicebat
1408 1205 1495 1235 inter
1524 1205 1624 1242 cives,

902 1250 995 1288 cujus
1011 1259 1098 1289 serpe
1126 1250 1253 1279 mentio
1281 1258 1332 1288 ap.
1359 1248 1565 1279 Ciceronem.
1594 1259 1624 1278 v.

900 1293 991 1333 Lips.
1009 1293 1145 1323 Excurs.
1169 1292 1211 1323 D.
1229 1292 1270 1322 ad
1284 1291 1392 1322 Tacit.
1407 1291 1493 1322 Anu.
1511 1292 1532 1321 i.
1559 1292 1626 1322 Ad·

902 1336 990 1366 ditus
1013 1341 1087 1376 post
1115 1337 1210 1374 alter,
1235 1335 1290 1375 qui
1309 1335 1365 1374 jus
1393 1335 1518 1365 diceret
1536 1336 1625 1365 inter

901 1380 986 1410 cives
1003 1384 1036 1410 et
1060 1381 1264 1420 peregrinos,
1287 1383 1326 1410 et·
1337 1383 1460 1419 praetor
1476 1380 1625 1418 peregri·

900 1433 963 1454 nus
978 1424 1085 1453 dictus
1103 1429 1174 1453 est:
1193 1423 1231 1453 de
1247 1433 1311 1461 quo
1327 1428 1377 1452 est
1389 1422 1520 1453 erudita
1535 1423 1624 1453 Diss.

902 1467 952 1497 (31.
977 1468 1119 1497 Conradi
1137 1468 1171 1496 in
1193 1467 1354 1505 Parergis.
1402 1467 1479 1496 Post
1494 1466 1550 1496 alii
1577 1466 1623 1497 rei

901 1510 1054 1541 militaris
1085 1520 1184 1540 causa
1214 1510 1327 1539 creati.
1365 1509 1459 1540 Bello
1490 1509 1624 1548 quidem

902 1554 1027 1584 Punico
1043 1554 1188 1584 secundo
1204 1559 1347 1592 quatuor
1366 1557 1520 1593 proetores
1535 1563 1625 1583 crea—

907 1598 933 1627 ti
948 1597 1053 1635 fuere,
1071 1602 1109 1627 ut
1126 1607 1143 1626 e
1162 1597 1254 1627 Livio
1269 1600 1373 1636 patet.
1396 1596 1490 1626 Bello
1513 1596 1625 1626 Mace-

901 1641 1018 1671 donico
1035 1641 1153 1681 primo,
1170 1640 1259 1670 Coss.
1277 1640 1315 1669 C.
1332 1639 1485 1670 Cornelio
1502 1639 1623 1670 Cethe-

900 1695 941 1724 go
969 1689 1004 1715 et
1025 1686 1065 1724 Ω.
1091 1684 1240 1714 Minucio
1262 1682 1363 1720 Rufo,
1388 1684 1535 1723 primum
1565 1693 1621 1714 sex

899 1729 1002 1758 creati
1032 1727 1254 1757 crescentibus
1279 1727 1353 1764 jam
1377 1727 1566 1767 provinciis,
1589 1729 1624 1756 et

901 1771 1000 1802 latius
1016 1776 1208 1811 patescente
1232 1770 1372 1810 imperio
1389 1781 1416 1800 v.
1435 1770 1506 1800 Liv.
1523 1770 1625 1802 xxxii.

899 1818 951 1849 97.
989 1815 1107 1845 Multis
1135 1815 1230 1844 annis
1268 1817 1344 1853 post
1369 1824 1386 1843 e
1412 1813 1484 1852 lege
1513 1813 1625 1844 ssaebia

898 1859 1019 1888 iterum
1052 1866 1195 1897 quatuor
1221 1857 1357 1887 alternis
1384 1858 1479 1887 annis
1506 1857 1623 1894 creati,

898 1903 942 1932 ib.
959 1902 1003 1932 xl.
1014 1904 1066 1933 44.
1083 1902 1140 1931 ubi
1156 1912 1183 1930 v.
1199 1901 1329 1931 Duker.
1355 1900 1418 1931 Sed
1434 1910 1474 1930 ea
1488 1900 1540 1930 lex
1557 1903 1624 1930 sta-

896 1947 958 1975 tim
984 1945 1154 1982 obsolevit,
1175 1951 1207 1974 et
1226 1945 1403 1984 pristinum
1428 1944 1623 1975 institutum

898 1989 1031 2020 mansit.
1057 1989 1140 2019 Cum
1174 1999 1202 2018 a.
1236 1988 1277 2017 U.
1308 1996 1399 2017 Dciv.
1423 1988 1622 2026 quaestioues

898 2036 1068 2073 perpetuae
1100 2032 1259 2061 constitui
1302 2031 1490 2071 coepissent,
1519 2031 1620 2061 iidem

892 2081 1051 2116 proetores
1080 2075 1316 2114 quaestionibus
1348 2074 1495 2115 praefecti
1520 2078 1620 2112 sunt3

902 2126 938 2150 et
954 2120 1032 2150 hinc
1052 2119 1244 2158 quaesitores
1271 2118 1362 2148 dicti.
1387 2127 1417 2147 v.
1445 2117 1622 2156 Quaesitor.

898 2162 1014 2202 Itaque
1041 2173 1154 2192 eorum
1189 2171 1347 2192 numerus
1375 2171 1451 2190 cum
1483 2170 1622 2191 numero

899 2207 1121 2246 quaestionum
1139 2209 1255 2236 auctus
1271 2210 1332 2234 est.
1355 2203 1447 2235 Sulla
1457 2214 1513 2234 sex
1528 2204 1622 2242 fecit,

898 2250 1010 2281 Julius
1034 2250 1144 2279 Caesar
1159 2255 1247 2286 octe,
1265 2248 1344 2278 alios
1367 2248 1493 2278 addidit
1507 2247 1622 2287 Augu-

899 2301 981 2324 stus.
1008 2294 1067 2329 &a
1095 2293 1158 2322 vid.
1179 2293 1312 2322 Man'ut.
1337 2292 1378 2322 ad
1403 2292 1443 2331 Ω.
1470 2291 1521 2321 Fr.
1538 2291 1572 2321 ii.
1593 2295 1620 2322 l.

898 2337 1017 2367 horum
1043 2346 1172 2375 quoque
1189 2335 1303 2365 crebra
1319 2336 1446 2365 mentio
1471 2344 1522 2374 ap.
1551 2334 1625 2366 Cic.

899 2381 1029 2420 v.inp1·.
1055 2380 1162 2418 Pighii
1178 2378 1324 2410 Annales
1349 2379 1390 2409 ad
1414 2388 1444 2408 a.
1475 2377 1515 2408 U.
1544 2381 1621 2412 387.

899 2434 964 2463 quo
980 2425 1105 2464 primus
1111 2427 1234 2463 μηρίον
1245 2427 1386 2452 creatus.
1401 2421 1458 2451 sed
1471 2426 1624 2461 proetores

900 2468 1002 2497 etiam
1030 2467 1123 2504 dieti,
1142 2476 1207 2496 non
1222 2466 1344 2502 solum,
1360 2466 1415 2505 qui
1439 2469 1512 2505 post
1537 2475 1622 2504 prae-

900 2516 1013 2541 turam
1030 2511 1064 2541 in
1083 2510 1161 2539 urbe
1186 2510 1373 2539 missisunt
1398 2509 1431 2538 in
1460 2508 1625 2548 provinci-

900 2564 967 2590 am,
984 2559 1018 2585 et
1043 2554 1263 2593 Propraetores
1295 2562 1424 2591 quoque
1450 2550 1622 2591 appellati,

899 2598 1005 2636 qualis
1016 2597 1133 2627 Verres
1145 2601 1265 2636 proelor
1279 2595 1420 2633 Siciliae;
1438 2595 1494 2624 sed
1504 2596 1621 2632 etiam,

899 2642 956 2680 qui
982 2646 1057 2680 post
1085 2639 1318 2675 Consulatum,
1347 2643 1380 2668 et
1403 2638 1460 2677 qui
1489 2639 1620 2678 proprie

902 2683 1141 2714 Pro-Consules
1169 2683 1260 2713 dicti.
1284 2683 1338 2711 Sic
1367 2682 1408 2712 ad
1423 2681 1498 2711 Div.
1514 2682 1548 2711 ii.
1570 2685 1620 2715 17.

900 2727 1040 2757 Bibulus
1058 2727 1211 2756 procons.
1222 2727 1257 2765 S)
1267 2726 1323 2755 riae
1339 2724 1621 2765 appellaturprae-

900 2775 963 2808 tor,
992 2771 1034 2800 ad
1060 2780 1157 2808 quem
1189 2769 1297 2799 locum
1325 2779 1354 2798 v.
1381 2769 1513 2798 Manut.
1553 2767 1620 2797 Ita-

901 2824 963 2853 que
980 2824 1047 2844 non
1064 2817 1147 2849 erat,
1163 2822 1263 2851 quare
1282 2812 1415 2851 Pighius
1443 2812 1485 2841 ad
1501 2822 1530 2841 a.
1548 2813 1621 2845 544.

899 2857 992 2890 Verr.
1017 2857 1064 2888 iii.
1083 2859 1134 2888 54.
1158 2866 1217 2897 pro
1243 2855 1443 2887 Proetorz'bus
1468 2854 1532 2894 legi
1555 2853 1621 2885 vel·—
