1800 3131
122 88 204 128 282

122 190 212 227 ptor,
229 194 307 216 cum
323 195 399 216 eam
415 185 484 215 edit
507 185 735 225 spectandam.
758 186 856 218 Brut.

127 232 177 261 18.
206 229 321 261 Livius
345 230 458 259 minor
472 229 539 259 fuit
554 228 726 269 aliquanto
743 230 783 267 is,
800 232 857 270 qui

122 274 252 314 primus
266 273 414 303 fabulam
427 273 532 310 dedit,
542 283 643 312 quam
655 274 691 310 ii,
702 274 757 312 qui
771 275 858 304 niul-

124 321 175 348 tas
190 318 379 348 docuerant.
407 316 508 348 Tusc.
524 318 566 347 iv.
583 319 636 351 29.
665 318 751 348 Cum
775 317 858 347 Ore-

123 366 209 392 stem
242 360 390 391 fabulam
422 360 599 402 Euripides
626 361 763 398 doceret,
790 361 858 401 pri-

125 415 198 436 mos
226 409 295 435 tres
322 415 436 435 versus
461 414 629 435 revocasse
653 405 776 435 dicitur
799 405 857 434 So-

124 454 244 479 crates·
273 448 349 479 add.
372 448 462 479 Mur.
487 452 517 480 3.
547 449 566 466 ¹*
581 448 724 478 Causam
749 448 858 478 docere

123 493 250 525 dicitur
273 492 312 523 de
337 492 471 531 cliente,
490 502 567 523 cum
592 501 666 521 eam
690 491 800 521 defert
816 491 858 521 ad

122 541 315 577 patronum.
340 536 474 567 Cluent.
489 537 540 570 69.
560 545 589 566 v.
602 535 704 565 Gron.
718 535 758 564 de
771 535 856 565 Sest.

123 581 168 612 iv.
183 583 214 612 3.
237 591 271 620 p.
287 582 361 614 272.

167 624 359 656 Dochmius.
383 624 466 654 Orat
483 623 535 654 64.
561 623 726 652 dochmz'us
741 626 857 653 autem

124 679 142 699 e
166 669 314 708 quinque
337 666 483 708 syllabis,
507 666 610 703 brevi,
631 665 760 696 duabus
784 665 857 696 lon-

124 713 187 751 gis,
211 713 315 749 brevi,
340 711 451 749 longa,
476 713 516 739 ut
539 713 590 739 est
619 709 698 740 hoc:
731 709 856 741 amicos

121 761 229 787 tenes.
253 756 306 786 Sic
323 754 410 784 edidi
427 763 486 794 pro
503 753 593 794 vulg.
610 753 809 784 Dochimus.
825 764 855 784 v.

125 805 196 831 not.

167 844 292 876 Docilis
307 852 383 872 cum
400 850 541 882 praepos.
564 840 606 871 ad
620 841 720 873 Tusc.
735 841 769 872 ii.
786 842 817 872 6.

168 888 332 919 Doctrina
347 885 472 916 dicitur
485 890 561 916 tum
573 885 613 915 de
627 885 856 923 institutione,

123 935 197 962 tum
222 931 261 960 de
278 941 330 968 eo,
348 929 438 969 quod
454 939 494 959 ex
517 929 733 959 institutione
759 928 857 959 disci-

124 980 191 1005 tur.
208 975 328 1005 Prioris
344 973 600 1013 significationis
614 972 686 1003 haec
703 972 857 1013 exempla

123 1023 243 1049 sunto:
265 1019 322 1049 Or.
336 1019 370 1048 ii.
383 1020 435 1049 54.
459 1017 606 1047 doctrina.
617 1017 760 1047 tradere.
777 1016 856 1047 ibid.

124 1065 177 1094 25.
207 1063 389 1112 doctrinam
412 1061 552 1092 redolet.
580 1061 670 1092 Sext.
694 1061 746 1092 56.
773 1060 857 1091 mihi

124 1107 228 1137 sumsi
244 1106 307 1137 hoc
324 1106 398 1136 loco
413 1106 597 1136 doctrinam
613 1105 782 1144 quandam
799 1104 857 1144 ju-

125 1151 271 1188 ventuti,
288 1150 345 1190 qui
370 1155 481 1180 essent
504 1150 696 1189 optimates.
726 1148 809 1188 Leg.
833 1149 856 1180 i.

124 1197 178 1228 22.
194 1205 214 1224 a
230 1194 303 1234 lege
319 1193 449 1224 vivendi
466 1194 614 1224 doctrina
629 1192 777 1223 ducitur.
795 1193 856 1224 ἃς.

124 1239 262 1269 alterius
275 1238 364 1269 haec:
385 1238 443 1269 Or.
456 1238 503 1268 iii.
515 1240 566 1268 31.
587 1237 734 1267 doctrina
747 1237 858 1276 pueri-

123 1282 184 1313 lis:
210 1282 243 1313 h.
256 1292 285 1313 e.
297 1287 385 1313 artes
401 1282 520 1321 quibus
534 1281 628 1322 pueri
644 1280 856 1312 erudiuntur.

125 1326 220 1358 Balb.
251 1330 279 1357 l.
311 1326 423 1356 studia
449 1326 614 1363 (loctrinae,
643 1324 683 1355 dc
713 1324 857 1365 philoso-

125 1370 215 1410 phia.
254 1372 313 1401 Or.
344 1370 391 1400 iii.
422 1372 474 1401 32.
511 1368 664 1399 liberales
693 1369 856 1399 doctrinae.

126 1414 146 1432 ²*
157 1414 335 1444 methodus
349 1413 490 1443 docendi
513 1413 569 1443 Or.
586 1413 621 1443 ii.
638 1415 686 1447 19.
710 1413 857 1443 doctrina

125 1468 243 1489 eorum
261 1463 313 1488 est
328 1456 542 1498 perridicula,
560 1457 582 1487 i.
597 1467 626 1487 e.
644 1456 775 1494 modus,
792 1466 857 1497 quo

125 1502 167 1532 de
182 1502 376 1541 eloquentia
392 1501 603 1542 praecipiunt.

169 1546 428 1583 Documentum,
458 1544 640 1585 exemplar.
672 1544 771 1582 Dom,
803 1547 856 1575 48.

124 1590 291 1621 scelerum
309 1589 578 1629 flagitiorumque
596 1588 834 1618 documentum.

169 1634 318 1674 Dogma,
336 1633 509 1663 decretum
526 1632 702 1669 doctriuae,
717 1632 804 1671 quod
822 1632 857 1662 in

125 1678 299 1720 principiis
326 1678 381 1714 sit,
406 1682 442 1707 et
469 1677 509 1706 ab
536 1677 690 1706 omnibus
719 1676 858 1706 concedi

125 1722 256 1752 debeat.
290 1721 392 1752 Acad.
416 1721 458 1751 iv.
482 1723 535 1751 43.
564 1721 684 1758 dogma
707 1720 856 1760 prodere.

126 1766 247 1806 dogma
270 1766 314 1796 ibi
332 1770 383 1795 est
396 1764 477 1795 hoc:
504 1774 571 1794 nou
587 1773 657 1794 esse
674 1764 858 1794 assentien-

130 1809 211 1840 dum
229 1810 412 1849 incognito.
437 1808 478 1838 cf.
496 1808 575 1838 ibid.
592 1818 620 1838 c.
638 1812 670 1842 9.

169 1854 319 1885 Βοῑὲυηι.
344 1853 440 1884 Brut.
460 1855 510 1883 33.
534 1853 562 1882 si
574 1857 690 1892 potare
707 1851 799 1889 velit,
818 1851 857 1882 de

125 1898 207 1929 dolio
231 1898 292 1928 sibi
315 1896 539 1927 hauriendum
566 1900 674 1936 putat.
720 1895 858 1926 Dolium

126 1945 179 1973 est
196 1952 253 1972 vas
270 1951 433 1981 magnum
449 1940 616 1970 vinarium
632 1940 667 1969 in
683 1939 768 1969 cella
781 1940 858 1970 sub—

125 1991 293 2023 terranea,
308 1986 343 2015 in
356 1995 421 2024 quo
433 1985 548 2015 vinum
562 1993 677 2013 recens
693 1991 858 2022 servatur,

126 2030 217 2060 unde
230 2029 349 2060 deinde
364 2028 578 2059 defunditur'
571 2037 605 2058 ιιι
621 2031 723 2057 testas
739 2031 774 2057 et
789 2037 858 2057 am-

127 2074 261 2114 phoras,
278 2076 312 2103 et
327 2074 361 2103 in
378 2072 577 2113 apothecam
598 2071 763 2102 conditur.
780 2070 858 2101 hinc

126 2118 241 2148 vinum
266 2126 382 2147 recens
398 2117 521 2147 doliarc
536 2116 670 2153 dicitur,
688 2116 784 2154 eique
800 2125 858 2155 op-

126 2162 263 2202 ponitur
279 2161 444 2191 def.usum
469 2159 557 2190 Illud
572 2159 724 2189 homines
739 2163 858 2189 tenues

126 2206 247 2236 bibunt
271 2209 304 2235 ct
320 2214 496 2246 pauperes,
513 2204 575 2234 hoc
591 2203 767 2234 beatiores.
793 2202 857 2233 vid.

126 2250 262 2280 Abram.
279 2249 321 2279 ad
337 2249 422 2278 Phil.
438 2249 472 2278 ii.
489 2251 540 2281 ⁶27.

171 2293 386 2324 Domesticus.
409 2293 468 2323 Or.
479 2295 531 2323 43.
551 2290 856 2327 domesticoeliterae,

126 2341 219 2375 sunt,
237 2347 310 2377 quae
334 2346 402 2366 non
426 2336 591 2376 prodeunt
608 2335 642 2365 in
660 2335 783 2372 sorum,
801 2345 859 2364 cu-

127 2382 211 2412 riam
234 2382 292 2411 &c.
316 2381 411 2411 Vcrr.
429 2381 475 2410 iii.
493 2381 545 2410 61.
569 2380 775 2410 domesticum
795 2378 859 2408 cri·

128 2435 220 2462 men,
236 2435 294 2465 pro
320 2425 411 2462 ficto,
429 2423 519 2463 quod
543 2423 633 2453 domi
656 2422 858 2452 accusatoris

129 2472 248 2498 natum
277 2473 311 2498 et
337 2469 567 2507 excogitatum
594 2471 655 2497 est..
687 2467 776 2496 Sext.
803 2469 857 2496 45.

127 2514 303 2543 domesticis
315 2512 410 2542 malis
422 2511 575 2551 impediti
589 2522 595 2540 z
621 2511 642 2540 i.
656 2521 684 2540 e.
699 2521 763 2540 aere
780 2510 859 2540 alie-

128 2566 183 2587 no.
200 2557 253 2586 Sic
271 2556 369 2586 Catil.
388 2557 409 2586 i.
427 2556 457 2585 6.
482 2556 653 2585 domestica
668 2554 858 2584 difficultas.

128 2600 229 2630 Catil.
254 2600 274 2630 i.
299 2601 327 2630 6.
353 2600 524 2629 domestica
547 2598 734 2639 turpitudo,
757 2598 796 2627 de
821 2598 860 2627 li-

127 2644 287 2674 bidinosis
312 2643 461 2682 flagitiis,
479 2643 611 2673 luxuria
633 2646 667 2671 et
683 2642 857 2672 similibus.

172 2687 398 2719 Domicilimn.
430 2686 523 2717 Balb.
549 2690 579 2717 5.
611 2692 649 2716 ut
672 2687 742 2725 ejus
759 2687 859 2715 domi-

127 2733 239 2762 cilium
254 2730 367 2770 gloriae
384 2730 572 2760 communis
589 2730 720 2769 imperii
737 2729 859 2759 linibus

127 2776 340 2806 terminetur.
367 2774 459 2804 Orat.
483 2775 504 2804 i.
527 2776 579 2805 23.
606 2774 713 2804 Roma
736 2773 861 2803 dicitur

129 2819 262 2860 imperii
285 2823 319 2848 et
343 2817 456 2857 gloria),
480 2819 687 2848 domicilium.
717 2817 758 2847 ad
782 2817 859 2847 Div.

127 2864 193 2894 xvi.
215 2866 261 2896 17.
279 2860 355 2891 huie
368 2862 467 2891 verbo
480 2861 649 2901 proprium
663 2862 861 2891 domicilium

127 2911 181 2939 est
207 2907 243 2938 in
269 2905 388 2937 officio.
420 2905 529 2936 Pison.
553 2908 604 2936 31.
636 2915 773 2935 suorum
798 2905 860 2934 im-

626 96 773 125 INDEX
803 98 906 126 LA'rl
913 99 939 126 N
946 99 1061 127 1TAT1
1068 100 1085 127 S
1093 118 1101 127 .

900 187 1173 228 probissimorum
1204 197 1398 219 sermonum
1430 189 1634 223 domicilium

899 232 934 261 in
956 232 1090 263 auribus
1107 232 1224 262 vestris
1242 231 1497 264 collocaverunt.

943 275 1099 306 Domino.
1131 277 1188 307 Or.
1214 276 1247 306 ii.
1272 277 1324 306 60.
1357 283 1478 307 natura
1499 279 1630 309 domina

900 323 972 349 est:
998 319 1029 349 h.
1047 331 1076 350 e.
1094 321 1126 350 in
1145 320 1206 350 hac
1223 329 1258 350 re
1274 319 1456 359 plurimum
1472 321 1572 352 valet.

941 362 1134 401 Dominari,
1159 364 1342 403 plurimum
1367 363 1490 401 valere,
1514 366 1632 404 praeci·

898 415 1004 445 puum
1022 416 1104 437 esse.
1120 408 1213 438 Orat.
1232 408 1251 437 i.
1270 410 1300 438 8.
1323 407 1515 446 eloquentia
1529 409 1630 438 domi-

898 451 1046 480 natui-in
1059 450 1169 481 liberis
1181 451 1383 481 civitatibus.
1400 451 1478 481 ibid.
1500 454 1547 482 14.
1566 452 1629 482 hoc

899 493 1090 523 dominatur
1119 495 1153 524 in
1180 501 1321 524 oratore.
1353 495 1371 512 ’¹‘
1400 495 1434 524 in
1461 495 1573 525 Caecil.
1596 498 1629 529 7.

901 537 1063 567 dominari
1078 538 1112 567 in
1129 538 1272 576 judiciis,
1288 538 1459 575 dicuntur,
1471 539 1527 577 qui
1543 548 1632 569 sem-

900 590 960 620 per
983 581 1138 611 obtinent
1159 591 1275 611 causas
1299 583 1401 613 etiam
1424 583 1580 620 injustas,
1596 589 1631 620 et

901 623 996 655 malis
1009 624 1148 655 artibus.
1167 625 1185 642 ’ἓ
1196 625 1290 655 Verr.
1305 626 1338 656 ii.
1354 629 1403 660 19.
1427 627 1460 656 in
1474 627 1632 656 auctione

898 668 1060 698 dominari
1082 668 1254 706 dicuntur,
1269 670 1388 708 quibus
1411 671 1445 700 in
1461 670 1630 700 auctioni-

897 711 959 741 bus
984 712 1108 749 omnia,
1129 721 1202 751 quae
1226 712 1356 749 volunt,
1378 714 1479 742 etiam
1504 713 1632 743 levissi-

898 764 956 785 ma
977 755 1161 786 licitatione
1180 756 1219 785 ab
1237 756 1275 786 iis
1294 756 1396 794 facta,
1412 757 1626 788 addicuntur.

898 799 1065 830 *Cluenn
1093 802 1145 830 ⁶25.
1173 799 1302 837 bestiae,
1326 800 1513 830 dominante
1534 800 1630 831 fame

899 843 959 873 &c.
975 844 996 873 i.
1013 853 1043 874 e.
1060 848 1213 882 urgente.

941 886 1146 918 Dominatio.
1170 887 1246 917 Act.
1260 887 1328 917 i.in
1343 887 1437 917 Verr.
1456 889 1505 918 12.
1530 887 1632 918 domu!-

897 932 987 961 natio
995 931 1213 969 judiciorum.
1237 931 1331 961 Verr.
1348 942 1377 960 v.
1392 932 1446 962 63.
1467 931 1562 971 regia
1575 932 1632 962 do-

899 976 1035 1005 minatio
1050 975 1084 1004 in
1094 975 1242 1013 judiciis.
1260 985 1289 1005 v.
1307 975 1483 1005 dominari.

941 1018 1151 1049 Dominatus.
1182 1018 1240 1049 Or.
1264 1019 1310 1049 iii.
1327 1023 1379 1054 59.
1409 1019 1444 1048 in
1465 1029 1505 1048 eo
1521 1019 1631 1049 omnis

897 1062 1083 1094 dominatus
1109 1067 1161 1093 est
1187 1062 1384 1093 oculorum:
1418 1062 1452 1092 h.
1486 1073 1515 1092 e.
1542 1063 1632 1093 oculi

898 1105 1083 1147 plurimum
1108 1106 1233 1136 valent.
1261 1106 1342 1137 Nat.
1365 1107 1410 1137 D.
1433 1106 1467 1136 ii.
1483 1107 1536 1138 60.
1563 1111 1633 1136 ter·

898 1160 1056 1181 renorum
1088 1150 1340 1181 commodorum
1371 1150 1482 1180 omnis
1511 1157 1564 1180 est
1595 1151 1630 1180 in

898 1194 1033 1226 homine
1049 1194 1246 1225 dominatus.

941 1238 1146 1270 Dominizcm.
1169 1238 1263 1268 Verr.
1281 1237 1327 1268 iii.
1342 1239 1373 1267 4.
1396 1236 1495 1276 hujus
1512 1247 1632 1277 argen-

897 1286 933 1313 to
950 1283 1093 1314 dominia
1115 1287 1227 1312 vestra
1248 1281 1370 1311 ornari.
1392 1280 1492 1311 lectio
1510 1281 1633 1311 Grute-

899 1326 1004 1364 riana,
1015 1336 1115 1366 quam
1126 1326 1368 1366 interpretatur
1379 1324 1420 1355 de
1431 1326 1630 1364 magisteriis

899 1370 966 1400 vini
996 1376 1058 1401 aut
1082 1370 1207 1410 regnis,
1231 1378 1305 1408 quae
1332 1368 1492 1398 Horatius
1518 1373 1627 1399 vocat.

898 1414 964 1445 Sed
986 1414 1135 1444 Graevius
1159 1414 1287 1453 recepit
1310 1412 1514 1452 reliquorum
1532 1411 1632 1442 libro-

899 1468 973 1488 rum
997 1458 1197 1488 lectionem:
1223 1457 1341 1487 domus
1365 1460 1504 1493 vestras,
1518 1460 1554 1486 et
1575 1457 1630 1486 do-

898 1503 1003 1533 minia
1026 1502 1075 1533 ita
1097 1501 1162 1533 dici
1177 1510 1272 1541 posse
1289 1501 1435 1540 negavit.
1457 1499 1630 1538 Dominio,

898 1546 978 1585 quia
999 1546 1034 1576 in
1052 1545 1147 1575 bonis
1164 1544 1266 1575 Codd.
1285 1548 1457 1585 repertum
1473 1543 1537 1578 hoc
1555 1554 1628 1574 ver-

897 1590 979 1620 bum
1003 1594 1067 1627 est,
1084 1599 1151 1619 non
1175 1589 1280 1618 ausim
1306 1588 1456 1628 rejicere,
1472 1592 1506 1617 et
1521 1588 1555 1617 in
1572 1588 1629 1618 do·

899 1643 974 1663 mus
997 1638 1123 1663 vestras
1140 1637 1312 1664 mutatum
1329 1631 1441 1668 credo,
1458 1631 1547 1670 quod
1562 1641 1630 1664 non

900 1677 1156 1717 intelligeretur.
1195 1677 1326 1707 Domus
1358 1678 1482 1705 vestras
1515 1680 1630 1706 autem

901 1731 968 1751 non
993 1726 1105 1761 potest
1127 1730 1197 1751 esse
1218 1730 1238 1750 a
1262 1719 1436 1757 Cicerone,
1452 1719 1541 1758 quod
1556 1719 1634 1749 nul-

899 1765 970 1795 lum
994 1764 1187 1805 exemplum
1211 1764 1336 1804 poterit
1358 1762 1482 1800 afferri,
1497 1773 1562 1802 quo
1579 1773 1632 1792 ar-

900 1816 1002 1849 gento
1026 1809 1144 1839 domus
1168 1808 1279 1838 ornari
1303 1807 1452 1842 dicatur„
1470 1807 1574 1846 Signa
1595 1807 1632 1838 in

900 1853 1076 1883 domorum
1099 1855 1220 1882 ornatu
1238 1851 1493 1881 commemorari
1513 1851 1633 1880 memi.

900 1898 948 1935 ni,
961 1901 1140 1936 argentum
1153 1905 1220 1926 non
1233 1895 1327 1925 item.
1344 1894 1503 1925 Convivia
1514 1900 1630 1925 autem

899 1941 1050 1973 exornari
1075 1948 1227 1980 argento,
1243 1938 1315 1970 scil.
1330 1939 1366 1970 in
1382 1938 1491 1968 abacis
1507 1939 1631 1979 posito,

901 1994 968 2016 non
985 1984 1089 2015 semel
1105 1984 1195 2024 apud
1212 1983 1406 2013 Ciceronem
1424 1982 1571 2022 aliosque
1584 1981 1632 2012 le-

900 2029 944 2067 gi.
979 2029 1081 2068 Atqui
1112 2032 1241 2058 veteres
1269 2027 1309 2058 de
1336 2026 1493 2057 conviviis
1519 2026 1633 2056 dixere

900 2073 1057 2110 dominia,
1075 2072 1163 2111 quod
1187 2071 1354 2101 Graevium
1370 2070 1535 2110 fugiebat,
1551 2079 1631 2100 cum

900 2127 940 2146 ea
963 2117 1134 2146 scriberet.
1158 2115 1243 2146 Gell.
1267 2115 1302 2145 ii.
1319 2117 1372 2146 24.
1395 2114 1430 2144 in
1454 2124 1519 2152 quo
1542 2113 1632 2143 SCto

899 2160 1060 2198 iubentur
1085 2159 1251 2200 principes
1278 2158 1436 2195 civitatis,
1460 2158 1517 2196 qui
1544 2156 1632 2187 ludis

900 2204 1149 2244 Megalensibus
1174 2203 1312 2241 antiquo
1333 2203 1399 2232 ritu
1418 2202 1632 2239 mutitarent,

900 2248 932 2278 h.
949 2259 981 2278 c.
995 2252 1116 2278 mutua
1137 2248 1225 2277 inter
1240 2256 1274 2276 se
1291 2246 1434 2276 dominia
1450 2245 1634 2284 agitarent,

894 2293 1010 2331 jurare
1041 2293 1100 2322 &a
1126 2291 1161 2321 in
1185 2301 1249 2330 quo
1272 2290 1345 2320 loco
1368 2289 1504 2329 quidam
1528 2288 1633 2318 inter-

901 2339 1155 2375 pretamentum
1167 2334 1317 2364 convivia
1333 2337 1544 2373 receperunt.
1567 2331 1635 2363 Sed

902 2380 1036 2410 Fulvius
1072 2380 1106 2409 in
1137 2376 1463 2419 append.·Triclinii
1497 2376 1633 2406 Ciacco-

901 2424 990 2454 niani
1015 2430 1050 2453 et
1074 2423 1206 2463 Lipsius
1225 2421 1393 2452 Saturnal.
1417 2421 1438 2450 i.
1458 2423 1508 2454 19.
1531 2420 1634 2450 domi-

901 2469 957 2498 nia
969 2468 1197 2498 restituerunt.
1210 2476 1240 2496 v.
1257 2465 1401 2495 Gronov.
1418 2463 1460 2494 ad
1471 2463 1504 2493 h.
1518 2463 1538 2493 l.
1562 2463 1632 2494 Do-

901 2512 1003 2542 minio
1020 2515 1133 2541 autem
1152 2510 1313 2540 dicuntur
1328 2508 1490 2544 convivia,
1506 2517 1574 2537 non
1590 2507 1634 2537 ab

901 2555 966 2585 illis
983 2554 1183 2594 magisteriis
1201 2552 1408 2588 Horatianis,
1424 2555 1465 2580 ut
1487 2551 1634 2581 Grutero

900 2599 1022 2636 visum,
1039 2598 1097 2629 sed
1120 2608 1140 2628 a
1155 2598 1280 2628 domino
1303 2595 1455 2625 convivii.
1478 2605 1508 2624 ν.
1525 2594 1632 2624 domi-

901 2653 976 2673 nus

945 2672 1119 2717 Domz'nos.
1151 2684 1225 2715 Act.
1249 2684 1270 2713 i.
1299 2682 1393 2712 verr.
1419 2686 1450 2716 9.
1485 2681 1637 2712 dominus

902 2730 1129 2765 comitiorum,
1153 2728 1290 2764 dicitnr,
1315 2727 1372 2766 qui
1399 2725 1634 2764 largitionibus

902 2774 1018 2812 efficit,
1043 2779 1081 2803 ut
1105 2776 1274 2808 creentur,
1294 2780 1376 2809 quos
1398 2769 1490 2799 velit.
1513 2769 1633 2808 Quint.

904 2821 934 2848 5.
959 2818 1108 2848 dominus
1125 2815 1303 2851 auctionis,
1320 2819 1371 2843 est
1386 2814 1427 2851 is,
1440 2812 1497 2852 qui
1509 2811 1635 2850 aliquid

903 2862 944 2891 de
967 2871 1028 2892 suo
1051 2860 1208 2890 auctione
1231 2857 1358 2887 vendit.
1386 2858 1476 2887 Sext.
1501 2859 1553 2890 59.
1580 2855 1634 2885 do-

906 2906 988 2935 mini
1005 2905 1219 2941 concionum,
1231 2907 1312 2933 sunt
1328 2901 1479 2932 homines
1496 2899 1634 2941 popula-
