1804 3178
627 139 772 168 mnnx
804 132 1098 174 LA'rlNITATls.

112 225 181 258 m
206 231 241 261 9.
269 226 490 264 convertistis,
514 230 635 266 praeter
660 228 838 257 necessita-

111 275 192 301 tem.
236 269 323 301 Nam
348 269 494 311 ootgsbrre
517 269 668 300 Ciceroni
690 271 756 301 dici
778 280 837 310 pro

112 318 318 351 convertere,
334 323 411 344 eum
434 312 518 344 illud
540 313 650 350 docet,
669 313 756 353 quod
779 323 836 344 an·

110 362 168 387 tea
197 357 428 397 proposuimus
454 367 494 387 ex
522 355 631 395 Ligar.
661 360 688 388 1.
717 357 837 388 oratio-

112 410 190 431 nem
205 400 246 431 ad
261 399 518 431 misericordiam
534 399 698 440 cmgferre:
724 401 757 431 in
772 410 837 440 quo

111 444 285 474 commode
309 443 455 484 conferre
480 454 539 484 per
564 448 754 474 convertere
781 454 837 474 ex-

111 487 231 529 plices:
255 486 315 518 sed
329 488 430 517 etiam
447 486 534 517 haec:
560 487 709 518 Marcell.
725 488 757 518 6.
780 488 836 518 Dii

111 541 204 571 spem
221 530 338 562 salutis
359 530 401 561 ad
424 530 638 562 clementiam
655 531 786 562 victoris
804 536 838 562 et

111 574 309 615 sapientiam
320 576 538 605 contulerunt.
558 574 706 605 Phil.xii.
718 578 748 606 3.
767 585 837 606 con-

99 617 200 659 ferre
214 627 249 648 se
265 618 299 647 in
315 617 456 648 salutem
473 618 612 658 reipubl.
638 619 702 649 Off.
720 620 765 650 iii.
782 621 836 650 ⁶20.

110 671 151 692 ex
176 660 311 691 homine
334 670 369 690 se
394 660 532 701 conseret
559 663 594 692 in
614 662 770 693 belluam.
799 668 839 694 ut

111 704 208 735 ovid.
231 703 316 734 Met.
343 705 400 735 xii.
433 708 503 736 145.
535 715 655 745 corpus
678 706 771 742 Deus
794 715 837 736 oe—

109 749 222 787 quotis
233 746 336 778 altam
351 748 493 780 contulit
511 749 544 779 in
561 749 740 780 volucrem.
769 749 838 779 *ad

110 792 184 822 Att.
197 792 267 822 xiii.
288 794 336 822 19.
365 802 434 822 rem
459 793 500 822 ad
518 802 571 822 me
586 802 656 823 esse
672 794 837 830 collatam,

112 844 171 876 pro
180 834 338 873 delatam,
347 845 468 876 nempe
477 835 519 866 ad
527 836 699 866 arbitrium
711 846 821 866 meum
828 859 837 874 ‚

110 883 152 910 ut.
178 878 219 909 de
248 888 289 909 ea
317 879 531 910 constituam.
560 880 660 911 *Ate
689 880 758 910 xiii.
789 883 838 914 19.

111 922 312 953 Academica
334 932 412 953 cum
430 922 563 959 Catulo,
579 922 734 960 Lucullo,
752 923 838 954 Hor-

111 967 221 997 tensio
236 967 448 997 contuleram.
478 966 686 997 *deliberare
709 966 751 997 ad
768 967 838 997 Att.

112 1011 177 1040 xvi.
205 1013 236 1041 3.
265 1019 377 1040 coram
406 1008 470 1039 hoe
498 1009 708 1050 conferemus,
738 1015 838 1050 atque

112 1053 152 1084 de
169 1053 231 1083 hoc
245 1052 512 1084 deliberabimus.

161 1095 341 1137 Cimsertus.
371 1096 472 1127 Tusc.
498 1096 545 1127 iii.
579 1099 627 1131 19.
659 1095 744 1127 liber
766 1107 839 1128 con-

101 1138 221 1181 sertus
247 1139 490 1181 voluptatibus:
522 1139 556 1170 h.
581 1150 611 1169 e.
638 1140 673 1170 in
704 1150 769 1179 quo
798 1141 838 1171 de

114 1183 209 1215 nulla
222 1193 271 1222 re,
288 1184 352 1214 nisi
368 1183 408 1214 de
423 1183 660 1223 voluptatibus,
677 1185 801 1222 agitur,
813 1193 839 1214 s.

112 1228 149 1259 in
177 1237 244 1267 quo
272 1227 381 1258 multa
402 1226 442 1257 de
464 1226 636 1267 voluptate
658 1227 841 1268 disputatio

113 1276 176 1302 est.

163 1313 339 1355 Confessus,
355 1315 494 1355 passive.
522 1314 616 1345 Verr.
639 1314 686 1344 iii.
707 1315 759 1346 56.
789 1323 840 1345 res

113 1357 268 1398 corgfessa.

163 1402 343 1443 Gmficiens.
376 1400 485 1432 Flacc.
517 1404 567 1436 19.
600 1402 717 1431 civitas
744 1402 841 1442 confi-

113 1446 308 1477 cientissa'ma
333 1444 525 1475 literarum:
556 1444 737 1485 diligenter
758 1445 842 1476 refe-

114 1499 191 1521 rens
205 1489 321 1520 omnia
334 1488 370 1518 in
384 1487 508 1519 literas.

164 1533 311 1573 &ufic-io,
326 1531 426 1570 facio,
441 1531 536 1563 Verr.
552 1532 594 1562 iv.
608 1534 662 1563 45.
690 1531 843 1572 conficere

114 1586 219 1608 sacra.
248 1575 397 1606 ‘effic-io.
428 1575 543 1606 Pax-tit.
566 1575 620 1606 26.
649 1585 750 1606 causa
771 1585 842 1605 con-

102 1621 233 1663 ficiens.
278 1619 348 1649 Inv.
378 1619 402 1649 i.
437 1621 489 1650 55.
532 1619 649 1649 mitem
680 1618 842 1658 conficere.

117 1667 137 1686 ⁸
150 1663 327 1695 interficio.
356 1661 430 1693 Mil.
450 1665 499 1693 14.
527 1662 597 1693 sica
614 1662 702 1693 illius
719 1671 771 1692 me
786 1672 844 1703 pe-

116 1713 158 1738 ne·
181 1706 325 1747 consede.
350 1706 533 1736 *absumo
563 1705 651 1736 Sext.
669 1709 721 1736 51.
746 1715 844 1736 orna-

116 1756 234 1782 menta
247 1750 408 1790 equestris
422 1749 548 1780 ordinis
562 1748 707 1789 confecit.
726 1749 844 1779 *com-

116 1804 247 1836 parare,
277 1802 406 1833 cogere.
441 1792 548 1823 Flacc.
577 1798 610 1828 9.
643 1792 845 1833 οοηὴεἰεηᾱα)

116 1839 268 1880 pecuniae
287 1837 383 1868 ratio.
410 1836 578 1876 ‘Quinem
605 1839 653 1868 15.
683 1837 844 1877 praeconis

116 1892 179 1914 vox
201 1880 374 1926 predicat,
388 1883 424 1911 et
445 1881 590 1920 pretinm
612 1880 749 1920 conficit,
764 1879 845 1910 defi-

116 1927 180 1958 nit.
204 1924 306 1955 *Ate
322 1924 391 1954 xiii.
412 1926 459 1955 18.
481 1923 691 1964 conficiamus
712 1923 842 1954 hortos:

117 1971 139 2000 i.
156 1979 185 1999 e.
201 1968 374 2008 negotium
390 1967 430 1997 ‹le
446 1967 562 1998 hortis.

165 2011 329 2053 confidens
353 2011 388 2041 in
415 2009 539 2041 malam
565 2014 694 2051 partem
722 2009 847 2041 dicitur

117 2054 375 2091 consuetudine,
399 2053 504 2084 fidens
527 2054 563 2085 in
583 2054 716 2084 bonam.
744 2053 846 2085 Tusc.

116 2101 163 2131 iii.
182 2103 213 2134 7.

295 2142 311 2172 “.
335 2140 376 2171 ad
392 2140 469 2172 Div.
482 2140 524 2172 iv.
541 2144 572 2172 5.
595 2149 655 2180 per
669 2149 751 2180 quos
767 2150 846 2172 con-

117 2187 237 2218 ·‹ulatio
259 2184 390 2225 confieri
413 2183 522 2214 debet.
545 2193 574 2215 v.
592 2183 699 2214 Graev.
720 2189 755 2214 et
777 2184 846 2215 Ou-

117 2229 277 2270 dendorp.
293 2228 336 2259 ad
350 2227 489 2258 Sueten.
507 2227 590 2259 Caes.
603 2229 655 2259 20.
673 2227 790 2258 Heins.
803 2227 845 2259 ad

118 2273 238 2315 virgil.
252 2273 328 2304 AEn.
345 2272 388 2302 iv.
407 2271 478 2302 116.

167 2316 306 2358 Cimfigo.
319 2321 322 2325 ·
336 2314 418 2346 Har.
434 2314 532 2356 Resp.
550 2317 580 2345 5.
607 2312 761 2344 ducentis
775 2324 847 2345 con-

110 2361 208 2406 fixus
221 2360 334 2391 setis:
359 2359 393 2389 in
411 2367 511 2397 quem
535 2357 623 2388 SCta
644 2357 735 2388 facta
756 2361 846 2389 sunt.

119 2405 163 2436 cf.
179 2403 264 2435 Phil.
281 2403 338 2434 xii.
355 2405 386 2436 7.
413 2405 432 2423 ²*
443 2401 527 2432 Phil.
543 2401 598 2431 vii.
615 2402 644 2431 2.
671 2401 847 2441 cogitatio-

119 2457 180 2480 nes
195 2447 230 2478 in
245 2445 384 2488 reipubl.
401 2445 509 2476 salute
531 2444 701 2485 configere,
717 2453 777 2485 pro
793 2444 848 2475 de-

117 2492 235 2532 figere.
249 2501 280 2521 v.
296 2494 332 2520 et
345 2489 521 2529 confixum.

169 2533 380 2575 Corfirmare.
406 2532 543 2572 Quinct.
563 2534 612 2563 11.
635 2541 713 2562 cum
727 2535 763 2562 te
779 2531 849 2572 ipse

120 2578 360 2620 confirmasses.-
394 2575 427 2606 h.
457 2586 486 2606 e.
517 2584 608 2612 curn,
634 2575 849 2614 quantumvis

120 2622 334 2662 obstrepente
353 2619 492 2660 pudore,
508 2617 646 2657 aliisque
669 2618 849 2648 dubitatio-

121 2665 233 2702 nibus,
254 2668 370 2696 tamen
391 2663 563 2693 statuisses
588 2660 682 2691 fortis
707 2670 792 2698 esse,
815 2666 850 2692 et

121 2708 289 2749 appellare
311 2706 484 2738 hominem
507 2705 546 2734 de
569 2704 722 2745 pecunia.
752 2704 850 2735 *ani-

125 2761 217 2782 mum
233 2750 364 2782 addere.
393 2749 471 2779 ibid.
488 2750 540 2779 25.
569 2753 644 2778 tum
669 2747 750 2778 mihi
770 2748 851 2778 Ros-

123 2793 452 2834 cius—-eonfivwmmli
462 2792 526 2822 mei
537 2801 635 2822 causa
643 2791 736 2821 dixit.
751 2790 849 2821 *1³in.

123 2848 154 2868 v.
185 2839 239 2869 32.
269 2837 332 2868 iste
360 2836 452 2866 locus
482 2835 547 2865 tihi
576 2839 626 2865 est
656 2834 852 2875 confirman-

123 2882 195 2912 dus.

173 2923 404 2964 Corfimuatue,
419 2926 542 2960 certus,
558 2921 608 2952 vel
625 2920 720 2952 valde
736 2920 852 2961 proba-

1519 143 1598 188 287

881 228 955 260 bilis
970 240 1008 260 ac
1032 232 1206 264 credibilis.
1239 234 1308 268 lnv.
1327 238 1360 267 ii.
1381 240 1426 269 11.
1455 241 1542 279 quod
1557 252 1598 272 eu

877 273 1102 312 confirmatius
1117 278 1189 307 erit.

926 316 1144 357 affirmatio,
1156 320 1332 351 institutio.
1355 323 1497 359 Ar‹·11.7.
1521 337 1597 357 cuni

878 358 921 388 ad
950 367 1105 391 naturam
1131 363 1285 393 eximiam
1313 372 1412 404 atque
1438 368 1598 400 inusta-m

879 405 1055 434 accesserit
1071 406 1154 435 ratio
1171 407 1320 444 quaedam
1343 411 1601 451 constrmueeoque

879 446 1056 477 doetrinae:
1082 458 1220 488 proquo
1239 460 1314 480 cum
1339 452 1421 485 aliis,
1439 455 1486 483 uti
1511 457 1600 484 (ira--

879 490 943 527 vio,
958 489 1122 521 edidimus
1145 492 1360 523 conformatio
1383 496 1550 526 doctrinm.
1572 509 1600 529 v.

879 540 950 563 not.
987 533 1056 563 Pin.
1083 545 1112 564 ν.
1141 536 1171 565 6.
1204 536 1337 566 inventa
1370 539 1441 568 sitae
1473 543 1523 570 κὶα
1551 548 1601 571 νει

879 577 1140 617 confirmatioque
1154 580 1303 609 omnium
1320 582 1500 612 ‹ulit-iorum
1514 596 1519 612 z
1545 586 1600 615 sud

879 623 912 650 et
938 620 991 670 hic
1019 621 1238 661 proetulerim,
1262 625 1348 662 quod
1376 625 1431 655 ulii
1462 627 1602 665 malunt,

882 666 1101 703 caritot-mulio.

928 706 1150 747 Corfirmatm·.
1178 710 1233 748 qni
1250 711 1458 741 confirmavit
1480 716 1601 752 prumi-

879 751 986 789 sitque
1003 751 1137 790 aliquid.
1162 752 1293 784 Cluent.
1309 755 1362 784 2²6.
1384 761 1553 794 sequester
1568 763 1602 788 et

880 794 1089 834 confirmator
1104 797 1264 834 pecuniae.

918 837 1070 886 *Consum
1096 838 1195 870 Tusc.
1225 841 1267 871 iv.
1296 843 1350 874 37.
1379 842 1504 882 ωηβεὶο
1533 845 1604 875 ani-

880 890 938 911 mi.

929 923 1087 964 Confiteri.
1117 924 1197 964 Leg.
1215 926 1248 956 ii.
1269 928 1317 957 12.
1345 928 1603 968 confitendamm

881 966 1080 1007 religionum
1095 968 1246 1000 facultas.

890 1021 893 1024 ’
928 1011 1097 1052 (orfitum
1111 1012 1231 1043 facere.
1261 1014 1318 1044 Or.
1337 1014 1369 1044 ii.
1387 1015 1439 1045 62.
1469 1025 1487 1045 e
1502 1015 1602 1047 Luci-

880 1053 941 1084 lio:
979 1059 1030 1085 est
1058 1065 1164 1095 genus
1192 1057 1255 1087 cibi
1281 1067 1299 1087 e
1324 1059 1464 1089 concisis
1493 1061 1604 1090 carnis

880 1097 1052 1128 frustulis:
1075 1099 1220 1129 sricasse.

928 1140 1150 1182 C'onflagrare.
1173 1143 1266 1174 Verr.
1281 1144 1302 1174 i.
1322 1147 1370 1175 15.
1394 1145 1518 1176 invidia
1531 1156 1603 1177 eon-

871 1183 1064 1225 flagrasscs.

929 1227 1087 1268 Cmfiurc.
1115 1229 1209 1259 Verr.
1224 1230 1259 1259 ii.
1275 1231 1328 1265 29.
1358 1231 1499 1271 cmgflare
1516 1233 1550 1263 in
1566 1242 1603 1263 se

882 1271 1020 1302 crimen.
1051 1272 1160 1312 Ligar.
1187 1275 1235 1303 12.
1273 1283 1452 1305 consensus
1474 1278 1603 1316 conspi-

883 1324 958 1345 rans
973 1319 1008 1346 et
1023 1325 1108 1355 pene
1122 1315 1291 1356 conflatus.
1320 1319 1337 1336 2‘
1348 1319 1436 1348 Sext.
1451 1321 1503 1350 30.
1532 1330 1604 1350 con-

872 1357 966 1398 flare
994 1360 1190 1398 pecuniam:
1229 1360 1316 1398 quod
1345 1364 1464 1392 merito
1491 1371 1606 1404 suspe-

882 1406 976 1432 ctum
993 1402 1156 1433 Lambino
1170 1409 1204 1433 et
1218 1403 1359 1434 Graevio.

930 1444 1127 1486 &nstin-tari.
1158 1446 1250 1477 Verr.
1278 1447 1324 1477 iii.
1353 1449 1407 1479 28.
1438 1448 1605 1487 iniquissi-

884 1489 945 1518 mis
975 1489 1094 1526 verbis,
1124 1490 1336 1529 iniquissimis
1367 1493 1605 1531 recuperatori-

882 1531 959 1569 bus,
975 1532 1156 1572 conflielari
1178 1533 1356 1564 malebant.
1385 1534 1448 1564 den
1472 1535 1605 1566 Process

883 1574 1015 1606 fuhren.
1042 1576 1156 1613 *μυξη
1179 1577 1201 1606 i.
1227 1580 1276 1608 11.
1305 1577 1420 1608 eadem
1448 1580 1606 1618 supersti-

883 1619 974 1649 tione
990 1618 1218 1659 cmgflz'ctantur
1236 1630 1281 1650 sc.
1297 1625 1466 1659 tamquam
1491 1623 1606 1652 morbo

884 1661 994 1701 aliquo
1017 1663 1130 1693 animi.
1176 1663 1261 1693 Nam
1290 1663 1330 1694 de
1356 1665 1476 1694 morbis
1499 1667 1607 1704 gravi-

884 1706 945 1736 bus
973 1706 1144 1744 eleganter
1178 1706 1358 1746 conflc'ctan’
1390 1708 1521 1738 dicitnr.
1564 1709 1607 1739 ad

884 1749 960 1780 Div.
983 1751 1025 1780 vi.
1052 1753 1099 1780 13.
1131 1759 1149 1779 a
1172 1751 1291 1789 quibus
1312 1761 1347 1781 se
1369 1751 1426 1781 diu
1448 1751 1607 1782 molestiis

884 1791 1102 1832 conflictatum
1118 1796 1225 1834 putat.

932 1836 1103 1876 Confliceio.
1121 1837 1335 1876 comparatio.
1355 1837 1470 1869 Partit.
1488 1838 1537 1868 16.
1552 1840 1604 1872 29.

933 1879 1087 1920 GmflIgo.
1102 1889 1267 1920 comparo.
1285 1880 1355 1910 Inv.
1366 1881 1400 1910 ii.
1411 1884 1464 1912 43.
1478 1881 1606 1912 factum

886 1922 1062 1954 adversarii
1077 1932 1154 1953 cum
1170 1924 1292 1964 scripto
1307 1923 1488 1964 confligere.

933 1966 1071 2006 (bnstuo.
1106 1965 1178 1997 Inv.
1206 1967 1228 1997 i.
1257 1970 1290 1998 4.
1321 1966 1452 2007 confluit
1481 1967 1523 1997 ad
1551 1976 1607 1998 eos

885 2009 968 2041 laus.
998 2009 1098 2040 Tusc.
1115 2010 1148 2040 ii.
1163 2012 1195 2040 53.
1223 2010 1251 2041 si
1267 2010 1309 2041 ad
1324 2010 1394 2040 haec
1409 2010 1520 2040 studia
1532 2011 1606 2051 plu-

887 2063 938 2084 res
953 2052 1182 2094 confluxerint.

935 2096 1159 2137 Cbnjbrmatio.
1191 2097 1282 2128 Orat.
1311 2100 1363 2131 39.
1401 2096 1609 2137 conformatio

886 2141 1074 2177 sententiae,
1090 2150 1150 2180 pro
1165 2140 1290 2180 figura:
1314 2150 1378 2179 quo
1392 2141 1491 2171 verbo
1515 2140 1609 2171 Cice-

887 2193 924 2214 ro
939 2192 1006 2214 non
1024 2184 1145 2214 utitur:
1171 2187 1206 2214 et
1219 2183 1298 2213 dicit
1313 2183 1424 2220 latius,
1437 2193 1537 2223 quam
1550 2194 1608 2215 non

888 2228 924 2258 in
942 2225 1060 2258 libellis
1083 2226 1267 2264 rhetoricis,
1281 2236 1326 2257 sc.
1343 2231 1381 2256 ut
1401 2226 1508 2257 Graeci
1531 2228 1609 2267 σχή-

886 2282 992 2311 pau-2:
1026 2269 1114 2309 quod
1143 2269 1283 2309 intelligi
1311 2273 1422 2310 potest
1448 2280 1466 2299 e
1491 2270 1610 2302 Rutilii

888 2313 975 2354 Lupi
1001 2312 1111 2344 libello
1137 2313 1177 2343 de
1203 2313 1340 2352 Figuris.
1375 2312 1417 2344 cf.
1439 2312 1535 2344 Brut.
1557 2317 1611 2348 37.

888 2356 1001 2397 *Top.
1019 2360 1048 2388 5.
1075 2355 1283 2396 conformatio
1299 2356 1470 2396 insignita,
1484 2360 1537 2387 est
1551 2367 1611 2388 no-

888 2401 948 2432 tio.
979 2399 1057 2431 Nat.
1079 2401 1122 2430 D.
1137 2401 1159 2429 i.
1182 2403 1234 2431 38.
1262 2398 1367 2430 talem
1387 2398 1612 2439 conformatio·

888 2453 964 2475 nem
993 2444 1096 2474 animi
1129 2443 1231 2473 ceteri
1267 2442 1453 2483 philosophi
1481 2448 1612 2474 motum

890 2488 1024 2518 inanem
1052 2486 1181 2522 dieunt,
1204 2487 1226 2517 i.
1251 2495 1281 2516 e.
1307 2487 1466 2526 speciem,
1492 2486 1611 2518 visum.

892 2534 910 2553 ⁸
921 2530 1020 2561 Areh.
1035 2533 1065 2564 7.
1085 2528 1292 2570 conjbrmcaio
1308 2529 1478 2560 doctrinae.
1498 2539 1528 2559 v.
1543 2540 1614 2561 con.

879 2574 1043 2614 firmatio.

939 2615 1156 2656 (informare.
1179 2614 1278 2646 Areh.
1294 2617 1319 2645 1.
1343 2625 1404 2645 vox
1420 2614 1518 2653 huius
1532 2625 1615 2656 prae-

892 2661 997 2700 ceptis
1020 2658 1232 2699 conformata.
1264 2659 1307 2689 ib.
1324 2659 1354 2688 6.
1377 2659 1614 2690 excellentium

892 2705 1036 2734 virorum
1054 2702 1256 2740 cogitatione
1276 2708 1424 2732 mentem
1448 2703 1614 2733 animum-

894 2757 957 2786 que
969 2745 1219 2784 conformabant.
1236 2744 1324 2775 Mur.
1338 2747 1390 2779 (29.
1407 2745 1567 2775 uonnulla
1582 2747 1613 2776 iu

894 2800 928 2820 re
944 2790 1146 2830 conformare
1160 2794 1196 2819 et
1211 2787 1328 2818 leviter
1345 2788 1521 2819 emendare
1545 2799 1615 2828 pos-

894 2843 982 2864 sum.

945 2874 1164 2914 (jafi-ingere.
1195 2874 1287 2906 Verr.
1311 2875 1332 2904 i.
1359 2879 1388 2905 5.
1416 2874 1619 2914 coriti-ingmoe

898 2919 1037 2951 consilia
1058 2919 1238 2956 senatoria,
1255 2928 1313 2958 pro
1337 2919 1381 2956 vi,
1397 2919 1416 2948 i.
1433 2929 1462 2947 e.
1479 2922 1619 2957 pecuinis
