1800 3131
158 218 223 249 que
245 218 320 239 eam
347 216 462 238 vocem
488 205 602 244 fuisse,
628 204 693 236 loci
717 205 823 243 allati,
852 209 888 236 et

156 252 227 290 alii,
250 253 306 292 qui
335 256 414 283 sunt
444 249 532 290 apud
561 253 724 287 auctores,
756 250 886 280 dubita-

156 306 192 327 re
217 305 275 327 nos
299 305 366 326 non
390 295 517 326 sinunt.
560 294 637 325 Non
669 293 754 324 male
785 294 887 333 igitur

154 339 393 377 Tribonianus,
409 343 444 370 et
466 348 507 369 ex
529 341 639 368 vetere
663 346 726 367 usu
750 338 783 367 in
808 337 886 376 Dig.

155 394 188 415 x.
215 386 246 415 9.
281 382 421 414 titulum
443 381 524 413 fecit
547 381 586 412 de
609 381 738 411 familia
770 381 886 411 hercis-

154 427 276 465 cunda,
293 426 451 466 quicquid
466 426 510 456 sit
531 425 570 455 de
587 425 799 464 corruptione
816 433 887 453 ver-

153 471 199 501 bi.
223 470 312 501 Nam
336 469 557 501 Tribonianus
583 469 653 506 ejus
678 472 796 497 auctor
819 476 886 497 non

155 514 234 552 fuit,
252 523 313 544 nec
337 514 408 545 haec
431 523 491 544 vox
508 513 636 543 Latinis
660 511 773 550 priscis
788 511 882 549 igno-

153 563 203 596 ta,
219 562 259 588 ut
284 557 443 588 Salmasio
469 556 510 587 ad
533 555 684 586 Solinurn
713 553 822 593 placet
849 564 881 594 p.

154 604 229 636 891.
253 611 301 641 sq.
326 601 482 632 Ceterum
499 599 595 629 credo
611 601 646 627 et
661 597 820 627 Salmasio
848 601 883 626 et

153 645 231 676 Ger.
252 645 285 676 J.
312 645 427 676 Vossio
450 645 483 674 in
515 640 659 682 Etymol.
682 641 718 669 in
747 641 883 678 ercisco‚

154 699 236 730 quos
260 693 447 727 sequuntur
470 686 654 716 Burmann.
679 683 720 713 ad
747 684 880 714 Petron.

153 743 183 764 c.
205 735 274 764 141.
298 736 334 762 et
356 732 491 761 Sueton-
515 729 594 760 Ner.
613 730 642 758 5.
670 732 706 757 et
728 727 883 765 Pii-iscus,

154 776 212 815 qui
235 776 276 806 ad
299 775 435 805 verbum
458 772 632 812 exscripsit
654 770 881 801 Salmasiana:

153 819 251 850 credo
274 820 325 856 iis,
349 819 501 856 inquam,
525 819 560 846 et
584 815 668 845 ratio
700 815 882 845 notationis

153 863 265 900 docet,
281 862 440 892 erciscere
457 869 528 890 esse
546 869 604 899 per
620 859 881 898 corruptionem,

153 910 214 936 aut
236 906 347 946 potius
371 903 636 935 contractionem
662 901 802 931 duarum
827 912 883 931 vo-

152 959 231 980 cum
254 949 289 979 in
325 958 443 985 unam,
467 956 525 988 pro
548 952 678 976 erctum
712 945 833 975 cisccre
857 955 883 975 s.

151 994 250 1023 ciere.
276 993 337 1024 Est
359 992 449 1023 enim
477 990 625 1032 profecto
641 999 661 1019 a
676 998 783 1028 graeco
805 986 882 1031 ἵμος

151 1042 280 1073 ortum,
297 1040 357 1066 aut
378 1035 482 1066 latino
506 1043 615 1071 eroco,
642 1042 701 1073 pro
728 1041 836 1069 arceo,
863 1042 884 1062 a

150 1090 216 1119 quo
252 1079 419 1110 dividendi
453 1079 500 1108 vis
538 1076 614 1107 duci
659 1085 726 1106 non
760 1080 882 1116 potest.

149 1124 300 1161 Veteres,
327 1132 470 1163 quorum
501 1120 626 1151 divitiae
650 1120 684 1150 in
708 1119 880 1160 pecoribus

149 1172 259 1205 erant,
288 1172 326 1199 ut
349 1170 468 1198 notum
491 1168 555 1201 est,
580 1163 691 1194 aulam
716 1163 882 1193 habebant

152 1221 231 1242 ante
256 1211 355 1248 aedes,
372 1210 406 1240 h.
418 1220 447 1239 e.
464 1209 612 1249 spatium
629 1212 722 1247 septo
740 1207 882 1237 circum-

148 1255 280 1291 datum‚
297 1253 386 1294 quod
399 1258 532 1293 septum
554 1250 632 1293 ἐ’μη
655 1250 880 1291 appellabant,

147 1298 237 1329 uude
261 1297 371 1342 εὐερκὴς
395 1297 483 1336 apud
515 1295 713 1326 Homerum.
743 1304 773 1324 v.
808 1293 880 1324 Ind.

148 1342 306 1374 Eustath.
336 1342 371 1372 in
403 1339 482 1383 ἵρκυς
518 1340 577 1369 ἃς.
607 1338 742 1379 Jupiter
771 1336 880 1380 ἱμαῖος

148 1386 209 1416 &c.
266 1385 355 1416 Hinc
396 1393 463 1415 non
493 1383 629 1419 mirum,
663 1383 690 1411 si
720 1383 879 1418 heretum,

147 1429 237 1469 quod
263 1433 312 1459 est
336 1429 467 1468 proprie
490 1427 581 1457 locus
605 1425 750 1463 clausus,
777 1424 880 1465 (unde

146 1473 271 1504 Gra-eis
313 1471 424 1514 ἱρκτός,
460 1471 543 1501 item
583 1467 706 1512 εἶςκτός,
738 1465 876 1506 carcer.)

146 1526 207 1558 pro
229 1515 443 1556 patrimonio,
467 1517 601 1544 auctore
634 1513 768 1543 Donato
792 1511 880 1551 apud

146 1561 300 1591 Servium
323 1559 365 1589 ad
394 1557 571 1598 Virgilium
609 1556 685 1586 AEn.
710 1555 778 1585 viii.
804 1556 879 1586 649.

146 1609 182 1634 et
203 1614 263 1645 pro
287 1602 473 1633 hereditate
497 1601 625 1631 dictum
642 1603 702 1630 est.
728 1599 814 1629 Cum
837 1598 879 1629 ad

145 1646 342 1679 divisionem
374 1648 593 1686 provocarent
624 1642 774 1679 heredes,
805 1643 879 1672 her-

145 1696 236 1722 ctum
260 1689 417 1721 ciendum
442 1692 527 1725 erat,
552 1687 584 1718 h.
613 1697 642 1717 e.
677 1686 879 1717 movendum

146 1735 220 1766 loco
250 1744 323 1771 suo,
356 1742 423 1763 non
461 1736 501 1763 ut
537 1730 712 1768 Salmasio,
746 1729 876 1768 Vossio,

145 1779 342 1810 Burmanno
357 1777 480 1817 placet,
496 1774 730 1805 dividendum:
759 1783 788 1803 ν.
812 1775 878 1803 cie-

145 1832 204 1852 re:
243 1822 322 1852 hinc
351 1822 497 1850 heretum
528 1818 614 1848 ciere
646 1827 705 1858 pro
732 1816 876 1847 dividere

144 1866 286 1896 dictum.
331 1864 493 1894 Similiter
515 1871 646 1892 movere
671 1865 722 1891 est
743 1870 803 1901 pro
823 1871 877 1891 ac·

144 1910 272 1950 cipere:
303 1918 323 1938 a
347 1907 481 1938 Caecilio
498 1915 640 1936 numum
656 1914 786 1935 movere
810 1914 877 1935 non

142 1963 290 1994 possum.
315 1951 379 1982 vid.
393 1952 427 1981 in
445 1960 587 1980 movere.
617 1949 666 1979 Ut
683 1957 806 1978 numus
822 1958 876 1978 ac-

142 1996 208 2037 cipi
221 2006 288 2027 non
301 1999 424 2036 potest,
438 1998 497 2025 aut
512 1993 596 2031 dari,
610 1993 674 2023 nisi
691 1995 875 2030 moveatur,

143 2041 190 2070 sic
207 2040 361 2071 heretum
379 2047 445 2069 non
461 2040 572 2077 potest
595 2036 710 2074 dividi,
726 2035 790 2066 nisi
806 2045 876 2066 mo-

143 2087 260 2114 veatur
290 2093 350 2114 seu
379 2082 517 2112 eieatur.
561 2080 632 2111 Viri
661 2079 765 2117 docti,
793 2089 875 2119 quos

143 2127 224 2164 dixi,
241 2127 438 2164 conjiciunt,
454 2128 581 2155 veteres
600 2123 703 2154 JCtos
720 2123 874 2153 dixissse:

141 2169 317 2206 familiam,
334 2171 481 2200 herc-eum
497 2168 631 2205 ciscere‚
643 2177 681 2196 ac
697 2175 756 2206 pro
771 2176 810 2196 eo
826 2166 874 2197 di-

142 2219 237 2246 ctum
254 2213 391 2244 deinde:
416 2212 579 2243 familiam
596 2211 779 2241 herciscere.

186 2258 362 2289 Herceum..
378 2266 408 2287 v.
423 2254 582 2286 hercisco.
598 2258 634 2285 et
648 2256 745 2284 citus.

186 2299 287 2332 Here.
320 2310 380 2341 pro
401 2300 484 2330 heri.
507 2299 578 2329 Att.
606 2308 638 2328 x.
674 2300 722 2328 13.
757 2297 793 2327 in
822 2296 874 2327 ed.

142 2345 239 2378 Rom.
264 2345 320 2375 ubi
342 2354 372 2375 v.
396 2343 537 2382 Malasp.
561 2341 639 2372 ibid.
664 2351 715 2371 xv.
738 2343 764 2371 l.
789 2339 876 2371 conf.

142 2388 284 2430 Quintil.
300 2389 322 2419 i.
337 2391 369 2422 7.
392 2386 499 2417 Vossii
514 2384 660 2426 Etymol.
675 2385 711 2414 in
727 2383 809 2414 heri.

189 2432 299 2463 Heres.
331 2431 424 2462 Vcrr.
446 2431 469 2461 i.
493 2432 546 2461 41.
577 2430 668 2459 heres
689 2426 874 2458 secundum

142 2475 246 2508 filiam
271 2476 460 2512 institutus,
476 2478 517 2504 ut
531 2483 577 2504 se.
592 2482 634 2502 ea
649 2471 785 2502 demum
801 2471 872 2500 sine

141 2520 309 2551 heredibus
339 2524 485 2555 mortua,
510 2519 598 2547 heres
629 2516 673 2546 sit
697 2515 873 2552 bonorum,

142 2564 199 2602 qui
223 2563 347 2593 dicitur
362 2564 451 2592 heres
465 2560 644 2591 secundus.
669 2557 803 2588 Cluent.
826 2561 874 2588 11.

140 2607 225 2646 Top.
242 2609 274 2637 4.
297 2606 391 2636 Verr.
404 2606 425 2635 i.
442 2607 495 2636 43.
520 2604 562 2634 ad
578 2603 654 2634 Div.
671 2602 738 2632 xiii.
755 2602 808 2632 61.

186 2649 373 2682 Hereditas.
406 2648 513 2679 Flacc.
537 2649 589 2678 34.
616 2645 776 2676 hereditas
799 2645 872 2684 lege

142 2694 183 2725 ab
214 2703 253 2723 eo
283 2693 385 2722 venit.
418 2691 459 2723 cf.
483 2691 578 2722 Verr.
601 2690 622 2719 i.
651 2692 700 2720 10.
727 2689 786 2719 &c.
811 2698 872 2719 un-

141 2737 182 2768 de
205 2736 382 2767 hereditate
412 2739 551 2775 accepta
577 2733 721 2774 pecunia
751 2731 872 2762 adven-

138 2780 218 2812 titia
231 2779 365 2810 dicitur.

185 2824 428 2856 Hermathenoe.
460 2821 530 2852 Att.
562 2821 584 2851 i.
614 2822 647 2851 4.
671 2819 800 2849 Statuae
831 2828 871 2849 ex

141 2866 311 2901 Mercurio
328 2870 363 2895 et
379 2865 541 2896 Minerva.

186 2910 421 2945 Hermeraccoe.
436 2908 506 2941 Att.
516 2909 538 2941 i.
550 2911 600 2940 10.
615 2906 769 2939 Statuaee
781 2905 872 2943 Mer-

637 118 783 147 INDEX
812 116 1108 145 LATiNlTA'rls.

931 205 1023 236 curio
1038 209 1073 235 et
1088 204 1247 235 Hercule.

974 249 1112 279 Heroas.
1146 249 1238 280 Orat.
1273 243 1320 278 iii‘.
1350 251 1403 284 47.
1439 259 1496 290 pes
1529 252 1655 290 herous,

931 293 986 331 qui
1002 293 1036 323 in
1053 293 1184 323 heroico
1201 292 1347 323 carmine
1373 292 1561 333 adhibetur,
1577 305 1657 326 ana-

931 341 1068 376 paestus,
1087 335 1251 376 dactylus,
1267 335 1442 376 spondeus

973 379 1091 410 Hiare.
1127 380 1217 410 Vei-r.
1249 380 1282 410 ii.
1308 383 1360 410 54.
1391 381 1486 411 hians
1508 381 1657 412 avaritia.

928 421 948 440 ¹*
963 422 1133 453 elisionem
1144 423 1263 453 vocalis
1280 423 1384 454 literae
1401 424 1580 464 negligere.
1597 425 1656 456 Or.

929 467 981 496 45.
999 470 1116 505 poetae,
1135 468 1189 505 qui
1206 472 1245 497 ut
1260 477 1371 497 versus
1387 467 1550 507 facerent,
1565 477 1653 509 saepe

925 510 1070 546 hiabant,
1087 514 1125 539 ut
1140 510 1284 541 Naevius.

969 552 1106 589 Hiatus,
1131 553 1283 593 neglecta
1305 553 1408 585 elisio.
1443 555 1499 585 Or.
1523 556 1576 586 23.
1598 554 1657 586 ha·

925 595 982 626 bet
1006 595 1060 625 ille
1084 600 1254 634 tamquam
1279 598 1388 629 hiatus
1411 608 1577 629 concursu
1600 608 1658 629 vo-

928 638 1052 669 calium
1071 639 1168 669 molle
1187 641 1354 678 quiddam.

967 680 1144 713 Hiber-nus.
1167 683 1236 712 Att.
1263 685 1303 714 iv.
1329 685 1389 716 ult.
1413 685 1582 716 hibernam
1608 684 1656 716 le-

925 726 1059 766 gionem
1083 726 1226 765 eligendi
1259 728 1350 766 optio
1384 728 1504 760 delata.
1551 729 1655 769 Legio

925 771 1059 801 hiberna
1076 770 1266 808 est,quaein
1284 770 1428 802 hibernis
1443 778 1505 804 est.
1529 772 1655 804 Eadem

923 813 1031 844 forma
1058 823 1135 843 usus
1165 819 1216 843 est
1242 814 1379 845 Sueten.
1404 815 1440 846 in
1467 815 1559 854 Caio,
1577 826 1606 847 c.
1623 819 1654 848 8.

925 857 981 888 ubi
998 857 1062 887 vid.
1079 856 1222 887 Gronov.

967 900 1045 938 Hic,
1064 909 1221 940 praesens,
1240 900 1295 939 qui
1311 902 1360 930 est
1377 910 1481 940 nunc,
1498 903 1554 932 hoc
1568 908 1657 934 tem·

922 954 1015 985 pore.
1040 944 1097 974 Or.
1121 944 1142 974 i.
1171 948 1196 974 1.
1220 946 1254 974 hi
1276 954 1396 974 mores.
1428 944 1524 976 Verr.
1556 946 1604 976 ii:
1624 949 1656 978 3.

923 987 963 1017 ad
987 987 1077 1017 illam
1103 990 1248 1018 veterem
1274 987 1496 1028 disciplinam,
1521 998 1588 1020 non
1612 989 1655 1022 ad

922 1032 1019 1069 hanc,
1043 1040 1116 1070 quae
1141 1040 1229 1060 nunc
1254 1031 1428 1062 increbuit.
1446 1032 1524 1063 ibid.
1537 1033 1584 1064 iii.
1600 1036 1657 1068 90.

922 1075 988 1105 hoec
1011 1074 1158 1104 licentia.
1187 1075 1227 1115 Ω.
1245 1074 1296 1105 Fr.
1313 1075 1334 1106 i.
1354 1078 1381 1105 1.
1399 1078 1431 1106 3.
1467 1077 1654 1117 praesertim

897 1117 1000 1148 'cuin
1031 1118 1065 1147 hi
1098 1127 1206 1148 mores
1237 1118 1278 1148 ad
1308 1119 1526 1151 ambitionem
1559 1120 1655 1151 incu-

921 1162 1066 1192 buerint.
1091 1160 1109 1179 ²*
1127 1171 1185 1201 pro
1200 1161 1274 1191 ille:
1300 1161 1396 1192 Rosc.
1415 1162 1509 1194 Com.
1526 1165 1556 1195 2.
1573 1164 1654 1203 quid

922 1210 987 1243 est,
1001 1204 1089 1244 quod
1106 1204 1316 1244 negligenter
1341 1205 1523 1238 scribamus
1540 1206 1655 1238 adver-

921 1249 1028 1280 saria?
1054 1248 1134 1288 quid
1156 1253 1220 1286 est,
1238 1248 1326 1288 quod
1348 1248 1527 1289 diligenter
1549 1251 1653 1282 confi-

922 1293 1048 1323 ciamus
1090 1291 1232 1323 tabulas.
1263 1293 1342 1331 quia
1363 1292 1434 1323 haee
1455 1298 1537 1325 sunt
1559 1304 1656 1326 men-

921 1341 1025 1374 strua,
1056 1335 1121 1366 illae
1147 1340 1226 1366 sunt
1248 1339 1382 1366 aeternae
1407 1336 1466 1367 διο.
1497 1347 1528 1368 v.
1551 1338 1654 1369 Gron.

921 1380 999 1410 Obs.
1022 1379 1066 1410 iii.
1097 1380 1142 1410 16.
1177 1380 1290 1410 Sanct.
1325 1379 1468 1411 Minerv.
1487 1380 1523 1412 ii.
1554 1385 1587 1416 9.
1620 1386 1655 1413 et

921 1423 965 1454 ibi
982 1423 1133 1454 Perizon.

963 1467 1043 1498 Hir.
1061 1467 1130 1497 Fin.
1141 1467 1175 1497 ii.
1192 1469 1222 1497 8.
1234 1465 1310 1497 vola
1324 1476 1458 1504 manus,
1468 1477 1534 1506 qua
1548 1475 1653 1499 utun-

919 1510 1165 1548 turinterdum,
1178 1510 1233 1549 qui
1243 1510 1360 1540 furtim
1370 1511 1485 1541 vinum
1499 1516 1652 1551 gustant,

922 1564 999 1585 cum
1027 1553 1145 1594 siphon
1177 1558 1237 1584 aut
1267 1553 1358 1584 aliud
1384 1554 1650 1588 instrumentum

919 1607 986 1629 non
1003 1601 1054 1627 est
1071 1597 1113 1627 ad
1128 1606 1281 1634 manum,
1298 1602 1336 1628 ut
1351 1597 1434 1628 vidit
1449 1597 1607 1639 Scaliger.

963 1641 1104 1673 Hir-udo.
1125 1641 1337 1681 sanguisuga.
1355 1640 1425 1671 Att.
1442 1641 1464 1671 i.
1483 1642 1532 1673 16.
1557 1642 1650 1682 plebs

918 1685 1037 1715 hirudo
1063 1684 1181 1714 aerarii.
1212 1684 1332 1715 Forma
1360 1683 1517 1723 loquendi
1548 1685 1651 1717 ducta

918 1734 969 1760 est
984 1738 1002 1758 e
1019 1728 1129 1758 Plauti
1146 1727 1274 1767 Epidio.
1290 1728 1324 1758 ii.
1342 1729 1372 1759 2.
1390 1730 1423 1760 4.

962 1772 1123 1803 Historia.
1146 1771 1187 1801 ad
1217 1772 1289 1802 Att.
1320 1771 1355 1802 ii.
1387 1775 1417 1802 8.
1441 1772 1575 1802 historia
1599 1771 1650 1803 di-

918 1825 1037 1855 gnum,
1062 1816 1084 1845 i.
1108 1824 1136 1844 e.
1154 1816 1293 1856 cognitu
1309 1815 1462 1855 dignum,
1478 1816 1526 1846 sie
1542 1816 1650 1848 Graeci

917 1858 1024 1902 a‘s-oei'aev
1039 1858 1166 1889 dicunt.

960 1903 1155 1935 Historicus.
1180 1901 1311 1933 Muren.
1335 1905 1367 1937 7.
1398 1901 1551 1932 homines
1573 1901 1651 1933 lite-

916 1947 980 1978 rati
1004 1950 1039 1976 et
1062 1946 1212 1977 historici.
1237 1946 1293 1976 Or.
1317 1946 1370 1977 36.
1395 1946 1562 1977 historicus
1582 1955 1651 1977 ser-

917 2000 985 2028 mo,
1001 1990 1197 2029 quotidiano
1213 1989 1442 2029 distinguitur.

961 2033 1115 2065 Hiulcus.
1145 2033 1203 2063 Or.
1220 2033 1266 2063 iii.
1281 2036 1334 2064 43.
1357 2034 1486 2063 hiulcus
1509 2043 1650 2064 concur-

917 2087 972 2108 sus
989 2078 1175 2108 verborum.
1193 2076 1271 2108 ibid.
1287 2079 1342 2108 44.
1364 2071 1460 2107 νοεέε
1473 2077 1599 2108 hiulcoe.
1615 2087 1647 2108 v.

917 2121 1042 2152 hiatus.

958 2165 1077 2202 Homo,
1093 2175 1153 2205 pro
1173 2163 1267 2194 bonis
1284 2164 1428 2194 hominis.
1451 2163 1548 2195 Rosc.
1572 2163 1649 2195 Am.

917 2211 947 2240 8.
993 2210 1129 2239 hominis
1172 2207 1405 2238 studiosissimi
1461 2206 1646 2238 nobilitati·

917 2260 1074 2293 manceps
1101 2252 1142 2282 fit
1168 2251 1417 2291 Chrysogonus:
1450 2251 1472 2281 i.
1493 2261 1522 2281 e.
1545 2251 1649 2282 bono-

917 2305 992 2326 rum
1008 2297 1078 2335 ejus
1099 2304 1268 2335 mancePS,
1285 2301 1406 2333 sector,
1422 2295 1472 2326 fit.
1516 2295 1570 2326 Sic
1593 2296 1649 2326 ho-

917 2341 1020 2370 min-es
1035 2339 1147 2376 vendi,
1163 2338 1294 2370 venales
1314 2338 1458 2378 pendere
1474 2338 1646 2377 dicuntur,

916 2393 975 2423 pro
999 2384 1092 2413 bonis
1116 2392 1243 2413 eorum.
1271 2382 1401 2413 *Tusa
1418 2382 1465 2412 iii.
1482 2384 1535 2413 32.
1566 2391 1645 2413 eum

916 2426 1000 2457 nihil
1015 2427 1149 2457 hominis
1167 2435 1249 2456 esse.
1278 2426 1318 2467 Ω
1336 2425 1387 2457 Fr.
1403 2425 1436 2456 ii.
1457 2428 1506 2456 11.
1535 2425 1645 2456 virum

915 2474 949 2500 te
967 2470 1105 2511 putabo,
1121 2470 1280 2501 hominem
1295 2479 1363 2499 non
1377 2469 1513 2509 putabO.
1538 2469 1595 2499 Or.
1611 2469 1646 2500 ii.

919 2517 968 2545 10.
998 2523 1063 2551 nox
1078 2518 1113 2544 te
1138 2513 1308 2553 expolivit,
1325 2513 1549 2552 hominemque
1571 2512 1648 2543 red·

915 2557 1009 2587 didit.
1041 2557 1208 2587 *homines
1225 2556 1263 2586 de
1279 2557 1360 2587 urbe
1375 2560 1410 2586 et
1425 2556 1495 2586 vita
1517 2555 1646 2586 urbana

914 2601 1084 2631 dicuntur.
1109 2601 1205 2631 Offic.
1222 2600 1268 2630 iii.
1285 2603 1338 2631 31.
1363 2598 1471 2629 filium
1487 2600 1528 2630 ab
1545 2600 1645 2629 homi-

913 2645 1008 2675 nibus
1023 2645 1215 2684 relegasset,
1231 2648 1266 2673 et
1281 2643 1350 2673 ruri
1365 2642 1515 2673 habitare
1525 2642 1646 2682 jussis-

912 2693 974 2718 set.
1011 2688 1054 2719 cf.
1083 2688 1200 2718 Horat.
1230 2687 1299 2717 Sat.
1325 2686 1360 2716 ii.
1385 2686 1416 2716 6.
1442 2688 1496 2722 92.
1534 2685 1644 2716 *cum

912 2732 1018 2762 subst.
1047 2735 1087 2761 ut
1103 2733 1192 2762 homo
1209 2730 1337 2760 histrio.
1367 2729 1424 2760 Or.
1439 2730 1474 2764 ii.
1489 2730 1543 2762 46.
1572 2729 1591 2749 '¹'
1602 2728 1645 2760 ad

911 2776 980 2806 Att.
995 2776 1037 2805 iv.
1056 2778 1105 2806 15.
1132 2775 1159 2805 si
1175 2774 1223 2804 vis
1239 2775 1329 2804 homo
1344 2783 1426 2804 esse.
1442 2774 1464 2805 i.
1478 2783 1509 2804 e.
1524 2773 1644 2804 huma-

911 2820 1056 2850 nitatem
1079 2818 1185 2857 sequi,
1201 2820 1236 2847 et
1257 2817 1446 2856 ostendere,
1467 2820 1504 2848 te
1526 2825 1642 2851 sensus

915 2862 1080 2894 humanos
1094 2861 1226 2892 habere.

956 2906 1133 2945 Homulus,
1161 2903 1354 2939 homuncio.
1399 2904 1466 2938 Pis.
1495 2905 1548 2936 25.
1586 2902 1646 2937 hle
