1800 3131
124 168 203 206 238

123 269 183 298 aut
207 264 279 296 aliis
303 266 434 305 injustis
458 266 584 297 artibus
602 266 724 305 facere,
740 271 779 298 ut
795 267 851 298 ab·

125 308 270 338 solvare:
292 319 350 348 pro
366 320 431 348 quo
443 314 477 339 et
490 320 704 350 perrumpere
716 311 849 341 dicitur.

124 351 242 382 Milon.
271 356 319 383 13.
357 354 412 392 qui
440 363 512 383 eam
538 358 718 393 praeturam
742 362 852 394 posset

124 397 351 435 confringere.-
376 397 407 427 h.
424 407 453 426 e.
470 397 643 437 impedire,
660 408 725 436 quo
742 399 852 428 minus

124 438 252 469 Praetor
268 444 432 479 potestate
449 450 510 470 sua
524 441 731 471 abuteretur.

173 482 385 522 (hyffumlere.
410 484 466 514 Or.
483 484 517 514 ii.
532 487 585 518 79.
608 483 804 524 confimdere
819 484 853 514 in

123 530 231 556 totam
249 527 454 557 orationem:
480 527 512 558 h.
528 538 556 557 e.
573 537 632 567 per
654 531 761 557 totam
781 537 854 556 ora-

122 570 265 606 tionem,
289 580 355 601 non
382 581 449 601 uno
474 576 565 601 certo
589 570 661 600 loco
685 570 853 600 adhibere.

123 612 188 643 Off.
207 614 226 643 i.
244 615 295 647 27.
328 619 437 645 totum
458 618 508 644 est
533 624 611 644 cum
635 614 758 644 virtute
781 623 853 643 con-

111 655 250 695 fusum,
267 658 499 697 conjunctum,
518 658 558 687 ab
581 667 621 686 ea
644 667 677 686 re
701 666 768 687 non
792 657 854 686 dif-

122 700 200 730 fert.
232 701 321 730 Sext.
346 703 376 732 2.
407 700 541 739 confusa
571 704 671 739 atque
700 700 856 730 universa

123 743 285 780 defensio,
302 749 353 774 est
378 754 454 774 cum
478 753 593 773 omnes
617 743 719 773 simul
742 743 855 773 defen-

123 787 246 823 dimus,
265 797 330 817 non
353 786 499 826 singulos
523 786 706 825 sigillatim.
738 787 854 817 Partit.

123 835 176 861 30.
217 830 311 867 Haec,
334 840 407 869 quae
432 831 575 870 primam
600 831 855 860 contentionem

122 873 247 904 habent
271 884 310 902 ex
334 873 504 912 arguendo
522 878 555 903 et
573 874 769 911 resistendo,
786 874 856 904 lata

123 922 158 947 et
184 916 315 955 confusa
342 922 431 946 sunt.
478 917 658 947 Rationum
684 922 719 947 et
743 918 856 947 firma—-

124 966 316 990 mentorum
340 960 514 990 contentio
537 960 673 990 adducit
690 961 726 990 in
748 970 853 1000 angu-

122 1008 213 1034 stum
233 1004 526 1043 disceptationem.

171 1046 326 1087 Colgfecsz'o.
351 1047 440 1077 Mur.
457 1049 508 1078 223.
530 1046 766 1086 suffragiorum
782 1057 854 1077 con-

109 1089 219 1130 fusio,
236 1100 306 1120 esse
329 1091 473 1128 videtur,
494 1101 572 1121 cum
595 1101 662 1120 non
687 1101 726 1121 ex
751 1101 853 1121 censu

123 1135 280 1174 suffragia
304 1134 470 1171 feruutur,
491 1141 525 1164 ct
549 1135 712 1164 centuriae
736 1144 854 1164 nume—

123 1182 253 1215 rantur,
275 1188 294 1208 a
317 1179 426 1218 prima
448 1178 551 1208 classe
575 1178 663 1208 facto
688 1178 796 1215 initio,
815 1183 854 1208 ut

124 1222 194 1252 fieri
227 1232 267 1251 ex
302 1222 460 1252 instituto
489 1222 593 1251 Servii
624 1221 764 1259 solebat,
796 1221 855 1251 sed

121 1266 280 1305 suffragia
296 1266 446 1295 omnium
465 1265 620 1295 classium
637 1272 671 1295 et
684 1266 854 1295 centuria-

123 1319 197 1339 rum
225 1314 460 1346 numerantur,
488 1313 527 1338 ut
558 1309 665 1349 primo
692 1310 852 1347 cujusque

122 1353 201 1382 civis
228 1353 424 1391 suffragium
455 1352 597 1382 eandem
624 1353 690 1382 vim
718 1352 852 1389 habeat,

122 1396 241 1426 deinde
258 1397 439 1433 nesciatur,
458 1396 529 1434 quis
554 1406 719 1434 quemque
737 1396 854 1425 suffra-

123 1441 177 1479 gio
193 1450 253 1470 suo
271 1439 450 1470 Consulem
474 1444 533 1469 aut
558 1439 736 1469 Praetorem
762 1449 854 1469 crea-

123 1484 177 1514 rit.
223 1483 263 1513 Id
277 1488 315 1513 ut
332 1484 439 1519 fieret,
456 1483 602 1513 ambitus
618 1482 758 1512 tollendi
775 1492 854 1513 cau-

121 1537 170 1563 sa,
202 1526 388 1567 postularat
425 1526 555 1556 Servius
594 1526 778 1566 Sulpicius:
819 1533 854 1556 et

123 1570 209 1600 hanc
228 1571 344 1600 Cicero
360 1569 508 1610 appellat
531 1570 754 1609 aequationem
780 1579 853 1609 gra-

121 1615 192 1651 tiae,
233 1614 420 1652 dignitatis,
452 1613 697 1652 suffragiorum.
754 1613 853 1653 Apud

123 1657 196 1688 Liv.
208 1659 294 1688 xxvi.
314 1660 360 1688 18.
381 1657 440 1686 viri
458 1657 545 1687 docti
559 1657 683 1686 frustra
694 1660 853 1695 torquent

121 1712 155 1731 sc
195 1702 228 1731 in
265 1700 462 1740 explicando
501 1700 638 1732 confuso
675 1700 849 1739 suffragio:

122 1744 417 1775 Drakenborchius
426 1751 539 1774 autem
548 1743 740 1775 auctoribus
750 1743 852 1774 codd.

122 1789 270 1819 sustulit.

172 1832 356 1871 confutare.
386 1832 487 1862 Tusc.
506 1841 534 1862 v.
552 1834 604 1862 31.
637 1831 764 1861 dolores
780 1841 852 1861 con-

110 1874 249 1915 futare.-
285 1876 306 1905 i.
330 1886 359 1905 e.
386 1876 538 1905 resistere
566 1874 683 1912 dolori,
707 1885 852 1913 eumque

122 1920 348 1958 supprimere:
374 1919 544 1958 eleganter
558 1918 718 1959 profecto.
764 1919 852 1948 Nam

121 1962 291 2002 confutare
312 1964 444 2002 proprie
471 1967 522 1992 est
545 1972 666 2001 aquam
689 1961 852 1992 ebullien-

122 2011 193 2036 tem
210 2007 430 2045 supprimere,
449 2015 489 2036 ne
507 2006 664 2036 exundet.

172 2050 395 2088 Congiarium-
425 2049 494 2080 Att.
513 2059 545 2078 x.
570 2052 600 2083 7.
630 2049 729 2088 vulgo
752 2048 851 2086 dona,

122 2103 195 2132 quie
212 2095 301 2123 inter
323 2093 485 2133 populum
508 2093 674 2123 urbanum
697 2092 852 2122 distribu-

123 2141 237 2167 untur.
267 2147 318 2167 res
334 2147 353 2167 a
371 2136 597 2166 frumentariis
620 2136 852 2175 largitionibus

122 2185 234 2210 ortum
249 2181 368 2211 traxit:
394 2180 433 2210 de
450 2180 569 2218 quibus
592 2180 655 2210 vid.
672 2179 795 2219 Spanh.
812 2179 852 2209 de

125 2233 186 2254 usu
201 2228 236 2253 et
250 2234 298 2264 pr.
316 2225 418 2255 Num.
435 2227 460 2254 t.
476 2224 509 2253 ii.
534 2234 566 2263 p.
583 2225 655 2257 529.
688 2223 744 2262 qui
761 2228 851 2252 recte

123 2273 251 2305 monet,
282 2267 314 2297 h.
346 2267 368 2298 1.
400 2268 604 2306 congiarium
635 2266 700 2296 dici
731 2266 770 2296 de
799 2276 851 2303 eo,

123 2311 211 2349 quod
242 2315 357 2351 postea
385 2311 580 2341 donativum
617 2310 746 2340 dietum
779 2314 849 2340 est:

123 2355 200 2394 quia
217 2355 379 2385 militibus
397 2354 479 2384 illud
499 2355 704 2392 congiarium
723 2353 850 2383 datum.

123 2398 164 2427 ad
179 2398 253 2428 Div.
271 2399 337 2430 viii.
358 2402 384 2429 1.
405 2399 569 2437 congiario
585 2397 728 2428 donatus
746 2407 765 2429 a
781 2397 852 2427 Cae-

121 2451 204 2472 sare.
228 2443 285 2472 ubi
300 2453 327 2472 v.
344 2446 412 2472 not.

171 2485 350 2522 (meg-lario.
380 2485 421 2516 ad
452 2485 527 2516 Div.
553 2485 619 2516 viii.
643 2484 674 2515 6.
714 2483 851 2514 Curioni

120 2528 312 2560 tribunatus
334 2529 525 2568 cong-luciae.
557 2528 604 2559 nil
625 2528 802 2559 tribunatu
818 2537 852 2557 a-

122 2572 183 2610 git

171 2615 202 2644 (ἶ)
193 2625 251 2654 rgm
243 2616 391 2652 loliatus,
404 2616 559 2654 frequens
578 2619 611 2645 et
625 2614 757 2644 densus
775 2614 852 2643 Par-

120 2658 172 2688 tit.
196 2659 243 2688 16.
267 2668 298 2688 m
304 2659 411 2688 axime
426 2669 444 2687 v
447 2658 539 2690 alent
554 2659 618 2688 deii
622 2658 764 2688 uitiones
779 2666 851 2687 mm-

118 2702 257 2740 globacoe
287 2709 321 2731 et
354 2703 630 2741 consequentium
659 2701 852 2740 frequenta-

122 2746 181 2776 tio.

170 2788 411 2826 conglutinare.
435 2798 648 2828 componere,
669 2787 851 2827 conjunge-

119 2842 167 2862 re.
192 2831 248 2861 Or.
267 2832 288 2860 i.
307 2834 359 2862 4⁶3.
392 2832 552 2862 dissoluta
574 2836 608 2862 et
631 2831 759 2861 divulsa
780 2841 851 2861 eon-

117 2877 302 2914 glutinare,
320 2874 443 2905 dicitur
459 2875 498 2905 de
522 2885 573 2911 eo,
592 2875 647 2914 qui
673 2874 799 2913 aliquid
816 2876 851 2904 in

120 2920 199 2948 artis
220 2918 362 2948 formam
388 2918 519 2957 redigit.
550 2918 634 2948 Phil.
651 2918 698 2948 iii.
720 2921 768 2948 11.
799 2921 850 2948 to-

119 2966 174 2992 tus
192 2969 243 2993 cst
259 2972 299 2991 ex
316 2962 467 2999 audacia,
485 2961 675 3002 petulantia
691 2962 750 2991 &a
776 2970 848 2991 con-

601 178 747 208 INDEX
777 177 877 207 LATl
885 177 911 204 N
920 177 1072 206 lTATlS.

892 267 1092 304 glutinatus.
1122 266 1191 296 Att.
1219 265 1272 296 vii.
1301 269 1331 297 8.
1361 266 1525 297 amicitias
1553 274 1624 295 0071-

890 311 1078 349 glutinare.

942 354 1192 392 manglutinatio.
1223 353 1280 383 Or.
1307 354 1360 384 23.
1390 354 1625 392 conglutinatio

894 377 1089 427 verberatum
1116 397 1156 427 de
1171 401 1218 427 sti
1220 401 1339 426 notura
1349 400 1384 426 et
1397 396 1624 426 collocatione.

943 439 1024 479 cong
1031 450 1142 471 resinis.
1166 440 1246 470 Coel.
1261 444 1290 471 Β,
1310 450 1481 480 congressu
1496 443 1531 470 et
1546 449 1626 470 con-

895 483 1014 513 stituto
1029 483 1069 513 de
1084 484 1212 521 injuriis
1232 484 1386 523 experiri,
1402 488 1453 514 est
1476 483 1522 520 id,
1537 483 1626 521 quod

897 526 1014 556 Cicero
1038 527 1155 566 Quint.
1176 531 1223 557 ll.
1254 529 1341 557 intra
1364 527 1505 566 parietes
1529 535 1629 566 expe-

897 569 953 598 riri
969 574 1078 607 vocat,
1092 574 1126 600 et
1137 571 1275 610 opponit
1291 580 1422 600 summo
1431 571 1519 610 juri:
1545 579 1627 606 non,

896 613 922 641 si
946 613 1026 651 quid
1049 613 1083 643 in
1114 616 1370 644 controversiam
1402 614 1544 650 veniret,
1568 617 1628 644 aut.

898 655 986 685 intra
1001 657 1141 695 parietes
1158 661 1218 686 aut
1231 658 1449 696 summojure
1460 657 1627 697 experire-

896 702 964 728 tur.
996 700 1037 730 ad
1060 709 1158 738 quem
1182 700 1205 730 l.
1229 710 1258 731 v.
1283 700 1537 731 Hotomannus:
1571 701 1628 740 qui

897 742 994 772 docet
1025 743 1124 780 moris
1148 743 1263 781 fuisse,
1289 749 1326 774 ut
1353 748 1442 781 ante,
1467 753 1569 783 quam
1591 745 1627 774 in

891 786 948 823 jus
972 787 1075 823 irent,
1091 786 1256 824 viderent,
1277 787 1304 817 si
1329 788 1498 826 privatim,
1515 788 1628 818 ascitis

898 830 1012 860 amicis
1043 833 1077 859 et
1108 830 1384 869 disceptatoribus
1422 831 1626 869 domesticis,

898 883 948 903 res
967 874 1122 912 componi
1139 880 1260 913 posset.

946 916 1180 966 Congruenter,
1194 922 1271 956 apte
1288 917 1329 947 ad
1346 927 1415 947 rem
1430 922 1464 948 et
1477 927 1624 948 causam.

897 960 954 990 Or.
972 961 1017 990 iii.
1039 963 1087 991 10.
1112 965 1326 996 cnnmwuentev
1343 961 1462 991 dicere.

945 1002 1110 1044 Conjecee'o.
1141 992 1217 1034 Div.
1236 1005 1269 1034 ii.
1288 1006 1340 1034 63.
1371 1003 1520 1046 conjecczo
1539 1014 1628 1035 som-

897 1045 1043 1084 n'iorum,
1060 1048 1081 1077 i.
1099 1048 1342 1088 interpretatio.

946 1088 1118 1132 Coiejectov.
1143 1091 1218 1121 Div.
1236 1091 1271 1122 ii.
1283 1093 1335 1122 65.
1359 1092 1522 1132 interpres
1539 1101 1627 1123 som-

897 1134 1044 1171 niorum,
1063 1138 1292 1173 portentorum
1312 1137 1371 1165 ἃς.

945 1175 1147 1215 comeam-a.
1181 1178 1313 1208 Mur-en.
1343 1181 1375 1209 4.
1407 1176 1627 1220 conjecturam

897 1220 936 1251 de
968 1225 1028 1250 tuo
1058 1222 1161 1260 ipsius
1188 1222 1299 1251 studio
1326 1223 1462 1262 ceperis.
1493 1223 1570 1253 Div.
1594 1222 1629 1252 ii.

897 1265 950 1294 26.
988 1263 1177 1304 conjectura
1201 1266 1308 1295 omnis
1331 1266 1366 1295 in
1387 1265 1509 1296 multas
1525 1276 1563 1296 ac
1580 1266 1628 1296 di-

896 1317 1019 1344 versas,
1037 1314 1096 1338 aut
1112 1309 1215 1338 etiam
1236 1309 1418 1339 contrarias
1441 1314 1553 1349 partes
1577 1309 1628 1340 di-

897 1351 1044 1381 ducitur.

945 1393 1109 1436 {bnjeetus
1124 1395 1309 1425 oculorum.
1337 1395 1448 1426 Plane.
1466 1399 1496 1427 8.

945 1436 1091 1479 conjicio.
1120 1439 1178 1470 Or.
1202 1440 1248 1469 ii2..
1273 1442 1325 1470 50.
1355 1437 1512 1481 coiy'icere
1533 1449 1568 1469 se
1591 1439 1626 1469 in

895 1491 1028 1512 versum
1046 1488 1159 1512 mente
1177 1493 1214 1512 ae
1235 1483 1421 1520 voluntate,
1438 1483 1478 1513 de
1501 1493 1553 1520 eo,
1569 1484 1627 1522 qui

895 1535 1007 1555 versus
1021 1526 1129 1556 facere
1152 1527 1289 1565 cogitat.
1320 1526 1338 1544 ²¹¹⁵
1351 1526 1450 1556 Catil.
1467 1527 1489 1557 i.
1506 1527 1537 1558 6.
1570 1537 1625 1566 pe-

894 1569 969 1598 titio
987 1569 1034 1599 ita
1049 1568 1203 1610 conjecta,
1219 1575 1259 1600 ut
1275 1570 1370 1600 vitari
1388 1580 1454 1600 non
1470 1579 1564 1610 posse
1581 1571 1628 1600 vi-

896 1612 1041 1643 deretur.
1060 1623 1089 1643 v.
1108 1614 1234 1652 petitio.
1260 1614 1350 1643 Sext.
1371 1617 1420 1644 18.
1444 1614 1551 1644 oratio
1565 1614 1627 1644 im-

895 1655 995 1694 probe
1033 1654 1174 1697 conjecta
1216 1658 1250 1686 in
1294 1656 1492 1687 clarissimos
1530 1657 1627 1688 viros.

894 1698 994 1729 *Milz
1012 1703 1060 1733 19.
1077 1698 1229 1738 conjicere
1241 1711 1274 1730 se
1288 1700 1322 1729 in
1335 1706 1481 1731 noctem.
1498 1701 1626 1732 *Dom.

895 1744 946 1774 2³5.
974 1742 1141 1784 conjecerit
1167 1744 1362 1784 Pompeium
1380 1744 1531 1781 domum,
1548 1744 1580 1774 h.
1596 1754 1626 1774 e.

895 1792 990 1816 metu
1007 1788 1154 1826 coegerit
1172 1788 1381 1826 Pompeium,
1399 1787 1486 1817 domi
1513 1797 1627 1819 maue—

896 1839 940 1858 re.
969 1829 1079 1860 ³>&Helu
1097 1831 1130 1860 ii.
1153 1835 1200 1861 13.
1225 1829 1381 1872 conjicere
1397 1840 1543 1861 causam.
1559 1831 1581 1861 i.
1598 1842 1627 1860 e.

895 1873 1038 1903 breviter
1051 1878 1086 1903 et
1098 1875 1294 1904 summatim
1307 1884 1484 1914 exponere.
1499 1885 1530 1904 v.
1542 1873 1628 1905 Gell.

895 1917 973 1946 xvii.
990 1920 1018 1947 3.
1044 1922 1080 1947 et
1096 1918 1139 1947 ibi
1157 1918 1299 1947 Gronov,
1324 1921 1343 1939 ’⁷⁶
1355 1918 1426 1949 lnv.
1443 1918 1478 1948 ii.
1495 1920 1548 1948 32.
1569 1927 1627 1948 na-

894 1961 941 1990 vis
959 1957 1101 2000 eonjwm
1123 1968 1173 1991 est
1197 1962 1231 1991 in
1256 1964 1401 2001 portum.
1429 1971 1474 1992 sc.
1498 1966 1628 2002 tempe-

896 2007 995 2033 state.

944 2046 1137 2088 Cbnjngata.
1162 2058 1235 2086 qnae
1254 2048 1431 2078 dicantur?
1461 2047 1511 2078 To
1492 2051 1580 2089 o.p3

941 2089 1145 2132 Cmy'ugaz‘io,
1173 2090 1311 2131 συζυγίαι.
1340 2092 1456 2131 Touic.
1487 2096 1519 2126 9.
1548 2092 1628 2131 quid

894 2135 961 2164 sit?

943 2176 1138 2219 szjunctio.
1172 2178 1243 2208 Fat.
1260 2179 1291 2208 6.
1323 2177 1503 2220 conjunccio
1521 2189 1561 2209 ex
1576 2189 1627 2209 re-

894 2223 1136 2261 pugnantibus,
1163 2226 1214 2252 est
1241 2231 1345 2260 genus
1371 2223 1626 2253 enunciationis.

894 2275 940 2295 se.
954 2267 988 2295 in
1006 2275 1071 2304 qua.
1086 2269 1135 2295 est
1148 2265 1349 2296 antecedens
1363 2270 1398 2295 et
1408 2275 1627 2305 consequens.

895 2309 982 2339 conf.
999 2319 1026 2338 e.
1045 2313 1075 2340 8.
1094 2309 1170 2339 init.
1199 2311 1217 2329 ᾗ
1234 2308 1347 2338 Divin.
1365 2310 1398 2339 ii.
1423 2312 1470 2340 14.
1493 2313 1542 2341 15.
1569 2319 1628 2340 na-

894 2353 979 2382 turae
995 2351 1187 2394 conjunctio,
1203 2354 1254 2382 est
1269 2352 1456 2391 συμπάθεια.
1479 2352 1627 2383 *coitus

895 2395 957 2425 Off.
977 2396 998 2425 i.
1014 2399 1046 2426 4.
1082 2393 1316 2437 conjunctionis
1332 2396 1514 2436 appetitus.

943 2437 1153 2480 Conjzmgere.
1186 2439 1303 2469 Manil.
1335 2443 1365 2473 9.
1401 2439 1526 2469 bellum
1555 2449 1628 2469 con-

884 2480 1044 2523 jungere,
1077 2483 1249 2520 dicuntur,
1282 2483 1338 2521 qui
1368 2482 1475 2513 foedus
1507 2483 1629 2513 ineunt.

895 2525 972 2556 belli
989 2526 1126 2565 gerendi
1143 2535 1252 2556 causa.
1276 2526 1371 2564 Quir.
1388 2536 1420 2566 p.
1436 2526 1476 2557 R.
1493 2530 1524 2560 7.
1549 2536 1628 2556 cau-

894 2579 965 2600 sam
987 2580 1094 2600 meam
1120 2579 1198 2599 cum
1221 2570 1394 2599 communi
1416 2569 1525 2600 salute
1549 2579 1628 2599 con-

888 2613 1014 2651 junxit.
1039 2614 1060 2643 i.
1085 2613 1180 2650 dixit,
1201 2612 1344 2642 salutem
1369 2622 1585 2643 communem
1608 2623 1629 2643 a

895 2667 970 2686 mea
999 2657 1156 2696 pende-ie.
1187 2657 1243 2686 Or
1267 2658 1320 2686 44.
1352 2653 1546 2698 conjungere
1572 2666 1628 2686 xo-

895 2700 996 2737 cales,
1022 2701 1041 2729 i
1065 2711 1094 2730 e.
1121 2698 1374 2739 pronunciando
1405 2699 1545 2730 alteram
1569 2699 1629 2730 eli-

895 2743 983 2774 dere.
1016 2744 1079 2773 Pis.
1103 2748 1133 2777 9.
1165 2753 1265 2782 quem
1288 2752 1349 2781 ego
1373 2753 1450 2772 eum
1475 2743 1626 2774 Deorum

895 2786 992 2816 laude
1007 2796 1137 2828 constan
1130 2797 1179 2833 wo,
1198 2787 1218 2817 i.
1235 2795 1263 2815 e.
1281 2786 1355 2816 Diis
1373 2786 1518 2816 similem
1535 2789 1628 2825 puto.

894 2830 1000 2860 *Van
1022 2834 1071 2860 lo.
1103 2834 1294 2870 conjunctus
1315 2839 1392 2859 cum
1413 2840 1482 2870 rep.
1499 2830 1520 2859 i.
1537 2839 1566 2859 e.
1583 2829 1630 2860 la-

892 2874 1014 2903 borans
1038 2884 1097 2913 pro
1121 2883 1190 2913 rep.
1222 2872 1390 2903 *Cluenh
1409 2875 1463 2904 41.
1495 2871 1628 2913 conjun-

894 2921 983 2947 ctum
1010 2927 1085 2946 tum
1114 2927 1148 2946 re
1175 2915 1362 2963 judicium:
1399 2916 1422 2946 i.
1445 2926 1474 2946 e.
1501 2925 1628 2946 verum.

897 2963 915 2981 *-
930 2960 1021 2990 Verr.
1038 2960 1081 2990 iv.
1100 2960 1151 2991 65.
1183 2957 1361 3001 οωῃιιησέὶε
1379 2960 1556 2994 sententiis
1573 2959 1629 2990 de·
