1800 3131
124 170 206 209 232

140 270 237 301 Rose.
259 269 334 301 Am.
362 272 410 302 12.
433 280 492 311 per
519 273 769 312 compositionem
794 282 861 304 ser-

140 323 217 344 vare
232 324 308 344 suos
320 315 417 345 cives.
442 314 526 345 Phil.
543 315 577 346 ii.
598 319 648 347 lo.
670 318 862 357 compositio-

143 359 194 388 m's
207 362 335 388 auctor.
358 359 377 377 *ἓ
394 359 535 389 mistura
550 364 653 390 certa.
674 361 756 391 Nat.
768 361 810 391 D.
827 361 861 391 ii.

147 404 199 433 58.
223 402 456 441 compositiones
471 407 737 442 unguentorum.

191 444 395 485 compositus,
411 450 559 486 paratus.
589 446 664 477 Act.
683 448 704 478 i.
720 448 755 477 in
771 446 863 477 Verr.

148 490 198 518 ll.
230 491 414 529 compos-itm
442 489 484 519 ad
505 489 682 528 judicium.
719 491 738 508 ²*
754 490 863 520 fictus.

141 531 236 562 Verr.
253 533 300 562 iii.
313 533 365 563 61.
390 534 593 572 compositum
604 534 742 563 crimen.
767 532 786 552 ³*
803 542 864 562 nu-

147 584 307 606 merosus.
331 577 388 607 Or.
404 580 458 610 70.
473 578 658 616 compositus
673 584 792 607 orator.

193 620 472 660 Comprehendere.
496 619 598 650 Attic.
616 620 671 649 xii.
684 621 736 651 21.
759 619 866 649 verbis

148 661 424 693 luculentioribus
452 667 486 692 et
517 662 667 702 pluribus
690 672 759 692 rem
789 672 866 692 ean-

146 705 225 736 dem
245 706 540 747 comprehenderat,
557 707 578 736 i.
596 715 625 735 e.
650 710 868 746 expresserat.

146 749 167 768 ¹*
182 759 242 789 pro
275 749 466 789 complecti3
505 749 682 779 conciliare
717 749 790 779 sibi.
827 749 868 779 ad

150 791 227 824 Div.
252 793 322 823 xiii.
356 796 404 823 15.
439 792 687 822 adolescentem
712 792 868 823 humani-

153 841 225 866 tate
246 847 307 866 sua
327 836 602 875 comprehendere.
627 836 708 866 Coel.
731 836 762 866 6.
785 846 869 866 com.-

143 880 344 919 prehendere
356 879 478 909 multos
494 880 657 917 amicitia,
672 881 761 910 tueri
777 880 870 910 obse-

146 924 235 961 quio.
259 923 278 941 ²*
294 923 364 953 Fin.
380 933 410 952 v.
431 926 480 953 lo.
504 928 556 953 est
571 924 660 953 enim
676 924 817 953 infixum
836 924 870 953 in

146 967 220 1007 ipsa
235 972 368 1004 natura,
384 967 663 1006 comprehenditur
677 967 744 997 suis
761 967 872 1003 cujus-

149 1020 213 1048 que
229 1010 393 1047 sensibus,
411 1011 471 1047 sic,
484 1015 536 1046 ut,
555 1011 582 1040 si
598 1011 672 1049 quis
689 1017 807 1040 contra
822 1010 871 1040 ‹li-

147 1063 221 1083 cere
236 1053 329 1091 velit,
347 1063 413 1083 non
430 1053 596 1083 audiatur.
611 1054 631 1072 ’Ψ
645 1053 872 1093 deprehende-

146 1106 194 1127 re.
219 1096 316 1127 Catil.
334 1097 379 1126 iii.
399 1100 426 1126 l.
451 1106 517 1135 qua
531 1097 659 1127 ratione
672 1097 873 1136 investigata

148 1146 184 1170 et
199 1142 422 1180 comprehensa
437 1141 516 1170 sint.
532 1140 610 1171 ibid.
628 1144 659 1174 7.
679 1141 779 1170 duces
796 1151 873 1180 cap-

146 1188 199 1213 tos
215 1188 250 1213 ct
263 1185 500 1223 comprehensos
515 1185 650 1214 tenetis.
667 1183 802 1214 Cluent.
824 1185 872 1215 16.

148 1228 473 1267 comprehenderetur
488 1237 550 1258 res.
569 1227 677 1258 Flacc.
697 1228 745 1258 16.
769 1229 873 1258 totins

147 1271 333 1301 testimonii
361 1271 475 1301 fictam
498 1271 672 1301 andaciam
695 1271 874 1301 manifesto

148 1316 411 1354 comprehensam
427 1319 528 1353 atque
545 1324 737 1354 oppressam
752 1315 873 1345 teneri.

148 1357 168 1375 ᾖ
184 1358 384 1397 intelligere.
407 1359 463 1388 Or.
482 1358 503 1388 i.
524 1361 572 1389 18.
598 1359 624 1388 si
637 1359 710 1397 quis
722 1359 874 1388 omnium

150 1411 262 1431 rerum
280 1406 380 1440 atque
388 1402 511 1431 artium
526 1402 693 1432 rationem
703 1406 874 1432 naturam-

149 1454 214 1484 que
230 1446 512 1485 comprehenderit.
529 1444 606 1475 ibid.
624 1447 676 1477 5⁷3.
701 1455 752 1476 res
769 1446 876 1475 scien-

151 1488 201 1517 tia
214 1490 457 1528 compreheusoe.
490 1488 510 1507 ²*
524 1488 605 1519 Nat.
620 1489 664 1520 D.
680 1489 714 1519 ii.
732 1490 784 1519 3⁶2.
809 1488 876 1519 Na-

152 1535 233 1561 tura
261 1533 454 1572 concipiens
477 1536 513 1562 et
535 1533 805 1571 comprehendens
827 1542 877 1563 se-

150 1584 240 1605 men.

212 1618 508 1659 Comprehmsibile,
551 1617 777 1660 (καταληπτὸν)
826 1624 877 1650 est

150 1661 424 1702 philosophorum
449 1662 601 1699 verbum,
625 1673 690 1701 qno
709 1663 877 1702 significa-

151 1711 211 1736 tur
225 1705 272 1742 id,
289 1705 377 1744 quod
394 1706 444 1736 ita
457 1706 659 1744 insignitum
683 1712 734 1735 est
753 1715 772 1735 a
788 1717 877 1744 vero,

152 1753 192 1778 ut
210 1758 277 1779 non
303 1749 410 1788 possit
433 1749 551 1779 eodem
567 1749 666 1779 modo
683 1753 717 1778 et
734 1759 753 1778 a
781 1749 878 1787 falso,

151 1792 234 1829 sive,
260 1792 369 1822 visum
395 1802 588 1832 expressum
609 1797 643 1822 et
659 1793 810 1823 effictum
838 1803 878 1823 ex

152 1845 205 1872 eo,
222 1835 311 1865 unde
336 1841 399 1872 cst,
424 1835 535 1875 qualia
557 1845 628 1865 csse
653 1845 720 1866 non
740 1843 880 1876 possunt

152 1888 194 1909 ex
211 1888 263 1915 eo,
276 1878 365 1908 unde
383 1888 450 1909 non
466 1884 557 1909 sunt.
575 1889 605 1909 v.
617 1880 718 1909 Acad.
732 1880 753 1910 i.
771 1883 820 1910 11.
836 1880 878 1910 iv.

204 1964 454 2004 Compreheusz'o,
486 1966 623 1996 vei-bum
661 1965 880 2006 philosophiae

155 2008 288 2045 Stoicae,
302 2007 529 2048 (κατκλπψὲκ.)
545 2009 718 2040 dicebatur
726 2015 821 2040 actus
831 2011 881 2040 in-

155 2051 367 2091 telligentiae,
395 2062 473 2082 cnm
495 2053 602 2083 visum
626 2054 756 2093 arripit,
773 2063 813 2083 ex
842 2064 882 2083 eo

156 2096 320 2133 effictum,
334 2096 424 2125 unde
441 2100 504 2134 est,
518 2095 616 2134 quale
633 2106 702 2126 esse
726 2106 794 2126 non
807 2102 881 2137 pot-

155 2144 208 2168 est
235 2148 275 2168 ex
301 2149 353 2176 eo,
371 2138 460 2168 unde
485 2148 553 2168 non
573 2144 633 2170 est.
658 2139 760 2170 Acad-
783 2140 804 2169 i.
832 2144 880 2171 ll.

155 2182 222 2213 Sed
244 2192 321 2212 cum
344 2183 413 2221 jam
428 2187 605 2222 acceptum
629 2181 829 2215 καταληπτὸν
847 2189 881 2214 et

158 2226 380 2265 approbatum
394 2228 494 2263 esset,
506 2226 813 2265 comprehensionem
825 2237 882 2267 ap-

157 2269 318 2308 pellabat,
343 2268 487 2299 similem
513 2269 553 2299 iis
577 2269 688 2306 rebus,
710 2279 784 2308 quae
811 2280 881 2300 ma-

156 2321 203 2342 nn
230 2312 532 2353 prehenderentur,
548 2322 589 2342 ex
605 2323 670 2351 quo
696 2313 798 2342 etjam
823 2323 882 2344 no-

156 2365 235 2385 men
252 2356 406 2393 duxerat,
423 2366 500 2386 cum
517 2365 556 2386 eo
572 2356 671 2386 verbo
688 2365 786 2385 nenio
801 2364 881 2387 ante

155 2399 191 2428 in
219 2399 279 2429 tali
311 2410 346 2429 re
382 2409 462 2428 usus
493 2404 590 2429 esset.
629 2399 648 2417 ἵ·
672 2399 745 2429 Fin.
782 2409 812 2429 v,
848 2405 879 2434 9.

154 2452 224 2472 nna
246 2444 518 2482 comprehensione
550 2443 666 2472 omnia
689 2443 880 2482 complecti.

155 2485 175 2503 ²*
191 2485 286 2516 Brut.
304 2490 334 2517 8.
357 2487 592 2525 comprehensio
614 2486 803 2523 verborum,
831 2492 883 2517 est

156 2529 322 2568 periodus.
346 2529 389 2559 ef.
413 2530 470 2560 Or.
495 2529 547 2562 67.
570 2529 666 2560 Brut.
687 2532 741 2560 44.
771 2530 881 2561 *Nan

156 2572 201 2602 D.
229 2573 262 2602 ii.
292 2575 343 2607 59.
373 2574 604 2612 comprehensio
629 2582 740 2602 reruni
768 2583 882 2603 conse-

157 2616 332 2653 quentium
351 2626 429 2646 cum
447 2616 577 2655 primis,
603 2622 667 2653 est,
687 2626 765 2646 eum
781 2616 882 2647 intel-

157 2657 306 2697 ligimus,
325 2654 404 2697 'quid
419 2669 459 2689 ex
475 2669 606 2698 quoque
625 2664 795 2698 sequatur.

207 2702 397 2742 compresse,
427 2703 588 2740 tenuiter,
616 2703 771 2733 breviter.
808 2703 879 2734 Fin.

155 2744 190 2774 ii.
203 2745 233 2774 G.
252 2746 339 2783 quod
354 2745 455 2776 latius
470 2745 690 2784 loquerentur
717 2746 880 2784 rhetores,

157 2787 327 2818 dialectici
344 2794 457 2819 antem
473 2791 692 2828 compressius.

204 2831 405 2871 (cmpressio.
422 2833 516 2862 Brut.
527 2836 558 2866 7.
573 2833 677 2863 crebri
691 2835 880 2871 sententiis,

154 2877 382 2914 compressione
411 2885 522 2905 reruni
547 2876 661 2906 breves
685 2882 718 2905 et
742 2877 783 2906 ob
807 2887 881 2907 eam

154 2918 259 2958 ipsam
275 2928 410 2949 causam
425 2919 592 2948 interdum
610 2920 813 2950 subobscuri.

203 2962 431 3002 (bnzprinwre,
446 2962 629 3001 occultare,
644 2962 761 2994 celare.
780 2964 881 2995 Dom.

631 181 778 212 INDEX
807 183 1103 213 LA'rlm‘rATls.

905 276 935 304 8.
958 274 1051 305 Verr.
1069 273 1115 304 iii.
1132 276 1186 308 77.
1209 272 1280 304 Att.
1296 283 1325 304 v.
1339 275 1392 304 21.
1415 274 1629 314 comprimere

904 317 1125 348 frumentum.
1143 317 1221 348 ibid.
1238 328 1269 347 x.
1290 320 1322 348 4.
1339 316 1463 348 delicta
1489 318 1629 357 alicujus

904 361 1123 400 comprimere.
1161 360 1180 379 ³⁵
1197 361 1238 391 ad
1265 360 1438 391 silentium
1465 361 1628 401 redigere.

905 403 977 434 Fin.
995 404 1029 434 ii.
1057 407 1105 438 17.
1122 404 1177 444 qui
1190 404 1294 434 animi
1306 404 1545 434 conscientiam
1561 413 1629 435 non

906 451 1014 485 curet,
1041 457 1142 486 quam
1167 448 1294 478 scilieet
1318 449 1527 486 comprimere
1546 446 1632 478 nihil

906 494 958 520 est
974 491 1113 530 negotii.
1149 494 1168 512 ’ἓ
1186 495 1350 528 cosei-cere,
1364 491 1512 528 domare,
1527 491 1633 530 repri-

908 543 1010 563 mere.
1064 533 1146 564 Phil.
1174 535 1208 564 ii.
1230 539 1261 569 9.
1286 536 1451 574 impetum
1475 533 1633 574 oppilatis

908 576 1005 606 scalis
1019 578 1237 618 comprimere.
1260 578 1340 608 Nat.
1360 578 1403 608 D.
1421 578 1456 608 ii.
1474 580 1526 611 59.
1549 585 1633 607 com—

902 621 1050 659 primere
1079 621 1292 660 gestientem.
1321 621 1392 651 Fat.
1421 623 1452 651 5.
1476 625 1634 651 naturam

910 664 959 692 ita
984 673 1055 693 esse
1083 663 1265 695 edomitam
1292 668 1392 704 abque
1418 672 1633 704 compressam

911 705 1073 737 doctrina.

959 750 1176 790 Gnnprobare.
1188 750 1267 780 Nat.
1276 752 1319 781 D.
1332 751 1367 781 ii.
1381 754 1412 781 3.
1423 759 1549 786 numen
1557 749 1636 780 deo·

912 803 987 823 rum
1002 794 1205 833 comprobare
1216 805 1225 822 :
1238 793 1271 824 h.
1284 804 1313 824 e.
1325 794 1457 824 credere
1464 793 1542 824 deos
1551 802 1635 824 esse.

960 837 1228 876 Compromissum
1255 842 1319 875 est,
1336 847 1413 868 cum
1438 842 1583 875 utraque
1597 836 1638 867 li-

911 880 1097 919 tigantium
1126 890 1202 920 pars
1232 881 1415 920 promittit,
1453 890 1488 910 se
1519 879 1636 910 arbitri

913 924 1017 954 sumti
1044 925 1214 954 sententia
1243 929 1422 961 staturam,
1448 923 1483 954 ni
1506 923 1638 961 feccrit,

914 973 1040 998 certam
1057 968 1248 1007 pecuniam,
1265 972 1303 997 ut
1327 968 1362 997 in
1388 966 1579 1006 sponsione,
1602 975 1637 996 a.-

908 1011 1103 1054 'missurank
1151 1021 1181 1041 v.
1219 1012 1484 1050 compromittere.
1539 1009 1639 1041 Rosc.

916 1054 1011 1084 Com.
1027 1057 1058 1085 4.
1074 1054 1155 1093 quid
1178 1055 1227 1084 ita
1251 1054 1291 1085 de
1320 1054 1382 1084 hac
1408 1053 1638 1094 pecunia—de

915 1101 1050 1128 tuarum
1079 1097 1270 1128 tabularum
1293 1098 1357 1128 fide
1379 1098 1641 1137 compromissum

915 1141 1045 1178 seceris,
1061 1141 1224 1171 arbitrum
1241 1141 1397 1172 sumseris
1415 1141 1475 1171 &c.
1499 1141 1593 1170 Verr.
1605 1140 1640 1171 ii.

916 1186 968 1218 ⁶27.
987 1185 1156 1224 judicium
1179 1185 1218 1214 de
1245 1186 1473 1225 compromisso.
1496 1183 1589 1214 Verr.
1605 1184 1640 1214 ii.

917 1230 969 1261 ⁶27.
987 1229 1105 1268 poenis,
1121 1230 1412 1268 compromissisque
1433 1227 1641 1267 interpositis

918 1271 983 1301 HS.
1001 1271 1096 1301 CCC.
1114 1271 1343 1310 extorquenda
1358 1271 1505 1302 curavit:
1536 1271 1641 1310 quod-

917 1315 1157 1354 quejndicinm
1183 1315 1369 1345 secundum
1385 1314 1584 1345 Heraclium
1600 1314 1642 1344 de

917 1360 1147 1397 compi-omissis
1161 1358 1291 1389 sactum
1307 1363 1380 1388 erat
1397 1358 1458 1388 διο.
1480 1357 1544 1388 Sed
1560 1367 1642 1397 quo·

918 1402 1010 1431 niani
1027 1402 1110 1432 illud
1126 1411 1231 1442 genus
1254 1402 1470 1442 compromissi
1489 1400 1566 1432 inde
1592 1401 1642 1431 di-

918 1446 1020 1483 citur,
1034 1451 1071 1475 ut
1085 1456 1124 1476 ex
1137 1446 1311 1476 notatione
1327 1444 1542 1485 intelligitur,
1554 1444 1644 1483 quod

919 1495 1060 1527 uterque
1088 1490 1258 1529 promittit
1280 1495 1316 1519 et
1339 1490 1429 1519 inter
1454 1498 1509 1518 eos
1541 1488 1582 1518 de
1606 1497 1642 1518 re

919 1533 1089 1570 convenit,
1105 1534 1367 1572 compromissum
1377 1533 1411 1562 in
1424 1541 1546 1571 genere
1562 1531 1644 1561 dici-

918 1581 975 1606 tur
987 1585 1086 1606 omne
1109 1576 1155 1613 id,
1181 1576 1220 1606 de
1244 1586 1309 1615 qno
1324 1577 1414 1606 inter
1435 1576 1517 1605 duas
1533 1579 1645 1614 partes

919 1620 1087 1649 convenit.
1111 1619 1164 1649 Sic
1175 1620 1216 1649 ad
1229 1620 1304 1650 Div.
1322 1620 1378 1650 xii.
1393 1622 1446 1651 30.
1462 1618 1521 1649 sed
1537 1628 1557 1648 a
1573 1628 1644 1648 ma-

919 1663 1030 1702 gistris
1063 1663 1256 1702 (auctionis)
1297 1673 1374 1692 cum
1405 1661 1645 1692 contenderem

920 1707 960 1736 de
991 1706 1187 1746 proferendo
1214 1707 1279 1744 die,
1300 1707 1526 1746 probaverunt
1549 1704 1647 1743 mihi,

920 1759 1004 1786 sese,
1022 1760 1087 1788 quo
1103 1751 1213 1779 minus
1224 1750 1258 1780 id
1272 1749 1435 1786 facerent,
1451 1753 1486 1779 et
1501 1757 1645 1788 compro-

921 1795 1014 1824 misso
1031 1799 1064 1823 et
1080 1794 1152 1831 jure
1162 1793 1310 1832 jurando
1326 1792 1494 1833 impediri.

971 1836 1230 1876 ίωηίηόηιὶικενε
1253 1837 1426 1874 dicuntur,
1448 1836 1539 1866 inter
1563 1844 1646 1874 quos

923 1880 962 1910 dc
980 1890 1013 1909 re
1031 1890 1242 1919 quacumque
1258 1880 1428 1917 convenit,
1445 1880 1570 1918 ⁴quique
1586 1878 1648 1908 ali·

923 1924 1001 1962 qnid
1017 1923 1056 1953 de
1077 1924 1249 1953 communi
1264 1924 1433 1953 sententia
1441 1926 1599 1952 statuunt
1611 1930 1647 1952 se

922 1966 1082 2003 facturos,
1113 1967 1312 2005 interposita
1335 1967 1510 1996 arbitraria
1536 1974 1648 2005 poena.

921 2009 987 2049 Qu.
1000 2010 1051 2040 Fr.
1065 2011 1098 2040 ii.
1116 2013 1164 2040 15.
1187 2010 1360 2040 tribunicii
1376 2009 1546 2040 candidati
1561 2019 1646 2039 com-

918 2056 1152 2092 promiserant,
1172 2053 1237 2083 HS.
1255 2053 1431 2093 quingenis
1448 2053 1481 2082 in
1498 2051 1647 2091 singulos

923 2098 1012 2136 apud
1042 2097 1090 2126 M.
1121 2097 1282 2127 Catonem
1323 2096 1494 2136 depositis,
1532 2100 1646 2136 petere

923 2140 993 2179 ejus
1006 2140 1183 2178 arbitr-atu,
1199 2146 1238 2170 ut
1256 2141 1312 2179 qui
1329 2144 1448 2170 contra
1461 2139 1595 2169 fecisset
1605 2139 1647 2169 ab

923 2193 962 2212 eo
977 2183 1269 2214 condemnaretur.

973 2227 1208 2267 Compzmgere.
1233 2228 1290 2257 Or.
1303 2226 1337 2257 ii.
1353 2229 1406 2257 38.
1429 2234 1646 2265 compungere

923 2280 957 2300 se
974 2271 1042 2300 suis
1065 2271 1297 2300 acuminibus:
1322 2269 1362 2300 de
1390 2268 1586 2306 dialecticis,
1610 2269 1646 2299 in

923 2314 1038 2353 primis
1071 2314 1203 2350 Stoicis,
1231 2314 1367 2349 dicitur,
1399 2313 1454 2351 qui
1470 2312 1647 2342 dissolvere

924 2356 1170 2397 inexplicabilia
1185 2366 1248 2387 ase
1265 2362 1398 2396 reporta
1411 2356 1474 2395 ipsi
1491 2365 1558 2386 non
1574 2365 1650 2395 pos-

924 2406 1014 2430 sunt.
1032 2400 1088 2430 sed
1107 2400 1146 2430 de
1161 2401 1319 2438 stigmate
1336 2400 1458 2430 notatis
1482 2400 1546 2430 Off.
1567 2400 1601 2430 ii.
1614 2402 1647 2433 7.

924 2448 1132 2483 compunctus
1147 2444 1235 2473 notis
1249 2443 1424 2473 Threiciis.

973 2488 1104 2525 Conari,
1121 2496 1180 2527 pro
1203 2496 1309 2526 posse,
1326 2488 1438 2517 como—i
1463 2495 1542 2516 cum
1570 2485 1650 2516 effe-

925 2534 997 2567 ctu,
1018 2531 1086 2560 sive
1110 2531 1168 2571 pro
1204 2530 1336 2560 actione
1358 2531 1440 2570 ipsa.
1475 2529 1510 2559 in
1535 2528 1649 2559 Caeeil.

929 2576 978 2604 14.
1001 2573 1042 2603 de
1065 2574 1265 2604 Hortensio:
1290 2583 1474 2612 numquam
1483 2571 1554 2603 ullo
1569 2572 1651 2602 arti-

925 2617 1002 2646 ficio
1025 2627 1078 2647 me
1102 2620 1282 2657 pervertet,
1309 2626 1494 2656 numquam
1510 2616 1648 2655 ingenio

924 2670 978 2690 me
1011 2671 1072 2691 sno
1108 2660 1308 2691 labefactare
1342 2663 1442 2699 atque
1477 2659 1649 2689 infirmare

924 2705 1102 2734 conabitur.
1127 2705 1181 2734 Sic
1199 2704 1293 2734 Verr.
1308 2704 1344 2734 ii.
1364 2706 1414 2734 14.
1447 2703 1570 2733 leviore
1592 2701 1651 2732 illo

925 2748 1068 2777 artificio
1085 2746 1218 2787 aggredi
1241 2751 1391 2784 conatur,
1414 2756 1475 2787 pro
1498 2744 1651 2785 aggredi-

923 2797 991 2820 tur.
1016 2793 1036 2812 *
1053 2791 1089 2820 in
1103 2791 1253 2820 animum
1270 2790 1442 2828 inducere,
1459 2789 1649 2820 decernere.

925 2834 966 2864 ad
981 2834 1058 2864 Div.
1075 2845 1106 2864 v.
1129 2837 1160 2864 4.
1192 2843 1258 2872 qua
1282 2833 1441 2865 inductus
1458 2833 1501 2864 ad
1513 2836 1548 2863 te
1570 2831 1652 2862 scri-

925 2877 1002 2907 bere
1014 2887 1088 2907 sum
1101 2882 1244 2907 conatus.

975 2921 1145 2951 Conco-lieo.
1169 2921 1250 2952 Nat.
1265 2921 1309 2952 D.
1330 2921 1378 2952 iii.
1405 2924 1455 2952 10.
1477 2918 1650 2952 concauuie

929 2973 1047 2995 manus
1064 2973 1176 3005 opere.
