1800 3131
106 109 186 157 276

108 208 209 240 eund.
226 210 331 241 Serm.
348 209 382 241 ii.
398 213 430 242 3.
448 212 519 246 172.
548 222 609 253 pro
631 215 727 255 signo
749 216 843 247 futu-

108 262 154 283 rae
170 254 385 293 negligentiae
401 254 556 295 habetur,
568 262 602 288 et
613 257 759 290 hominis
772 260 841 291 No·-

107 301 270 328 mentano
306 298 424 329 similis
454 299 571 331 futuri.
618 301 737 342 Itaque
768 313 844 334 sen-

106 350 184 371 sum
198 341 289 371 hune
306 345 421 381 putem
439 353 527 374 esse:
554 345 663 376 Canto
681 347 841 385 eundem,

107 394 208 424 quem
223 392 263 415 tu
281 386 459 425 Caesarem,
475 397 583 428 neque
600 400 668 420 uno
684 391 843 431 Pompeio

108 429 211 467 nitor,
235 429 294 459 sed
319 430 415 461 illum
446 441 578 472 quoque
609 443 698 472 amo,
725 444 842 465 verum

106 471 168 510 ita,
183 477 224 503 ut
246 482 431 513 numquam
455 485 509 505 mc
533 481 593 506 aut
617 478 782 518 rempubl.
801 479 842 508 ab

106 526 147 546 eo
163 516 243 547 satis
258 522 371 549 tutam
388 522 517 559 putem,
535 524 593 550 aut
608 521 701 552 nobis
717 531 783 551 non
801 522 842 552 ab

108 570 148 590 eo
163 562 348 592 cavendum
364 563 566 594 existimem.

151 603 347 644 Disciplina.
379 607 456 637 Div.
479 607 513 637 ii.
538 610 569 638 3.
601 607 719 638 eadem
743 609 777 639 in
803 608 842 639 li-

104 648 185 678 teris
210 650 295 679 ratio
319 654 382 686 est,
406 650 609 689 reliquisque
634 652 744 690 rebus,
761 663 842 692 qua-

106 698 182 722 rum
201 698 252 722 est
268 693 457 732 disciplina.-
481 693 513 724 h.
532 704 560 723 e.
578 704 652 734 quae
664 695 774 726 doceri
791 706 843 727 so·

106 734 188 766 lent.
204 735 322 766 *secta
332 736 617 776 philosophorum.
633 739 711 770 Nat.
721 741 764 771 D.
777 740 798 770 i.
810 744 842 775 7.

102 783 172 809 tres
189 779 292 810 trium
309 781 559 819 disciplinarum
574 783 742 823 principes
765 794 844 814 con-

105 823 254 852 venistis.
285 824 404 853 *Sexn
419 824 450 855 6.
483 824 654 857 Hortensii
671 828 778 858 oratio
795 828 843 858 di-

106 876 174 906 gna
196 871 296 905 esset,
313 867 363 897 uti
387 874 421 897 et
444 869 525 909 reip.
549 872 760 910 capessendae
784 883 843 902 au-

107 910 303 940 ctoritatem
320 911 587 953 disciplinamque
603 916 842 954 praescriberet.

103 953 309 994 *disciplina
332 956 475 986 civitatis
499 962 559 987 aut
583 959 738 998 reipubl.,
760 959 842 999 legi-

107 997 167 1027 bus
179 1005 214 1027 et
230 999 378 1029 moribus
394 1000 526 1039 publice
543 1002 767 1043 privatimque
791 1014 842 1034 re-

106 1041 212 1081 ceptis
243 1043 447 1074 continetur.
486 1045 579 1076 Orat.
611 1046 632 1075 i.
670 1049 697 1076 1.
729 1050 763 1077 et
787 1051 841 1079 34.

102 1084 201 1116 Brut.
223 1088 272 1116 10.
304 1086 397 1116 verr.
414 1088 461 1118 iii.
487 1089 540 1122 69.
569 1089 653 1120 *Sic
668 1091 841 1131 disciplina

103 1129 229 1159 navalis
245 1129 465 1170 Rhodiorum,
481 1132 600 1163 Manil.
623 1137 671 1165 18.
701 1135 785 1166 item
801 1141 842 1166 ut

101 1172 271 1213 disciplina
289 1174 458 1213 militaris,
469 1177 664 1208 continetur
674 1178 840 1210 institutis

101 1221 138 1246 et
154 1216 282 1256 legibus
308 1219 522 1257 militaribus,
539 1224 574 1251 et
596 1221 781 1260 navalibus,
799 1223 838 1253 de

102 1260 173 1290 acie
188 1261 401 1300 instruenda,
417 1265 534 1294 castris
557 1266 733 1305 ponendis,
751 1267 839 1297 mili-

100 1309 177 1335 tum
201 1305 362 1343 moribus,
379 1307 460 1345 vita,
475 1307 657 1348 laboribus,
677 1312 841 1342 exercita-

102 1348 318 1388 tionibusque
344 1350 405 1381 διο.
443 1351 639 1384 *docti-ina.
675 1353 770 1386 Verr.
795 1356 838 1385 iv.

102 1394 155 1423 58.
186 1391 227 1422 de
249 1392 467 1426 Archimede:
495 1405 628 1428 summo
650 1398 787 1439 ingenio
803 1405 840 1430 et

101 1436 286 1476 disciplina.

144 1479 329 1511 Dis-clusus.
359 1480 461 1514 Tusc.
481 1483 502 1514 i.
525 1486 579 1515 33.
609 1485 839 1525 aegritudines,

99 1523 170 1562 irae,
186 1523 533 1567 libidinesque—quas
550 1528 591 1566 is,
604 1533 723 1560 contra
737 1540 838 1570 quem

99 1566 172 1599 haec
188 1568 360 1607 dicuntur,
375 1575 522 1602 semotas
545 1582 565 1602 a
579 1577 694 1604 mente
717 1581 753 1604 et
775 1574 838 1605 dis-

99 1613 209 1642 clusas
224 1616 333 1652 putat.

143 1655 257 1693 Disco,
274 1656 485 1698 simpliciter,
500 1669 560 1699 pro
580 1659 685 1691 literis
700 1671 837 1702 operam

101 1698 154 1730 do.
185 1699 243 1730 Or.
258 1700 292 1731 ii.
313 1704 340 1731 1.
369 1700 535 1733 Antonius
552 1709 668 1735 autem
684 1705 747 1736 hoc
762 1716 838 1746 pro-

100 1743 296 1774 babiliorem
313 1744 437 1785 populo
459 1747 645 1779 orationem
668 1749 739 1780 fore
761 1760 838 1780 cen-

100 1787 195 1817 sebat
217 1797 327 1826 suam,
352 1789 380 1818 si
411 1790 549 1821 omnino
580 1792 727 1824 didicisse
750 1803 838 1824 nun-

100 1840 203 1871 quam
227 1836 413 1871 putaretur.
446 1831 598 1866 *discere
620 1846 756 1868 causam
780 1838 838 1868 Or.

98 1874 122 1904 i.
149 1876 199 1906 12.
224 1876 286 1906 διε.
315 1875 440 1907 dicitur
462 1877 641 1917 Patronus,
657 1881 714 1920 qui
738 1881 838 1912 ratio-

99 1927 178 1949 nem
194 1928 304 1950 causae
319 1929 337 1949 e
359 1920 492 1952 clientis
508 1924 700 1955 narratione
715 1935 838 1965 cogno-

99 1963 177 2000 scit,
193 1957 298 1993 cliens
315 1967 433 1994 contra
451 1965 582 1997 docere.
612 1977 642 1999 v.
659 1969 761 2000 Gron.
779 1970 838 2000 Se-

100 2009 197 2036 stert.
211 2007 255 2037 iv.
277 2010 309 2038 3.
340 2017 372 2048 p.
389 2010 463 2042 272.
494 2009 659 2044 *Seneen
675 2016 706 2045 8.
737 2013 837 2045 disce-

100 2050 179 2081 bant
193 2050 316 2081 fidibus
333 2052 476 2092 antiqui.

141 2093 388 2134 Discrepantia.
421 2095 493 2127 Fin.
515 2097 563 2128 iii.
591 2101 640 2131 12.
673 2100 836 2140 majorem

100 2137 208 2168 multo
221 2139 308 2169 inter
324 2140 452 2170 Stoicos
465 2145 500 2171 et
512 2141 752 2183 Peripateticos
765 2154 835 2175 esse

97 2180 354 2222 discrepantiam
376 2193 503 2222 rerum,
523 2195 625 2225 quam
647 2188 836 2220 verborum.

98 2224 312 2266 *opponitur
335 2229 533 2259 constantiae
558 2234 595 2260 et
617 2231 837 2270 aequabilitati

98 2269 176 2299 vitae
193 2277 228 2300 et
243 2280 387 2301 morum.
414 2272 510 2302 offic.
522 2273 544 2304 i.
561 2276 614 2305 31.
638 2275 673 2305 in
690 2276 837 2307 actiones

99 2322 304 2353 omnemque
321 2315 425 2345 vitam
436 2315 566 2347 nullam
581 2318 837 2359 discrepantiam

99 2356 250 2387 conferre
266 2358 438 2389 debemus.

144 2399 354 2441 Discrepare,
372 2402 514 2434 differre.
538 2404 640 2435 Tusc.
653 2407 701 2437 iii.
719 2410 749 2441 7.
773 2407 838 2437 dis-

99 2448 212 2484 crepat
240 2455 260 2475 a
289 2445 442 2476 timendo
471 2448 651 2480 confidere.
687 2451 836 2490 *aptum

101 2495 169 2517 non
193 2498 278 2526 esse,
302 2498 371 2519 non
395 2492 584 2522 convenire.
617 2494 714 2525 Offic.
737 2495 759 2525 i.
783 2497 836 2526 40.

100 2531 280 2561 videndum
296 2540 348 2563 est
362 2534 398 2563 in
413 2535 493 2572 vita,
512 2544 554 2566 ne
574 2538 656 2575 quid
670 2538 756 2568 forte
772 2539 838 2568 dis-

100 2579 218 2614 crepet.
241 2575 386 2607 *Partit
411 2577 468 2608 Or.
484 2581 537 2610 38.
559 2581 744 2622 discrepare
759 2592 836 2613 cum

100 2619 220 2649 ceteris
243 2620 385 2660 scriptis.
415 2621 485 2652 Fin.
510 2623 553 2653 iv.
572 2626 625 2656 22.
655 2625 736 2665 quid
758 2627 840 2657 atti-

103 2663 191 2699 nuit,
216 2671 293 2692 cum
320 2664 372 2701 iis,
394 2665 592 2703 quibuscum
623 2678 659 2699 re
683 2671 839 2700 concine-

102 2704 172 2743 bat,
187 2706 294 2736 verbis
310 2708 504 2748 discrepare.
529 2711 569 2740 cf.
587 2712 620 2742 ii.
638 2716 691 2744 30.

145 2748 347 2787 Dis-crimen,
372 2751 455 2783 Phil.
479 2754 544 2785 xiv.
572 2758 598 2785 1.
629 2757 734 2787 totius
757 2757 837 2788 belli

99 2792 275 2823 discrimen
304 2795 453 2834 positum
483 2802 535 2828 est
564 2800 599 2829 in
628 2801 697 2831 vita
724 2802 837 2833 unius.

101 2836 174 2866 add.
194 2837 267 2867 Att.
283 2839 346 2867 xvi.
366 2841 416 2869 15.

146 2879 276 2911 Discus.
306 2881 364 2913 Or.
379 2883 413 2913 ii.
430 2885 460 2914 5.
490 2882 553 2914 hoc
577 2885 648 2925 ipso
669 2890 835 2928 tempore,

100 2932 179 2957 eum
215 2925 331 2957 omnia
365 2928 540 2967 gymnasia
565 2929 755 2972 philosophi
784 2936 836 2963 te-

629 125 776 156 INDEX
806 126 1105 157 LATINITATIS.

886 222 1002 254 neant,
1020 221 1137 249 tamen
1160 225 1276 247 eorum
1301 215 1468 249 auditores
1490 217 1620 252 discum

887 261 1014 299 audire,
1045 271 1144 300 quarn
1184 261 1433 301 philosophum,
1468 264 1617 295 malunt:

887 305 944 343 qui
968 305 1069 335 simul
1093 310 1131 335 ut
1154 305 1334 345 increpuit,
1358 306 1392 334 in
1415 306 1525 337 media
1546 316 1619 339 ora-

887 348 978 377 tione
1003 348 1042 378 de
1059 349 1212 379 maximis
1237 349 1333 379 rebus
1357 353 1392 379 ct
1416 351 1619 388 gravissimis

889 391 1119 431 disputantem
1146 392 1382 433 philosophum
1414 402 1530 424 omnes
1558 405 1621 425 un·

888 435 1008 465 ctionis
1034 445 1134 466 causa
1153 436 1358 475 relinquunt.
1405 436 1482 467 Fuit
1504 443 1620 469 autem

887 477 1068 509 discobolia
1083 480 1171 510 inter
1186 490 1310 520 genera
1322 481 1570 512 exercitationis
1585 492 1621 512 a-

888 522 956 561 pud
967 527 1109 560 veteres,
1122 533 1199 554 cum
1214 525 1248 554 in
1263 534 1379 554 massa».
1392 524 1570 563 plumbeae,
1583 526 1620 556 iu

886 565 967 595 disci
997 567 1142 605 speciem
1178 568 1356 598 rotundam
1388 569 1620 607 conformatae,

887 609 1146 648 projectionibus
1173 621 1208 640 se
1239 617 1434 642 exercerent
1470 619 1505 642 et
1534 613 1620 644 vires

887 653 1098 683 brachiorum
1129 660 1303 693 augerent.
1351 654 1467 695 ltaque
1501 657 1620 688 Horat.

888 695 999 727 Carm.
1023 698 1044 728 i.
1069 700 1100 728 8.
1137 699 1226 728 inter
1251 698 1380 738 reliqua
1408 701 1622 731 exercitatio-

886 749 970 771 num
1001 751 1124 780 genera
1154 742 1256 772 etiam
1282 742 1388 773 discus
1416 753 1620 776 commemo·

883 790 988 814 ratur.

930 828 1114 859 Discedere.
1159 829 1262 859 Acad.
1293 829 1334 859 iv.
1369 832 1418 860 15.
1463 829 1622 862 discutere

887 874 1076 911 captiones:
1109 883 1166 913 pro
1191 884 1255 911 quo
1272 873 1345 903 aliis
1370 873 1450 904 locis
1473 880 1537 912 est,
1555 875 1622 905 dis-

886 916 1024 953 solvere,
1042 917 1206 956 frangere.
1239 918 1279 947 ad
1296 918 1374 947 Div.
1393 929 1424 948 x.
1439 920 1492 948 33.
1516 919 1621 949 discu-

887 963 954 990 tere
970 960 1109 999 aiicujus
1127 963 1389 991 cunctationem.
1421 961 1462 991 ad
1484 962 1548 1002 Qu.
1566 963 1618 993 Fr.

886 1003 992 1034 inm.
1023 1014 1094 1034 rem
1116 1008 1225 1034 totam
1240 1006 1454 1035 discam-eram
1481 1005 1516 1046 (i.
1536 1015 1564 1036 e.
1581 1011 1621 1037 ut

886 1047 1081 1085 rejiceretur
1109 1049 1298 1087 effeceram)
1317 1066 1361 1072 —-
1377 1049 1458 1079 nihil
1487 1049 1621 1080 facilius

886 1096 950 1129 est,
964 1101 1063 1131 quam
1082 1091 1210 1131 reliqua
1225 1093 1393 1123 discutere.
1418 1093 1495 1123 ibid.
1512 1097 1560 1123 11.
1578 1094 1619 1124 de

886 1135 1115 1175 Commageno
1139 1146 1229 1175 rege,
1254 1137 1343 1176 quod
1370 1146 1440 1167 rem
1468 1138 1620 1168 discusse-

883 1189 971 1210 ram..

927 1223 1094 1254 Disertus.
1123 1224 1180 1254 Or.
1199 1225 1220 1254 i.
1237 1226 1288 1254 21.
1315 1224 1480 1264 quomodo
1496 1225 1536 1255 ab
1551 1223 1619 1256 clo-

882 1271 1005 1306 quente
1022 1267 1175 1297 differat?

925 1309 1124 1353 Disjunctio‚
1171 1321 1277 1351 genus
1328 1312 1619 1350 enunciationum,

882 1365 983 1394 quam
1022 1355 1120 1385 hodie
1156 1356 1399 1396 oppositionem
1438 1356 1620 1396 appellant.

881 1398 966 1440 Top.
994 1402 1044 1430 14.
1082 1401 1117 1430 in
1140 1398 1351 1441 disjunctione
1376 1399 1450 1440 plus
1475 1409 1542 1430 uno
1564 1410 1619 1430 ve—

881 1453 958 1474 rum
973 1452 1044 1474 esse
1060 1452 1128 1474 non
1153 1448 1274 1483 potest.
1304 1444 1385 1475 Nat.
1401 1443 1444 1474 D.
1461 1444 1483 1474 i.
1499 1446 1552 1476 25.
1583 1445 1619 1474 in

881 1487 1037 1518 omnibus
1059 1485 1335 1529 disjunctionibus,
1351 1489 1384 1518 in
1409 1488 1542 1527 quibus,
1561 1492 1621 1518 aut

882 1531 998 1567 etiam,
1014 1537 1075 1562 aut
1090 1541 1169 1568 non,
1183 1532 1333 1571 ponitur,
1348 1530 1549 1562 alterutrum
1565 1541 1620 1561 ve-

882 1585 958 1605 rum
971 1579 1031 1605 est.
1055 1575 1119 1605 *in
1136 1575 1311 1606 rhetoricis
1328 1575 1407 1614 quid
1423 1576 1490 1605 sit?
1515 1575 1619 1606 tradi-

881 1624 940 1649 tur
955 1618 997 1648 ad
1012 1618 1162 1649 Herenn.
1180 1619 1221 1649 iv.
1239 1621 1291 1653 27.

928 1661 1137 1705 Disjunctus.
1183 1663 1286 1693 Acad.
1325 1663 1367 1693 iv.
1407 1666 1461 1694 30.
1503 1672 1617 1700 omne,

884 1707 974 1746 quod
996 1707 1045 1737 ita
1059 1705 1257 1748 disjunctum
1282 1707 1338 1744 sit,
1355 1707 1449 1746 quasi
1473 1712 1533 1737 aut
1555 1708 1618 1737 eti-

883 1760 951 1788 am,
977 1755 1036 1781 aut
1064 1760 1145 1789 non,
1170 1760 1238 1780 non
1266 1750 1363 1780 modo
1389 1760 1507 1780 verum
1534 1759 1617 1788 esse,

883 1795 941 1825 sed
958 1795 1058 1825 etiam
1078 1795 1314 1825 necessarium.
1347 1794 1418 1824 Fin.
1435 1795 1469 1824 ii.
1490 1797 1540 1826 14.
1567 1804 1619 1825 ra·
1644 1828 1649 1835 .

882 1839 930 1868 tio
952 1836 1117 1880 disjuncta
1141 1839 1326 1878 conjungit.
1360 1838 1538 1869 *diversus
1561 1839 1618 1869 Or.

882 1882 929 1912 iii.
958 1886 1007 1914 15.
1039 1892 1108 1912 non
1129 1880 1284 1924 disjuncti
1311 1881 1475 1919 doctores,
1499 1882 1557 1912 sed
1579 1882 1618 1912 ii-

883 1925 972 1956 dem.
1001 1926 1151 1957 *Partim
1175 1927 1206 1958 6.
1237 1935 1418 1956 concursus
1442 1926 1618 1957 verborum

881 1968 1115 2011 disjuncti—et
1130 1969 1272 2001 hiantes.
1296 1981 1325 2000 v.
1343 1969 1446 2000 hiare.

924 2012 1139 2055 Diq'jungere,
1163 2014 1363 2044 discernere.
1391 2012 1492 2044 Tusc.
1517 2013 1564 2044 iii.
1588 2016 1617 2044 5.

881 2056 1104 2099 disjungimus
1118 2059 1284 2089 insaniam
1301 2068 1320 2088 a
1334 2058 1458 2088 furore.
1489 2057 1618 2088 *Tusa

879 2102 901 2131 i.
927 2105 980 2133 31.
1018 2099 1207 2142 disjungere
1237 2112 1271 2132 se
1296 2112 1315 2132 a
1338 2111 1487 2142 corpore,
1511 2105 1575 2138 est,
1599 2110 1619 2131 a

881 2146 1027 2186 corporis
1044 2146 1146 2183 vitiis,
1163 2146 1197 2176 h.
1213 2156 1243 2176 e.
1259 2146 1312 2183 iis,
1327 2144 1369 2175 ad
1384 2154 1458 2184 quae
1475 2153 1618 2194 propen-

883 2189 940 2219 det
963 2190 1095 2220 animus
1119 2195 1256 2230 propter
1277 2189 1422 2229 corporis
1447 2195 1621 2228 contagio-

883 2243 961 2263 nem
977 2237 1012 2263 et
1026 2235 1281 2270 commercium,
1294 2243 1329 2263 se
1344 2233 1524 2263 abstinere.

926 2276 1158 2318 Disparatum.
1183 2277 1256 2308 Inv.
1273 2277 1294 2307 i.
1311 2278 1364 2308 28.
1387 2276 1468 2316 quid
1483 2276 1550 2306 sit?

926 2321 1117 2361 Disparilz‘s.
1141 2322 1217 2352 Div.
1231 2321 1252 2352 i.
1265 2321 1318 2352 36.
1342 2320 1378 2350 in
1394 2321 1545 2360 disparili
1560 2319 1618 2350 ad-

880 2366 1064 2405 spiratione
1078 2371 1258 2395 terrarum.

925 2409 1139 2449 Dispensare‚
1164 2409 1410 2445 administrare,
1426 2416 1618 2447 procurare.

883 2453 953 2483 Att.
978 2454 1022 2484 xi.
1051 2457 1078 2483 1.
1110 2454 1164 2492 qui
1189 2458 1320 2483 nostras
1342 2461 1394 2482 res
1417 2451 1617 2482 domesticas

881 2497 1087 2537 dispensavit.
1119 2497 1334 2537 *disponere
1364 2496 1422 2526 Or.
1438 2495 1460 2525 i.
1475 2497 1529 2526 31.
1553 2495 1617 2526 dis-

874 2550 1015 2581 pensare
1031 2541 1178 2571 inventa.

926 2584 1145 2624 Dispensatio,
1169 2583 1429 2619 administratio,
1460 2591 1619 2622 procura-

881 2629 940 2658 tio.
971 2628 1082 2659 Rabir.
1099 2628 1155 2658 Po.
1177 2631 1224 2658 10.
1255 2627 1447 2666 dispensatio
1460 2626 1572 2666 regia3
1597 2636 1618 2656 a

882 2682 950 2711 qua
962 2672 1116 2702 Rabirius
1133 2673 1289 2702 dioecetes
1309 2669 1509 2710 appellatur.
1539 2670 1617 2701 Vat.

885 2719 935 2746 15.
958 2716 1150 2755 dispensatio
1165 2715 1284 2745 aerarii.
1307 2714 1350 2744 cf.
1363 2715 1434 2745 Att.
1450 2724 1502 2744 xv.
1522 2716 1573 2744 15.

925 2758 1111 2799 Dispersus.
1143 2758 1201 2789 Or.
1215 2759 1235 2789 i.
1251 2760 1305 2790 42.
1336 2758 1417 2788 dum
1438 2757 1524 2795 haec,
1541 2765 1618 2796 quae

881 2803 1023 2843 dispersa
1045 2807 1138 2840 sunt,
1158 2808 1338 2842 coguntur.
1361 2801 1395 2832 h.
1411 2811 1441 2832 e.
1464 2800 1616 2831 nondum

881 2846 924 2876 ad
947 2853 1039 2877 certa
1062 2856 1186 2886 genera
1207 2852 1242 2875 et
1265 2845 1389 2876 formas
1412 2849 1567 2876 revocata
1580 2848 1616 2875 et

881 2890 1072 2928 distributa,
1099 2890 1246 2929 adeoque
1272 2899 1339 2920 non
1366 2889 1408 2919 ad
1439 2889 1521 2919 artis
1549 2887 1618 2919 sor-

880 2944 972 2966 mam
989 2934 1134 2966 redacta.
1157 2934 1201 2966 cf.
1220 2933 1319 2966 Petit.
1337 2933 1437 2965 Cons.
1455 2935 1485 2963 1.
