1800 3131
136 116 219 158 836

137 226 225 248 nova
248 215 321 257 lege
346 215 582 254 constitutum,
608 216 704 256 quale
731 216 866 248 Milonis

136 262 214 293 fuit.
239 260 373 291 Cluent.
390 263 442 291 44.
457 258 622 302 judicium
639 271 715 290 cuin
733 270 767 290 re
791 270 868 290 con-

130 307 313 346 junctum:
341 305 371 334 b.
395 314 424 334 e.
448 314 573 335 verum.
597 305 639 334 ad
662 305 737 335 Div.
755 305 797 334 ix.
816 307 867 335 25.

127 347 263 390 judicia
277 349 390 388 turpia
410 352 502 385 sunt,
517 358 591 387 quae
606 354 684 378 sunt
702 349 791 377 intcr
803 348 868 377 fra-

137 398 220 430 tm,
245 402 325 431 quos
354 400 419 421 non
447 391 543 422 decet
559 388 699 432 judiciis
723 391 809 420 inter
834 399 867 419 se

140 436 337 466 conflictari.
368 434 426 465 sed
454 435 550 465 Rosc.
579 436 655 465 Am.
687 438 739 465 38.
770 438 868 473 turpe

128 478 298 521 judicium
321 482 383 516 est,
398 478 487 517 quod
508 482 641 518 turpem
660 487 794 507 causam
813 477 869 506 ha-

141 524 211 561 bet,
225 526 259 553 et
272 527 370 563 turpe
386 527 437 552 est
452 522 494 558 ei,
508 523 561 552 cui
575 521 869 558 intemlitui‘·‚tani-

139 575 240 607 quain
253 566 347 603 furti,
360 566 509 596 mandati
527 567 584 594 διο.
610 565 705 595 Rosc.
725 564 819 592 Com.
839 566 868 593 5.

131 609 263 652 judicia
272 610 432 649 legitima:
444 609 570 646 legibus
578 609 770 637 constituta.
780 607 867 636 Mur:

137 653 344 696 2.judicize›.·z
361 652 512 683 Consulis
529 651 706 689 dmg-nati,
720 650 807 688 quod
820 651 871 679 in-

140 698 300 739 penditur
317 697 415 726 Cons.
434 696 501 725 des.
525 695 589 724 Off.
606 694 652 724 iii.
673 697 721 727 17.
736 691 871 733 judicia

140 741 307 772 contraria
323 744 414 776 sunt,
431 748 504 777 quae
522 739 556 767 in
573 737 771 776 quibusdam
792 747 871 766 cau-

139 787 184 816 sis
200 785 288 815 flunt
303 783 456 813 adversus
473 782 662 820 petitorem.
687 783 725 810 ut
743 777 871 821 judicio

137 828 269 865 tutelae,
283 828 317 856 in
333 836 399 864 quo
415 826 539 865 petitor
553 830 604 854 est
619 824 779 864 pupillus,
793 833 871 854 con-

139 872 281 902 trarium
296 873 348 899 ‘est
363 867 545 910 judicium,
561 875 626 906 quo
642 872 736 898 tutor
752 868 836 907 petit
852 877 871 896 a

140 915 268 958 pupillo
284 917 414 943 sumtus
432 912 502 951 ejus
517 921 618 942 causa
633 911 738 941 factos
754 933 759 940 .
777 910 870 952 judi·

136 961 183 990 εἷο
212 956 362 988 mandati
388 956 591 986 contrarium
619 960 670 985 est
689 952 869 997 judicium,

139 1011 205 1042 quo
236 1011 256 1031 a
282 999 491 1031 mandatario
518 1002 681 1039 petuntur
709 998 870 1038 impensae

140 1046 220 1077 litis.
238 1046 297 1075 &c.
313 1044 355 1074 de
370 1043 420 1073 his
437 1043 550 1082 agitur
564 1043 597 1072 in
612 1041 797 1072 austiniani
816 1041 871 1071 In—

139 1091 249 1121 utitut.
267 1088 310 1118 iv.
330 1088 379 1118 16.
395 1089 425 1118 2.
452 1086 542 1117 Male
559 1085 694 1125 quidam
709 1085 799 1125 apud
817 1085 871 1115 ei·-

137 1141 296 1164 ceronem
317 1129 449 1173 judicia.
473 1129 641 1160 contraria
661 1128 870 1168 intelligunt,

141 1178 181 1207 de
205 1176 357 1206 dissensu
376 1174 532 1212 judicum
555 1177 590 1203 et
609 1173 821 1203 arbitrorum.
837 1173 872 1202 in

142 1219 253 1251 Coecil.
275 1222 302 1250 1.
325 1219 421 1249 Brut.
439 1220 493 1248 33.
509 1217 569 1247 &e.
582 1214 715 1258 judicia
738 1215 873 1257 publica

140 1267 234 1301 nunt,
258 1258 294 1292 in
320 1262 440 1301 quibus
465 1270 566 1291 causa
590 1259 725 1300 publica
750 1260 872 1299 agitur.

144 1309 188 1349 (v.
213 1304 326 1344 causa)
353 1306 480 1344 privata
501 1307 631 1340 contra,
647 1304 703 1334 Or.
721 1303 742 1333 i.
761 1306 813 1333 38.
837 1303 872 1332 in

142 1351 261 1390 quibus
278 1350 425 1389 privatae.
449 1347 523 1378 Sed.
540 1346 639 1377 Arch.
659 1349 689 1377 2.
704 1345 872 1387 judicium

141 1394 314 1435 publicum
344 1392 480 1429 dicitur,
504 1390 592 1430 quod
621 1394 673 1421 est
702 1390 742 1420 de
773 1400 874 1420 causa.

141 1439 282 1479 privata.
319 1436 379 1466 Est
408 1436 498 1465 enim
528 1433 611 1464 illud
635 1432 804 1475 judicium
833 1433 872 1463 de

135 1483 214 1521 jure
242 1480 401 1517 civitatis,
431 1477 519 1518 quod
549 1483 599 1507 est
629 1478 746 1517 privati
774 1478 872 1516 juris.

143 1525 208 1556 Sed
230 1525 279 1554 ita
298 1523 434 1559 dicitur,
451 1528 490 1552 ut
513 1521 681 1552 interdum
693 1521 750 1559 jus
766 1521 874 1561 publi-

144 1579 235 1604 cum,
258 1567 298 1597 ‹le
323 1567 463 1606 privato.
493 1565 536 1606 (ν.
560 1564 647 1601 dus.)
677 1565 772 1602 item,
797 1565 874 1603 quia

136 1611 304 1655 judicium
320 1609 403 1640 illud
418 1605 547 1639 Archiae
570 1609 732 1647 agebatur
744 1618 784 1638 ex
801 1607 873 1647 lege

143 1656 277 1686 Plautia
298 1653 443 1693 Papiria,
465 1658 539 1691 quae
562 1656 614 1682 est
629 1647 716 1690 juris
739 1650 874 1691 publici.

145 1700 245 1730 Doni.
269 1700 321 1728 31.
335 1695 469 1738 judicia
492 1696 646 1732 Senatus,
670 1699 751 1725 Sunt
772 1695 870 1724 scta.

145 1743 217 1773 Inv.
250 1742 283 1771 ii.
315 1742 368 1772 ⁶20.
392 1737 561 1781 judicium
585 1748 722 1779 purum,
749 1739 784 1768 in
810 1749 875 1777 quo

144 1785 305 1826 quaeritur
334 1783 373 1813 de
408 1783 548 1813 crimine
578 1781 648 1813 sine
679 1782 875 1822 exceptione

144 1830 269 1860 addita.
294 1828 334 1858 ad
359 1826 428 1856 Att.
455 1827 497 1857 iv.
530 1827 577 1857 16.
601 1824 766 1866 judicium
792 1826 876 1856 taci-

146 1878 232 1904 tum.
242 1883 272 1903 v.
282 1875 350 1901 not.
365 1869 519 1911 *judicia
530 1869 690 1900 dicuntur
700 1870 802 1899 etiam
817 1869 876 1899 ho·

146 1922 256 1953 nores,
280 1915 430 1956 praemia,
455 1915 534 1953 quia
557 1913 628 1943 scil.
658 1913 782 1944 dantur
810 1913 875 1951 his,

147 1961 204 2000 qui
228 1960 266 1989 iis
289 1958 382 1997 digni
396 1957 606 1997 judicantur.
629 1956 686 1987 Or.
704 1960 757 1988 41.
782 1957 876 1995 cujus

147 2005 190 2034 de
214 2003 341 2034 meritis
364 2005 498 2031 senatus
521 2004 620 2031 tanta
633 1998 766 2042 judicia
781 2000 878 2030 fecis-

147 2052 210 2078 set.
228 2046 315 2076 conf.
340 2044 458 2075 Manil.
480 2047 529 2076 15.
555 2044 667 2074 Plane.
684 2047 736 2078 39.
760 2043 814 2074 ubi
836 2044 876 2074 de

149 2089 391 2131 supplicatione
414 2088 547 2119 dieitur.
572 2089 669 2118 Rosc.
686 2087 724 2118 A.
739 2090 793 2121 37.
816 2095 876 2126 age

150 2144 241 2165 nunc
256 2144 295 2163 ex
313 2131 518 2172 Chrysogoni
533 2129 659 2173 judicio
681 2131 876 2162 Rosciorum

149 2179 277 2208 sactum
293 2176 539 2206 consideremus
554 2187 560 2205 :
578 2175 610 2205 h.
629 2185 658 2204 e.
672 2185 712 2204 ex
727 2175 877 2215 praemio‚

149 2221 239 2261 quod
255 2220 379 2250 Rosciis
396 2219 628 2259 Chrysogonus
645 2218 746 2248 dedit.
769 2218 788 2236 *ι
799 2228 877 2248 acu-

149 2274 228 2295 men
254 2265 288 2294 in
306 2263 490 2302 judicando
514 2266 548 2292 et
570 2262 723 2298 facultas,
740 2261 781 2292 ad
802 2260 877 2292 Div.

150 2309 193 2339 vi.
212 2311 262 2345 18.
285 2304 572 2347 quicquidjudiciz'
587 2306 760 2336 habuerim
773 2305 813 2335 de
830 2305 878 2335 di-

151 2352 266 2381 cendo.
298 2350 341 2380 ib.
366 2350 569 2380 tantundem
598 2349 638 2379 ‹le
669 2349 734 2379 mei
756 2346 879 2390 judicii

150 2395 242 2425 fama
256 2394 460 2424 detrahatur.
485 2393 564 2423 ibid.
583 2404 614 2422 x.
631 2395 684 2424 ⁶25.
710 2402 785 2422 cum
802 2397 878 2422 tan-

150 2443 225 2468 tum
250 2442 349 2467 tuum
374 2436 549 2467 consilium
570 2434 799 2477 judiciumque
824 2437 877 2466 sit.

150 2480 271 2521 *quod
285 2479 423 2522 judicio,
438 2484 570 2520 sponte,
586 2479 738 2510 consulto
761 2480 810 2509 fit.
838 2479 879 2510 ad

152 2525 229 2556 Div.
246 2524 288 2554 xi.
306 2527 335 2555 3.
359 2529 400 2554 ut
414 2522 580 2565 judicium
602 2527 752 2554 nostrum
769 2528 878 2553 metus

152 2568 314 2598 videatur.
338 2568 555 2606 *sequuntur
578 2567 728 2605 quaedam
753 2566 880 2596 formu-

152 2611 194 2642 1ae
211 2610 355 2648 dicendi,
372 2611 407 2640 in
424 2621 488 2650 quo
504 2610 602 2649 hujus
618 2611 706 2640 verbi
723 2620 800 2640 usus
818 2616 880 2641 est.

155 2655 278 2685 Caeein.
303 2657 334 2685 3.
358 2654 451 2685 Verr.
473 2655 507 2684 ii.
533 2650 766 2693 12.jtcdieizcm
790 2654 879 2684 dare.

154 2697 234 2729 ibid.
261 2698 283 2727 i.
317 2700 368 2728 53.
396 2695 562 2738 judicium
593 2698 627 2727 in
659 2707 711 2727 me
742 2706 783 2727 ne
814 2697 879 2727 det.

153 2741 270 2782 Quint.
286 2742 338 2771 29.
353 2738 519 2781 judicium
536 2740 638 2770 reddi.
657 2740 719 2770 hoc
736 2740 776 2770 de
797 2749 881 2780 prae-

152 2791 225 2816 tore
249 2784 384 2820 dicitur,
406 2791 441 2814 et
461 2788 512 2813 est
530 2784 773 2823 jurisdictionis
794 2793 880 2824 pars.

153 2828 247 2859 Verr.
285 2827 319 2857 ii.
355 2827 408 2857 526.
444 2825 575 2868 judicia
604 2827 761 2857 restituta
789 2832 880 2857 sunt.

151 2871 269 2912 Quint.
287 2872 340 2901 28.
369 2870 461 2900 Verr.
479 2871 525 2900 iii.
541 2872 592 2901 ⁶28.
616 2868 783 2911 judicium
799 2871 880 2911 pati,

151 2916 202 2946 ita
216 2914 350 2950 dicitur,
368 2919 408 2945 ut
424 2914 572 2954 accipere
584 2912 763 2955 judic-ium.
781 2924 810 2945 v.
827 2924 880 2946 ae-

662 124 808 157 INDEX
830 127 962 156 LATIN
970 123 1124 157 [TATIS.

910 218 1030 257 cipere.
1053 216 1146 246 Verr.
1163 216 1184 245 i.
1203 218 1253 246 53.
1269 213 1439 257 judicium
1453 213 1588 254 habere,
1600 215 1640 247 de

911 271 982 290 reo:
1008 260 1064 290 scd
1079 260 1172 290 Vcrr.
1188 258 1221 288 ii.
1239 261 1289 294 99.
1321 259 1359 288 de
1375 259 1518 299 petitore
1534 264 1567 290 et
1583 270 1639 290 reo

910 304 1042 334 (licitur.
1061 303 1139 340 [ΑΒΕ.
1157 303 1190 333 ii.
1206 306 1253 337 17.
1269 301 1401 344 judicia
1413 308 1638 344 perrumpere.

912 358 939 377 v.
956 356 1178 387 perrumpere.
1197 346 1363 386 Sen.p.R.
1376 349 1405 376 8.
1424 345 1640 387 tollerejudi-

911 392 974 427 cia,
987 391 1026 420 dc
1041 390 1168 428 Clodio,
1179 392 1233 429 qui
1250 393 1454 429 corruperat.
1472 389 1570 420 Arch.
1592 392 1640 421 19.

902 432 1070 475 judicium
1085 444 1250 471 exercere,
1263 434 1303 463 de
1319 443 1370 469 eo,
1385 434 1440 472 qui
1452 440 1573 473 praeest
1581 431 1641 474 ju·

911 478 1000 507 (licio.
1026 477 1067 506 ad
1083 477 1158 507 Div.
1173 487 1203 507 v.
1228 481 1276 508 18.
1290 475 1459 518 judicium
1481 477 1641 517 potentia

912 520 1052 560 alicujus
1079 521 1278 558 condonare,
1304 521 1334 550 b.
1364 532 1392 550 c.
1421 521 1470 550 ita
1494 530 1644 560 pronun·

913 565 1015 600 ciam,
1039 568 1078 593 ut
1102 566 1231 604 potenti
1255 565 1355 595 alicui
1379 563 1500 603 placet,
1525 568 1643 594 contra

906 607 974 646 jus.
999 607 1091 636 Brut.
1121 610 1146 636 l.
1170 608 1295 638 fecerat
1309 605 1476 647 judicium
1500 607 1643 646 dignita—

916 651 960 680 tis
976 659 1070 679 inem.
1095 649 1202 680 Flaec.
1220 655 1272 685 37.
1297 661 1372 680 cum
1392 661 1458 681 non
1475 650 1643 681 deducen-

914 694 955 723 do
969 691 1138 734 judicium
1154 694 1282 731 feceris,
1298 694 1371 733 plus
1388 694 1504 724 salsam
1521 695 1643 734 episto·

914 737 979 767 lam
1005 737 1192 767 habituram
1219 737 1382 776 ponderis.
1407 737 1470 767 Scd
1494 738 1642 768 Graevius

913 792 930 810 e
958 780 1073 811 Franc.
1104 784 1131 810 1.
1156 781 1320 810 malebat:
1355 781 1526 819 indicium,
1554 781 1643 821 quod

913 825 1036 854 rectius
1053 828 1145 864 puto.
1170 825 1258 855 Mur.
1274 827 1305 855 ⁶2.
1329 823 1644 866 pei-iculumjudieii

914 873 1083 908 praestare,
1108 868 1268 898 dicuntur
1292 868 1327 904 ii,
1349 868 1405 906 qui
1431 868 1464 897 in
1487 877 1538 905 eo,
1555 868 1644 907 quod

913 911 1076 949 vendunt,
1094 912 1292 942 evictionem
1311 915 1482 950 praestant.
1505 911 1570 941 vid.
1587 921 1644 942 au-

913 956 1059 985 ctoritas.
1076 964 1108 985 n.
1126 957 1178 986 ⁶21.
1202 959 1237 985 ct
1252 960 1370 984 auctor
1387 964 1419 985 n.
1441 957 1488 984 11.
1511 954 1604 985 verr.
1622 955 1644 986 i.

915 1001 966 1029 53.
1004 999 1129 1028 etenim
1146 998 1179 1028 id
1193 997 1361 1039 judicium
1377 1005 1430 1027 me
1446 1008 1515 1028 uno
1531 998 1646 1028 defen·

914 1042 1014 1072 dente
1031 1042 1123 1072 vicit.
1156 1041 1285 1072 Graevio
1303 1050 1369 1071 non
1386 1041 1582 1081 displicebat
1599 1041 1645 1072 le-

914 1086 982 1116 ctio
1000 1085 1196 1115 Franciani:
1221 1086 1256 1115 in
1270 1084 1405 1126 judicit».
1429 1085 1486 1115 sed
1510 1091 1646 1125 recepta

912 1128 1071 1159 tenenda.
1089 1137 1194 1168 genus
1205 1129 1295 1158 enim
1308 1129 1370 1159 hoc
1381 1129 1536 1168 loquendi
1550 1129 1644 1159 Cice—

915 1173 987 1203 roni
1005 1182 1072 1203 non
1088 1173 1287 1203 inusitatum
1304 1173 1338 1202 in
1353 1172 1426 1202 aliis
1443 1174 1550 1203 rebus.
1591 1173 1649 1214 Sic.
1691 1189 1693 1191 ·

916 1217 1039 1246 Caecin.
1067 1219 1119 1247 31.
1142 1217 1275 1246 vincere
1301 1217 1512 1255 sponsionem
1536 1221 1586 1246 est
1609 1217 1644 1246 in

915 1260 1101 1297 Graeviana,
1118 1260 1206 1298 quod
1222 1260 1333 1299 probo.
1357 1258 1546 1300 *judiciitm
1564 1260 1645 1289 dici-

914 1308 972 1334 tur
996 1304 1100 1333 etiam
1128 1313 1186 1343 pro
1205 1303 1387 1342 judicibus.
1416 1303 1508 1334 Verr.
1533 1304 1570 1333 ii.
1594 1306 1645 1334 18.

906 1344 1073 1388 judicium
1099 1347 1228 1377 sortiri:
1255 1347 1343 1385 quod
1366 1356 1386 1376 a
1408 1346 1530 1376 Graeeis
1553 1356 1644 1377 suin-

915 1396 1004 1428 tum,
1023 1390 1078 1430 qui
1096 1391 1214 1420 dicunt
1231 1389 1353 1432 κληροῦν
1368 1387 1537 1432 &navigium

958 1435 1132 1472 duritem-e,
1150 1434 1300 1474 judicem
1327 1443 1409 1464 esse.
1442 1433 1513 1464 Inv.
1546 1433 1567 1464 i.
1592 1435 1644 1464 50.

915 1478 1009 1509 Verr.
1033 1478 1054 1508 i.
1079 1481 1109 1508 8.
1132 1477 1231 1508 *Atta
1254 1487 1285 1507 x.
1311 1480 1340 1507 8.
1366 1487 1444 1507 cum
1468 1478 1508 1507 ab
1528 1486 1645 1507 eorum

917 1522 1064 1552 consiliis
1083 1522 1195 1551 abesse
1212 1518 1393 1562 Memfi.-
1417 1521 1439 1551 i.
1457 1530 1485 1551 e.
1501 1520 1647 1551 voluisti.

959 1565 1108 1603 ,lug-atio.
1145 1564 1227 1595 Cato
1256 1567 1306 1595 15.
1343 1564 1493 1604 capitum
1509 1561 1648 1604 jugatio

917 1609 951 1638 in
967 1609 1101 1639 vitibus.
1123 1608 1217 1638 Varr.
1242 1608 1283 1638 P..
1300 1607 1340 1637 R.
1357 1607 1379 1637 i.
1404 1610 1435 1638 8.
1467 1607 1645 1637 Columell.

918 1653 961 1682 iv.
984 1656 1031 1686 17.
1047 1662 1095 1691 sq.
1119 1651 1239 1682 Modus
1247 1649 1433 1692 jugationis
1447 1651 1647 1691 exprimitur

918 1706 937 1726 a
960 1695 1146 1726 Pontedera
1164 1695 1206 1725 ad
1223 1695 1298 1725 init.
1318 1694 1340 1724 l.
1364 1695 1410 1724 iii.
1440 1693 1646 1724 Columellae.

917 1740 985 1770 tab.
1005 1740 1026 1769 i.
1043 1739 1066 1770 f.
1088 1741 1136 1769 12.
1160 1738 1211 1768 ed.
1229 1738 1365 1768 Gesner.

960 1783 1121 1822 Jugatus.
1143 1782 1245 1812 Tuse.
1266 1782 1312 1812 iii.
1343 1784 1389 1811 18.
1413 1790 1529 1811 omnes
1545 1781 1648 1811 virtu—

917 1830 967 1856 tes
987 1827 1075 1856 inter
1094 1836 1128 1855 se
1154 1835 1247 1855 nexae
1270 1829 1305 1855 et
1317 1822 1452 1865 jugatoe
1466 1830 1557 1855 sunt.
1574 1834 1648 1865 pro—

917 1871 986 1910 prie
1004 1871 1044 1900 de
1060 1870 1180 1899 vitibus
1196 1869 1330 1899 dieitur.
1347 1866 1529 1907 v.jugati0.

960 1914 1072 1953 dagis.
1096 1913 1172 1944 Div.
1189 1913 1223 1942 ii.
1239 1913 1292 1944 36.
1310 1909 1446 1952 nejuge
1460 1912 1645 1951 auspicium

919 1958 991 1994 fiat,
1011 1957 1135 1997 jubent
1154 1957 1311 1995 jumenta
1341 1956 1540 1995 disjungere.
1587 1954 1647 1985 Est

909 2000 997 2043 juge
1024 2001 1224 2040 auspicium,
1253 2010 1330 2029 cum
1351 1999 1650 2039 juinentuinjun-

919 2051 1013 2075 ctum
1041 2050 1168 2074 stereus
1198 2044 1291 2073 facit.
1322 2043 1454 2073 Servius
1484 2042 1526 2072 ad
1555 2042 1649 2082 Virg.

918 2089 994 2120 AEn.
1012 2088 1057 2118 iii.
1074 2091 1147 2122 537.
1170 2087 1302 2118 Davies.

961 2132 1105 2170 «Iugum.
1128 2131 1222 2161 verr.
1236 2131 1282 2160 iii.
1305 2133 1353 2160 11.
1378 2130 1412 2159 in
1433 2128 1572 2166 singulis
1587 2125 1648 2169 ju-

916 2176 970 2215 gis
986 2179 1093 2205 arant.
1117 2175 1249 2213 dagam
1272 2178 1336 2210 est,
1352 2173 1440 2212 quod
1454 2172 1567 2213 juncti
1591 2173 1649 2202 bo·

919 2230 972 2249 ves
998 2228 1065 2249 uno
1088 2217 1141 2248 die
1164 2226 1297 2247 exarare
1323 2221 1473 2256 possunt.
1494 2215 1589 2246 Varr.
1607 2216 1649 2246 R.

920 2263 960 2293 R.
978 2264 999 2293 i.
1019 2265 1068 2292 10.
1097 2267 1131 2291 et
1147 2261 1191 2291 ibi
1209 2260 1290 2290 Intt.
1313 2262 1331 2278 ’⁷‘
1345 2270 1413 2300 par.
1439 2259 1522 2290 Phil.
1548 2260 1592 2289 xi.
1618 2261 1649 2290 2.

921 2306 963 2336 de
984 2306 1130 2336 Antonio
1157 2308 1192 2334 et
1216 2303 1410 2335 Dolabella:
1443 2303 1505 2333 hoc
1520 2301 1649 2344 jugum

920 2351 1100 2389 impiorum
1117 2348 1292 2378 nefarium.
1309 2348 1366 2377 ubi
1383 2347 1448 2377 vid.
1465 2346 1591 2376 Ferrar.

963 2393 1174 2428 Jameutum,
1198 2398 1313 2429 equus.
1344 2390 1386 2420 ad
1415 2390 1492 2421 Div.
1521 2390 1565 2419 xi.
1600 2392 1650 2420 13.

921 2446 1012 2467 eram
1050 2437 1122 2466 sine
1160 2435 1342 2474 equitibus,
1378 2434 1449 2464 sine
1478 2431 1651 2474 jumentis.

921 2481 1023 2510 Attic.
1060 2480 1114 2509 xii.
1149 2481 1201 2510 32.
1241 2476 1403 2520 jumentis
1430 2476 1573 2507 Athenis
1604 2476 1652 2506 nil

921 2534 1017 2563 opus,
1033 2522 1098 2553 vid.
1123 2522 1243 2562 Cuper.
1267 2521 1308 2551 ad
1331 2521 1464 2551 Petron.
1491 2523 1561 2554 117.
1593 2520 1649 2550 ubi

922 2567 1096 2597 Petronius
1112 2567 1181 2605 ipse
1201 2564 1365 2595 caballum
1385 2564 1647 2604 interpretatur:

922 2612 968 2641 sic
985 2615 1035 2640 est
1052 2611 1152 2640 etiam
1172 2619 1223 2648 ap.
1241 2610 1377 2638 Sueton.
1393 2608 1473 2637 Ner.
1489 2610 1519 2637 5.

965 2655 1119 2685 metas.
1152 2653 1209 2683 Or.
1235 2652 1282 2682 iii.
1305 2654 1358 2682 43.
1385 2651 1490 2680 oratio
1504 2648 1647 2690 juncta:

923 2698 1106 2737 opponitur
1122 2695 1255 2732 hiulcae,
1273 2698 1372 2733 atque
1389 2694 1471 2724 adeo
1486 2695 1593 2723 oritur
1613 2703 1651 2724 ex

925 2741 1143 2771 collocatione
1161 2743 1240 2779 apta
1255 2738 1440 2768 verborum.
1465 2737 1521 2767 Or.
1546 2747 1574 2766 c.
1596 2737 1650 2768 36.

923 2782 1152 2825 vei-bajunola
1167 2786 1383 2822 opponuntur
1397 2780 1615 2820 simplicibus.

967 2828 1103 2859 Jurare.
1129 2826 1196 2856 Att.
1211 2826 1266 2856 xii.
1284 2828 1333 2855 13.
1352 2831 1554 2865 perpetuum
1567 2833 1655 2853 mor-

925 2872 1004 2901 bum
1020 2869 1154 2912 jurare.
1177 2869 1273 2899 Rosc.
1293 2868 1329 2898 C.
1350 2871 1376 2898 l.
1400 2876 1515 2898 essene
1539 2876 1656 2907 quein·-

926 2925 1027 2955 quam
1042 2918 1138 2945 tanta
1154 2912 1292 2943 auda-:ia
1307 2912 1500 2953 praeditum,
1513 2914 1552 2941 ut
1568 2909 1656 2950 quod
