1800 3131
159 75 242 111 390

163 169 265 200 *Ate
283 179 311 199 v.
333 172 364 200 3.
387 179 507 209 ponere
529 168 673 209 aliquem
698 171 731 200 in
757 171 897 209 gratiam

167 213 256 254 apud
290 212 445 252 aliquem.
476 212 539 243 vid.
565 213 683 252 gratia.
721 214 827 243 *ibim
856 215 899 244 xi.

167 258 221 289 22.
255 260 292 286 ut
316 256 436 286 multos
461 256 529 286 (lies
553 257 587 286 in
610 256 769 297 oppidum
787 262 900 296 ponat.

167 300 343 332 Manutius
360 300 616 340 interpretatur:
641 300 709 330 dies
727 306 902 330 consumat

169 344 205 374 in
233 344 351 373 itincre
378 343 419 373 ad
442 343 612 384 oppidum.
641 343 746 373 *ibim
771 344 825 373 xii.
850 347 902 373 51.

169 387 233 418 hoc
250 392 412 424 metuere,
428 387 568 417 alterum
594 388 628 417 in
652 394 745 417 metu
764 396 829 416 non
847 397 904 427 po-

171 441 258 461 nere.
282 430 314 460 h.
330 441 358 460 e.
375 441 441 460 non
457 430 644 460 timendum
663 437 791 469 putare.

218 473 391 514 Pontifices
407 478 486 504 sunt
503 482 696 503 communes
719 473 905 502 sacerdotes

174 518 325 547 omnium
342 518 501 548 Deorum.
524 517 586 546 wid.
602 516 683 555 Leg.
701 517 734 545 ii.
754 520 783 545 8.
809 516 906 545 divis-

174 571 239 600 que
256 561 327 591 aliis
343 560 542 597 sacerdotes,
555 559 707 589 omnibus
721 559 905 598 Pontg‘fices,

175 604 314 643 singulis
331 604 478 634 flamines
498 608 608 633 sunto.
655 602 747 632 Inter
769 602 906 640 Pontifi-

174 658 224 678 ces
246 651 356 678 autem
382 648 533 687 princeps
557 646 633 682 fuit,
654 644 810 684 Pontifex
832 645 907 675 Μα-

173 693 293 722 oez'mus.
318 690 435 729 reliqui
452 690 706 728 distinguuntur
720 690 754 719 in
767 689 906 728 majores

174 740 210 765 et
234 736 387 764 minores.
434 733 575 769 Maiores
605 733 777 769 patricios,
801 733 908 762 mino·

174 788 238 815 res,
256 787 395 816 quorum
414 777 540 806 mentio
558 775 637 805 Har.
654 776 692 806 R.
710 777 739 807 6.
763 775 906 815 plebeios

171 821 292 852 statuit
326 820 465 850 Guther.
488 819 561 850 Jur.
585 819 707 849 Pontis.
731 820 752 850 i.
781 823 828 853 17.
854 821 906 850 2⁶2.

175 864 289 894 Livius
306 871 423 893 contra
445 864 524 893 xxii.
543 866 593 896 57.
624 864 745 893 scribas
770 863 907 893 Pontifi-

181 917 258 937 cum
285 908 351 937 suis
378 907 584 947 temporibus
602 905 776 946 Pontifices
803 907 908 936 mino-

176 961 227 981 res
258 951 364 980 dictos
395 952 455 987 ait,
487 960 585 989 quem
616 951 708 988 sequi
739 950 908 980 debemus.

179 1048 229 1068 res
242 1038 281 1067 de
293 1038 497 1078 pontg'sicz'bus
510 1037 691 1067 minoribus
704 1037 826 1067 refellit
841 1037 909 1066 No-

177 1082 234 1111 ris.
252 1081 294 1111 ad
318 1080 502 1120 Cenotaph.
522 1081 586 1110 Pis.
610 1081 695 1110 Diss.
713 1081 734 1110 i.
750 1091 778 1111 c.
795 1083 824 1111 5.
855 1081 910 1110 ubi

177 1129 292 1155 *totum
310 1124 477 1154 Ciceronis
494 1125 652 1165 (Harusp.
664 1125 703 1154 R.
718 1126 761 1162 6.)
782 1124 821 1153 de
836 1123 909 1153 Col-

179 1167 267 1207 legio
296 1168 430 1199 Pontiff.
456 1168 566 1198 locum
593 1167 759 1198 difficilem
789 1167 911 1208 planis-

178 1212 262 1241 sime
278 1212 433 1252 explicat.
477 1211 635 1242 Dukerus
655 1216 768 1241 autem
793 1211 834 1241 ad
855 1211 912 1240 Li-

176 1256 269 1285 vium
281 1255 302 1285 l.
313 1265 341 1285 c.
351 1255 561 1285 consentiens
573 1255 705 1285 Norisio
716 1255 750 1284 in
764 1265 814 1292 ρο,
825 1254 911 1293 quod

178 1297 353 1338 Pontfiees
368 1299 510 1328 minores
526 1302 623 1338 putat
636 1307 701 1328 non
714 1299 911 1338 pertinuisse

175 1342 218 1372 ad
243 1342 429 1382 Collegium
447 1341 660 1382 Pontificum,
679 1342 765 1380 quod
782 1342 911 1383 proprie

177 1386 313 1421 dicitur,
337 1385 454 1422 credit,
470 1385 550 1415 olim
575 1395 680 1416 uuum
703 1390 838 1415 tantum
861 1389 912 1415 ta-

179 1429 246 1459 lem
272 1431 412 1459 scribam
438 1429 553 1466 fuisse,
577 1429 673 1459 nixus
700 1429 771 1459 loco
795 1428 911 1458 eodem

178 1473 277 1510 Livii,
308 1477 383 1513 post
412 1478 548 1502 auctum
589 1482 779 1502 numerum.
838 1472 911 1502 Van

179 1517 289 1547 Dalen
305 1523 417 1546 autem
432 1516 528 1555 plane
545 1516 766 1555 repudiandus
779 1520 842 1552 est,
856 1516 910 1554 qui

178 1561 322 1591 Dissert.
340 1561 379 1589 ad
397 1560 517 1589 Marm.
531 1564 598 1588 ant.
611 1569 686 1599 pag.
703 1563 772 1593 19⁸.
800 1560 912 1590 Ponti-

175 1604 273 1642 ficem
294 1604 456 1633 minorem
482 1606 576 1642 putat
594 1603 720 1641 Regem
743 1613 911 1634 sacrorum

179 1647 298 1677 fuisse:
334 1656 411 1676 cum
435 1643 478 1676 et*
495 1656 546 1686 ap.
573 1646 767 1676 Ciceronem
793 1647 813 1676 1.
834 1658 862 1677 c.
878 1651 912 1676 vt

179 1691 327 1720 Macrob.
354 1690 521 1719 saturnal.
547 1690 569 1719 i.
596 1693 644 1720 15.
677 1689 763 1720 clare
796 1690 913 1720 distin—

176 1739 336 1774 guantur.

224 1778 330 1816 Papa.
354 1786 470 1817 caupo.
497 1776 568 1806 Mil.
585 1778 637 1807 94.
660 1776 717 1806 ubi
733 1787 762 1806 v.
778 1776 912 1806 Abram.

224 1820 411 1860 popularis,
428 1821 483 1859 qui
507 1826 558 1849 est
581 1830 621 1849 ex
644 1820 758 1849 eodem
778 1820 913 1860 populo,

183 1863 319 1903 δημότης.
349 1863 430 1902 Leg.
456 1864 478 1894 i.
494 1865 545 1894 (23.
578 1873 645 1893 non
664 1865 832 1903 popularis
854 1864 913 1894 ali-

180 1909 275 1947 cujus
293 1907 423 1937 definiti
439 1907 514 1943 loci,
530 1907 586 1936 sed
602 1907 679 1937 civis
697 1908 799 1937 totius
816 1917 915 1937 mun-

183 1951 226 1981 di.
261 1951 331 1981 Att.
358 1961 388 1980 x.
420 1954 446 1980 1.
485 1951 598 1987 Solon,
626 1952 794 1990 popularis
823 1955 913 1980 tuus.

180 1998 233 2025 *a
260 1994 382 2034 populo
410 1995 567 2030 tributus,
593 2001 697 2024 ortus.
733 1995 834 2024 Dom.
865 1998 913 2025 18.

180 2038 287 2070 honor
305 2039 483 2078 popularis.
516 2036 599 2067 Phil.
617 2037 659 2067 xi.
675 2041 706 2071 7.
736 2038 914 2078 imperium

177 2083 338 2123 populare
353 2091 485 2121 semper
501 2084 673 2110 ventosum
692 2088 754 2111 est.
782 2082 862 2120 Leg.
880 2082 914 2111 ii.

183 2129 216 2156 4.
247 2124 299 2155 lex
316 2126 496 2164 popularis.
527 2123 679 2164 *populo
702 2126 858 2162 usitatus,
875 2125 916 2155 ad

183 2169 253 2207 ejus
270 2173 407 2208 captum
423 2168 705 2198 accommodatus.
732 2168 796 2198 Off.
813 2169 846 2198 ii.
868 2171 916 2199 10.

179 2213 395 2252 popularibus
409 2212 516 2242 verbis
537 2212 703 2251 agendum
722 2216 755 2242 et
766 2213 907 2242 usitatis.

184 2257 278 2286 Orat.
296 2255 329 2285 ii.
347 2258 398 2286 38.
425 2257 592 2295 popularis
615 2256 755 2285 trutina.
788 2255 917 2295 *polm-

186 2301 268 2330 laris
289 2308 386 2338 porro
408 2304 458 2328 est
482 2299 583 2335 idem,
608 2299 664 2337 qui
692 2298 807 2335 civilis,
831 2300 916 2330 bono

186 2352 297 2379 sensu,
322 2342 455 2372 (licitur.
474 2342 544 2372 Fin.
564 2353 593 2372 V.
610 2344 663 2372 ⁶23.
693 2342 793 2372 homo
816 2342 917 2373 habet

186 2387 342 2416 innatum
375 2386 531 2424 quiddam
562 2385 656 2415 civile
685 2391 719 2415 et
744 2388 916 2426 populare,

185 2429 271 2468 quod
295 2428 400 2458 Graeci
424 2429 580 2459 amm-ma„
602 2434 735 2458 vocant.
763 2430 917 2460 *studio—

185 2482 240 2501 sus
270 2472 396 2511 populi,
427 2474 563 2511 ejusque
594 2473 735 2511 gratiam
767 2477 916 2513 captans,

185 2516 287 2545 etiam
306 2525 380 2545 cum
401 2516 602 2545 detrimento
627 2517 765 2555 reipubl.
781 2522 816 2546 et
839 2527 917 2547 con-

183 2563 239 2588 tra
254 2559 474 2595 honestatem,
492 2559 531 2588 sle
548 2570 612 2598 quo
629 2565 677 2589 est
698 2559 789 2589 locus
807 2561 916 2591 classi-

186 2612 243 2631 cus
260 2602 349 2631 Sext.
366 2605 417 2633 45.
447 2612 545 2641 quem
562 2604 685 2632 tirones
703 2603 827 2641 legant.
852 2605 915 2634 Off.

186 2645 208 2675 i.
227 2646 278 2675 ⁶25.
306 2644 359 2674 alii
371 2648 558 2685 populares,
576 2646 629 2676 alii
648 2646 785 2676 studiosi
798 2648 917 2687 optimi

186 2689 345 2726 cujusque
377 2690 435 2718 ἃς.
495 2689 559 2718 Sed
597 2689 708 2729 paullo
746 2690 916 2721 honestius

183 2731 262 2770 Agr.
281 2732 313 2761 ii.
331 2735 360 2761 3.
372 2734 401 2761 4.
416 2735 607 2771 popularem.
621 2733 800 2763 Consulem
814 2745 848 2763 se
865 2734 917 2764 fu-

184 2779 298 2805 turum
325 2774 509 2813 pollicetur.
541 2786 660 2816 nempe
684 2787 771 2814 vere,
789 2787 856 2807 non
879 2779 918 2807 fi-

186 2825 239 2847 cte
255 2824 285 2847 vt
306 2818 683 2858 sanat-iterpopulmsen,
697 2827 735 2850 ut
751 2828 801 2851 est
817 2821 916 2852 Dom.

185 2864 235 2897 99.
271 2865 283 2879 ³*
299 2864 374 2892 nim.-
394 2863 475 2892 ratio
495 2865 673 2903 ,¹0cy.·1<:.;7·.⁷s,
692 2864 733 2895 ad
755 2864 833 2896 Div.
848 2865 869 2896 i.
885 2867 918 2898 2.

672 83 814 111 INDEX
847 82 980 110 LATls
989 76 1141 109 furris.

943 170 1032 199 Sext.
1058 172 1109 199 523.
1141 167 1268 198 Domit.
1293 171 1345 198 33.
1378 167 1475 199 Petit.
1500 168 1598 200 Cons.
1626 171 1676 200 Π.

943 213 982 243 ‹le
1014 213 1162 252 partibus
1189 213 1414 250 popularium,
1447 222 1526 250 quas
1556 213 1675 251 aliquis

944 256 1115 296 amplexus
1140 258 1202 291 cst,
1225 264 1250 283 s.
1278 255 1389 285 studio
1421 255 1535 293 gratiae
1562 255 1676 296 populi

944 299 1129 339 captandae.
1167 298 1316 338 *populo
1340 302 1466 337 gratus,
1490 299 1677 338 probabilis.

945 344 978 372 in
998 342 1108 372 Caecil.
1125 345 1156 372 3.
1187 351 1306 372 nomen
1324 342 1511 372 censorium
1528 341 1600 381 jam
1619 352 1677 382 po-

940 387 1066 426 Jmlare'
1075 390 1107 415 et
1122 385 1294 425 plausibile
1317 387 1444 415 sactum
1464 390 1526 414 est.
1557 384 1628 414 Att.
1645 396 1677 415 x.

946 431 977 459 4.
1002 428 1089 467 quod
1102 432 1233 468 putaret
1247 430 1435 470 popularem
1450 438 1520 458 esse
1532 428 1678 458 clemen·-

947 473 1042 501 tiam.
1067 471 1145 510 Agr.
1162 472 1194 501 ii.
1210 476 1241 502 4.
1266 472 1344 511 quid
1360 478 1409 502 est
1425 477 1495 501 tam
1506 473 1680 511 populare,

949 525 1046 553 quam
1072 515 1156 554 pax?
1181 514 1361 553 *illustris,
1380 521 1589 554 pervagatuS,
1605 525 1680 555 spe-

949 558 1067 587 ciosus.
1092 557 1169 596 Agr.
1188 558 1220 588 ii.
1243 563 1269 589 1.
1290 560 1458 599 popularis
1474 558 1545 588 laus
1562 563 1596 588 et
1611 558 1680 589 lux.

949 601 1049 630 Acad.
1066 602 1108 630 iv,
1128 603 1157 631 52.
1192 612 1332 639 quorum
1357 603 1397 632 ad
1414 601 1557 632 illustres
1572 605 1606 631 et
1623 612 1680 642 po-

943 647 1079 684 pulares
1109 644 1221 674 laudes
1245 645 1302 675 has
1325 647 1426 675 etiam
1452 646 1562 675 minus
1586 652 1682 675 notas

949 688 1172 726 adiungimus.
1202 688 1280 718 ibid.
1297 688 1400 727 gloria
1411 690 1586 728 popularis.
1620 689 1682 718 Pe-

948 733 1003 761 tit.
1034 732 1132 761 (lons,
1167 734 1214 762 13.
1260 739 1333 762 tota
1362 732 1491 771 petitio,
1522 742 1613 770 cura,
1644 739 1684 762 ut

949 785 1079 814 pompae
1098 774 1196 814 plena
1210 776 1266 812 sit,
1282 782 1320 805 ut
1344 775 1493 812 illustris,
1510 780 1549 805 ut
1571 775 1682 816 splen-

950 818 1038 855 dida,
1062 823 1100 848 ut
1118 821 1298 858 populari&
1330 818 1401 848 *ad
1425 818 1586 858 populum
1610 828 1684 849 mo-

950 862 1106 899 vendum,
1136 863 1359 899 incitandum,
1389 869 1497 901 aptus.
1536 862 1629 892 verr.
1658 862 1683 891 i.

952 908 1003 936 58.
1034 906 1114 944 quid
1130 906 1266 935 tandem
1282 906 1403 935 eratin
1426 905 1482 935 illo
1505 915 1608 945 puero
1625 915 1684 945 po-

945 950 1094 987 pulare?
1136 950 1215 988 quid
1244 949 1465 979 invidiosum?
1506 949 1584 979 ibid.
1615 958 1682 979 non

178 994 243 1024 Sed
258 993 424 1032 Gutherii,
443 994 592 1023 Pauvinii
616 997 649 1023 et
665 994 804 1033 Ruperti
821 1003 909 1022 erro·-
923 990 933 1000 ²

951 992 1039 1021 illius
1071 997 1163 1029 aetaS,
1194 993 1251 1022 scd
1282 1003 1398 1023 causa:
1436 1002 1500 1022 non
1531 993 1684 1029 vestitus,
1715 1012 1724 1020 .

952 1036 1008 1065 sed
1035 1036 1171 1065 fortuna
1195 1038 1364 1076 popularis
1390 1035 1573 1066 videbatur.
1602 1035 1682 1066 ibid.

953 1089 1060 1118 neque
1076 1083 1173 1109 erant
1189 1079 1238 1109 hae
1255 1079 1407 1119 lacrymae
1425 1081 1599 1119 populares
1614 1089 1684 1109 ma-

952 1123 1014 1162 gis,
1038 1133 1136 1161 quam
1162 1128 1282 1153 nostrae
1307 1124 1366 1152 διε.
1396 1122 1482 1152 *On
1497 1123 1531 1152 ii.
1549 1126 1600 1154 83.
1626 1133 1684 1163 po-

947 1168 1079 1206 pularis
1110 1166 1234 1206 lapsus,
1259 1169 1292 1196 et
1319 1166 1419 1197 Tusc.
1442 1176 1471 1196 v.
1495 1168 1548 1197 36.
1579 1175 1685 1206 popu-

954 1211 1034 1240 laris
1043 1210 1192 1247 offensio,
1200 1210 1239 1240 de
1253 1210 1305 1246 iis,
1315 1211 1371 1249 qui
1387 1211 1421 1239 in
1435 1220 1469 1240 re
1479 1209 1602 1248 aliqua,
1611 1220 1686 1240 ora-

953 1254 1058 1290 tione,
1074 1254 1204 1283 actione
1221 1253 1382 1293 populum
1394 1253 1685 1284 offenderunt.0r.

952 1299 1006 1331 44.
1031 1297 1136 1327 oratio
1146 1298 1332 1337 popularis:
1356 1297 1388 1327 h.
1405 1306 1434 1327 e.
1455 1296 1496 1327 ad
1511 1296 1686 1337 populum.

952 1341 992 1381 Ω.
1006 1341 1056 1371 Fr.
1069 1342 1091 1371 i.
1105 1344 1131 1370 l.
1150 1351 1178 1371 c.
1196 1344 1224 1371 8.
1237 1342 1406 1380 popularis
1414 1350 1563 1370 accessus
1573 1350 1611 1370 ac
1627 1341 1689 1370 tri-

953 1384 1067 1414 buual.
1095 1384 1326 1423 ²“Exquisitius
1350 1394 1387 1414 ac
1409 1383 1522 1414 durius
1537 1383 1621 1414 illud
1636 1386 1689 1414 est

954 1428 1442 1468 Sext.30.p0pularissacerdos,
1449 1427 1488 1458 cle
1497 1426 1690 1467 Clodio‚per

954 1472 1092 1502 ironiam
1100 1472 1167 1510 ‚qui
1177 1472 1210 1501 in
1218 1472 1399 1501 sacrarium
1407 1471 1507 1500 Bonae
1515 1471 1596 1501 Deae
1604 1471 1690 1501 irru-

954 1520 1062 1555 perat,
1076 1516 1130 1545 ubi
1144 1525 1201 1554 pro
1215 1514 1336 1555 populo
1344 1515 1439 1545 Rom.
1449 1524 1542 1544 sacra
1551 1514 1688 1545 fiebant.

998 1559 1223 1598 Popularicer,
1242 1568 1331 1588 more
1347 1557 1474 1598 populi,
1490 1563 1528 1587 ut
1545 1557 1687 1598 populus

954 1602 1141 1641 intelligere
1158 1602 1271 1642 possit.
1294 1602 1375 1640 Leg.
1388 1602 1409 1631 i.
1426 1602 1456 1632 6.
1483 1602 1689 1641 populariter

954 1645 1055 1684 loqui.
1089 1646 1160 1675 Fin.
1183 1656 1212 1675 v.
1236 1648 1266 1675 4.
1296 1646 1504 1685 populariter
1534 1645 1688 1675 scribere.

955 1689 1152 1726 *seditiose,
1169 1688 1338 1718 invidiose.
1367 1688 1495 1718 Verrin.
1513 1688 1534 1718 i.
1552 1691 1605 1719 58.
1633 1698 1688 1718 me

949 1735 1154 1773 populoric‘er
1183 1742 1285 1771 agere
1311 1732 1370 1761 δερ.
1409 1732 1475 1762 Off.
1505 1732 1539 1761 ii.
1572 1734 1624 1763 21.
1653 1732 1690 1762 in

956 1776 1084 1815 agendo
1117 1775 1223 1805 multa
1253 1776 1470 1815 populariter,
1500 1779 1575 1806 tum
1606 1774 1691 1805 illud.

956 1819 1054 1849 male.
1080 1830 1108 1849 v.
1119 1820 1296 1859 popularis.

1000 1863 1158 1903 Populus.
1183 1863 1277 1893 Verr.
1296 1863 1316 1892 i.
1332 1865 1385 1893 42.
1409 1869 1447 1893 ut
1463 1863 1602 1901 quaestio
1618 1862 1690 1901 ejus

956 1906 997 1936 ad
1018 1909 1174 1947 populum
1191 1907 1368 1945 pertineat.
1394 1905 1475 1945 Leg.
1491 1906 1539 1936 iii.
1559 1907 1608 1937 16.
1632 1906 1690 1945 ju-

957 1950 1081 1980 dicium
1106 1951 1229 1990 populz'.
1253 1950 1323 1979 haec
1346 1949 1511 1988 quomodo
1530 1949 1691 1989 capienda

956 1995 1037 2030 sint,
1054 2004 1083 2024 v.
1107 1995 1142 2024 in
1166 1993 1238 2023 Ind.
1263 1992 1367 2033 Legg.
1391 1993 1480 2033 Lege
1503 1992 1691 2024 Tabellaria

959 2038 1080 2067 Cassia.

1001 2080 1136 2111 Porcus.
1174 2080 1255 2119 Leg.
1285 2080 1319 2110 ii.
1350 2083 1413 2112 22..
1440 2091 1539 2120 porco
1565 2079 1692 2110 femina

957 2124 1127 2165 piaculum
1144 2124 1224 2164 pati.
1241 2133 1270 2153 v-
1285 2124 1398 2155 Davis.
1415 2125 1456 2155 ad
1471 2124 1504 2155 h.
1520 2125 1542 2156 1.
1560 2128 1595 2170 et
1609 2133 1692 2163 quos

957 2169 1003 2202 ibi
1018 2167 1142 2198 laudat.

1002 2209 1188 2242 Porreccus.
1204 2210 1275 2241 Att.
1291 2222 1320 2242 v.
1338 2210 1386 2242 18.
1399 2212 1522 2251 nequid
1530 2213 1619 2243 inter
1628 2222 1694 2243 cae-

958 2268 994 2288 sa
1005 2260 1039 2297 et
1047 2259 1199 2295 porrecta
1211 2259 1250 2284 ut
1263 2256 1370 2292 aiunt,
1379 2256 1487 2286 oneris
1499 2256 1581 2286 mihi
1592 2256 1693 2286 adda-

957 2308 1015 2332 tur
1024 2303 1082 2330 aut
1093 2298 1262 2338 temporis.
1289 2300 1423 2338 Proprie
1435 2304 1486 2329 est
1496 2304 1630 2339 tempus
1642 2300 1693 2330 in-

957 2345 1137 2383 terjectum
1148 2343 1235 2372 iuter
1243 2343 1386 2372 victimae
1397 2344 1648 2381 mactationem,
1657 2348 1694 2374 et

959 2392 1110 2418 extorum
1120 2387 1154 2415 in
1164 2395 1253 2415 aram
1265 2387 1596 2426 impositionem‚quo
1603 2392 1693 2417 tem-

959 2442 1036 2472 pore
1050 2430 1110 2460 fari
1122 2429 1212 2460 licet.
1244 2430 1331 2460 Exta
1342 2434 1505 2469 porrecta,
1517 2434 1599 2460 sunt
1615 2433 1693 2461 exta

960 2477 1037 2506 data
1053 2475 1138 2510 Deo,
1154 2478 1193 2503 ut
1207 2473 1254 2503 ait
1269 2473 1363 2503 Ovid.
1382 2474 1468 2503 Fast.
1485 2474 1506 2503 i.
1523 2476 1574 2504 51.
1600 2472 1695 2504 Inter

960 2529 1046 2549 caesa
1055 2521 1089 2547 et
1098 2520 1250 2556 porrecta
1263 2519 1388 2553 autem,
1399 2526 1456 2556 per
1467 2516 1693 2556 proverbium,

961 2563 1053 2592 nobis
1070 2560 1194 2599 aliquid
1215 2560 1337 2590 dicitur
1359 2559 1520 2597 accidere,
1537 2569 1614 2590 cum
1637 2570 1694 2590 ac-

961 2606 1041 2635 cidit
1072 2605 1152 2634 dum
1183 2604 1255 2634 aliis
1278 2603 1374 2633 rebus
1404 2603 1528 2633 intenti
1561 2613 1691 2641 sumus,

961 2653 1019 2679 aut
1035 2648 1205 2685 absumus,
1223 2656 1329 2686 neque
1354 2646 1447 2676 nobis
1463 2647 1503 2677 ab
1519 2655 1560 2677 eo
1575 2657 1691 2688 possu-

961 2702 1034 2722 mus
1051 2700 1177 2721 cavere.

1004 2735 1119 2766 Pom-0.
1151 2733 1222 2764 Fin.
1239 2744 1268 2764 v,
1284 2734 1335 2764 26.
1367 2743 1406 2763 ea
1429 2743 1487 2764 nos
1508 2732 1597 2763 mala
1610 2732 1694 2763 dici-

962 2789 1048 2816 mus,
1063 2778 1120 2808 sed
1136 2778 1266 2816 exigua,
1283 2782 1315 2807 et
1326 2786 1426 2816 porro
1442 2777 1598 2807 minima.¹
1619 2777 1693 2815 qui-

961 2823 1036 2852 dam
1074 2822 1358 2860 interpretantur:
1404 2830 1497 2861 sane,
1530 2819 1692 2863 profecto.

963 2865 1045 2906 Ego,
1061 2869 1160 2904 atque
1176 2864 1270 2896 aden.
