1800 3131
147 137 227 180 192

142 240 261 271 tarcho
277 239 319 272 ad
343 241 377 272 h.
388 240 410 272 l.
427 241 636 272 demonstrat
652 242 741 274 Petr.
758 243 870 274 Faber.

144 283 220 314 add.
238 284 322 315 Plin.
340 286 448 315 xxxiv.
468 289 516 316 14.
533 293 568 316 et
584 286 627 316 ibi
645 287 870 325 Harduinum,

143 327 227 358 adde
258 334 293 359 et
322 329 466 359 duritiei.
491 329 627 359 Homer.
651 330 712 360 Od.
743 334 770 361 1.
798 334 871 365 393.

145 369 236 401 Hinc
254 372 383 413 explico
399 373 509 403 locum
526 373 643 411 virgil.
658 374 734 403 AEn.
747 374 802 403 xii.
819 378 871 407 91.

141 413 162 432 *
176 415 280 455 Aqua*
309 417 397 446 inter
436 416 618 457 voluptatis
657 417 872 456 mollitiaeque

143 467 267 497 genera
284 468 604 498 commemorantur,
629 471 658 489 v.
676 472 704 490 c.
721 461 801 491 Coel.
819 464 871 491 20.

144 508 180 532 et
192 502 430 543 intelliguntur
445 504 545 535 Baiae.
579 503 646 533 *de
663 514 696 534 re
712 504 872 534 Venerca.

146 545 226 577 Coel.
248 549 296 577 14.
313 547 353 577 de
371 547 505 578 Clodia:
539 557 642 586 egone
666 551 786 587 aquam
815 547 872 576 ad-

144 588 238 627 duxi,
254 596 293 620 ut
310 600 349 620 ea
365 595 403 620 tu
429 592 555 621 inceste
577 592 734 621 uterere?
762 590 832 620 Att.
851 591 872 620 i.

147 633 197 663 16.
214 633 254 663 de
276 634 411 664 eadem:
437 634 614 674 Arpinates
631 644 735 673 aquus
750 644 872 663 concu-

143 677 238 716 pivit.
249 687 347 715 quem
361 677 470 707 locum
482 682 597 707 tamen
609 677 648 706 de
662 677 785 716 praedio
796 677 872 707 Bai-

143 730 207 750 ano
231 721 330 751 Marii
355 731 373 750 a
396 721 443 751 M.
466 722 582 751 Crasso
606 721 755 759 appetito
780 721 872 759 iuge-

143 764 234 794 niose
244 763 603 804 explicat'l'unstallus.
616 764 720 803 Epist.
733 764 774 794 ad
785 764 871 794 Mid-

143 807 316 838 dlctonum
344 818 374 847 p.
392 809 444 838 32⁷.
476 807 517 837 cf.
535 806 624 847 Lips.
646 808 737 838 Lect.
754 809 832 838 Ant.
849 809 871 838 i.

147 853 198 882 12.
250 851 351 880 trin.
374 850 408 880 ii.
435 852 486 881 2⁶2.
516 851 739 881 fundamenta
763 861 870 882 causa?

141 897 316 933 tamquam
339 894 374 923 in
390 904 477 934 aqna
504 895 628 935 ponitis
647 906 655 932 3
691 895 730 924 de
754 895 871 924 funda-

143 938 266 968 mentis
284 937 419 967 lubricis
444 944 478 967 et
501 939 654 968 infirmis.
699 938 790 978 *Ω-ιι.
820 939 871 969 Fr.

141 982 175 1011 ii.
193 985 222 1012 8.
241 981 274 1010 in
290 981 350 1011 hac
364 991 463 1012 causa
478 982 561 1011 mihi
573 992 661 1022 aqua
677 981 792 1012 liaeret.
808 992 871 1011 un-

142 1024 182 1054 de
200 1025 302 1055 ducta
318 1025 361 1055 sit
385 1025 456 1055 haec
473 1025 629 1064 loquendi
645 1025 743 1062 ratio,
760 1036 789 1056 v.
818 1036 870 1065 ap.

141 1068 279 1099 Salmas.
303 1069 338 1101 in
355 1069 456 1098 Solin.
473 1079 505 1108 p.
522 1072 596 1103 717.
620 1069 737 1108 *aqua
764 1074 799 1099 et
822 1070 871 1108 ig-

141 1112 176 1142 ni
192 1112 401 1142 interdicere.
425 1113 445 1143 i.
462 1122 491 1142 e.
518 1113 553 1143 in
575 1112 713 1143 exilium
740 1113 870 1152 ejicere.

143 1155 186 1186 ad
201 1156 278 1186 Div.
294 1157 338 1186 xi.
359 1160 385 1187 1.

184 1200 362 1239 Aquarius,
381 1201 436 1240 qui
454 1211 555 1240 aquas
577 1200 726 1240 publicas
754 1201 788 1230 in
815 1211 870 1230 ur-

140 1244 216 1273 bem
233 1243 381 1281 deducit,
397 1250 532 1274 curator
555 1245 809 1284 aqua‘ductuum
836 1249 871 1274 et

141 1298 308 1327 aquarum
353 1287 574 1328 publicarum.
611 1288 690 1318 Coel.
730 1289 797 1319 viii.
839 1289 869 1319 6.

141 1331 183 1361 ad
199 1342 297 1370 quem
314 1331 425 1362 locum
451 1342 479 1361 v.
498 1332 631 1362 Manut.
662 1331 805 1362 Poleuus
829 1332 871 1362 ad

141 1374 339 1406 Frontinum
364 1375 403 1405 de
434 1377 616 1415 aquoeduct.
639 1386 670 1415 p.
691 1377 745 1406 4‘2.
773 1382 872 1416 putat

141 1429 211 1449 esse
227 1429 335 1450 servos
351 1429 479 1456 omnes,
501 1419 542 1449 ad
572 1429 653 1458 quos
679 1419 872 1459 pertinebat

140 1463 266 1502 aliquid
281 1473 378 1502 agere
392 1463 425 1492 in
440 1473 606 1503 aquarum
619 1463 787 1493 ductibus.
811 1463 870 1493 Ni-

140 1507 167 1536 si
183 1516 260 1536 vero
277 1507 387 1537 obstat
403 1507 492 1547 apud
515 1507 714 1537 Frontinum
731 1507 870 1537 verbum

141 1549 342 1588 adjudicare.
361 1551 424 1580 Sed
437 1550 470 1580 id
482 1551 605 1581 ironice
616 1551 706 1590 capit
716 1550 870 1580 Polenus.

139 1594 159 1612 ‘¹‘
173 1594 286 1624 Vatin.
304 1597 333 1625 5.
352 1595 521 1634 provincia
535 1596 691 1634 aquaria,
708 1599 758 1624 est
780 1595 870 1624 Osti-

141 1638 242 1676 ensis,
259 1648 333 1677 quae
350 1648 426 1668 cum
443 1638 617 1677 obtigisset
632 1639 788 1676 quaestori
806 1637 871 1668 Va-

139 1681 239 1719 tinio,
257 1687 434 1721 propterea
457 1681 706 1711 acclamabatur
724 1691 744 1711 a
766 1692 871 1722 popu-

140 1724 186 1761 10,
203 1725 292 1764 quod
312 1725 503 1756 libidinibus
521 1730 593 1756 erat
615 1725 761 1763 infamis,
778 1735 871 1766 aquae

140 1773 254 1798 autem
272 1769 306 1799 in
321 1769 449 1799 Venere
478 1779 569 1807 usus,
585 1774 619 1798 et
638 1779 762 1809 aquam
778 1777 870 1808 gere-

141 1822 176 1842 re
193 1817 281 1842 esset
297 1813 442 1843 ministri
462 1812 635 1849 lenonum,
653 1818 690 1842 ut
708 1813 756 1842 ait
771 1813 871 1843 Lam-

140 1855 269 1896 pridius
296 1857 331 1886 in
359 1856 555 1894 Commodo,
573 1867 601 1886 c.
619 1858 649 1886 ΕΞ.
681 1856 869 1895 cujusmodi

141 1899 242 1933 homo
258 1901 447 1940 aquariolus
469 1900 604 1930 dicitur.
631 1900 697 1930 vid.
726 1900 868 1931 Casaub.

140 1943 183 1973 ad
198 1943 369 1984 Lamprid.
387 1943 408 1974 l.
426 1955 454 1974 e.
470 1949 505 1974 et
521 1942 611 1984 Lips.

183 1987 386 2027 Aquilensus.
415 1987 584 2018 humidus.
609 1987 652 2018 N.
683 1987 726 2018 D.
760 1987 793 2017 ii.
820 1990 869 2022 19.

139 2033 308 2071 aquilenta
333 2032 429 2070 regio·
439 2036 474 2061 et
490 2031 655 2062 australis.

184 2075 325 2115 Aquula.
352 2075 409 2106 Or.
442 2076 477 2105 ii.
517 2078 569 2110 39.
600 2073 730 2105 seclusa
760 2073 871 2113 aliqua

140 2121 277 2158 cumula,
291 2119 414 2149 dicitur
430 2129 494 2157 ars,
508 2129 527 2149 a
543 2122 732 2149 ceterarum
744 2119 869 2148 artium

140 2159 219 2193 orbe
236 2162 374 2193 divulsa.

183 2207 266 2237 Ara.
278 2207 485 2246 perfugium,
504 2206 643 2247 asylum.
659 2206 741 2236 Nat.
758 2205 800 2236 D.
822 2205 869 2235 iii.

143 2253 193 2280 10.
223 2255 397 2289 tamquam
430 2252 464 2280 in
495 2260 594 2281 aram
621 2249 802 2287 confugitis
829 2248 872 2278 ad

140 2293 263 2324 Deum.
286 2294 380 2324 verr.
407 2304 436 2323 v.
467 2297 523 2326 48.
547 2304 610 2325 ara
630 2294 796 2324 sociorum
820 2297 872 2322 est

139 2337 191 2367 lex
218 2338 257 2367 de
284 2338 489 2378 repetundis.
520 2337 618 2368 *aroe
646 2343 680 2367 ct
701 2336 766 2367 foci
793 2346 870 2366 cum

136 2382 340 2420 junguntur,
359 2392 435 2411 cave
453 2386 562 2422 putes,
575 2390 647 2411 aras
664 2381 704 2410 de
719 2378 870 2419 templis,

139 2424 230 2454 focos
260 2425 299 2454 de
331 2425 455 2455 aedibus
483 2425 618 2465 privatis
646 2424 804 2463 intelligi,
832 2429 870 2453 ut

139 2468 285 2507 vulgaris
311 2469 423 2509 opinio
439 2469 516 2506 fert,
539 2469 574 2498 in
596 2467 653 2498 illo
678 2467 869 2508 proverbio:

139 2522 199 2552 pro
211 2513 274 2542 aris
284 2517 317 2542 et
329 2513 409 2542 focis
421 2519 571 2552 pugnare
585 2524 591 2542 z
609 2522 709 2551 quem
725 2521 870 2541 errorem

140 2557 243 2585 etiam
260 2557 382 2586 erravit
398 2556 447 2586 Cl.
464 2556 623 2586 Dukerus
648 2555 690 2586 ad
713 2555 798 2585 Flor.
824 2555 871 2584 iii.

143 2601 193 2630 13.
211 2609 288 2629 cum
311 2610 388 2629 eum
404 2599 495 2630 locus
512 2600 567 2629 ille
592 2599 708 2629 docere
731 2598 872 2628 meliora

139 2643 318 2683 potuisset,
335 2653 434 2681 quem
451 2644 576 2674 frustra
590 2647 713 2674 tentat.
753 2642 817 2672 Sed
833 2652 871 2672 u-

138 2693 297 2725 trumque
315 2686 438 2717 dicitur
453 2687 492 2716 de
515 2687 653 2727 privatis
680 2686 819 2723 aedibus,
836 2686 871 2715 in

140 2730 259 2768 quibus
277 2740 341 2760 (ινα
356 2735 428 2760 erat
443 2731 592 2761 Deorum
611 2730 801 2767 Penatium,
813 2740 871 2770 pa-

139 2774 348 2811 t1·iorum‚in
374 2773 534 2813 impluvio
565 2776 607 2815 (v.
634 2772 871 2814 Impluvium),

138 2818 233 2847 focus
264 2821 377 2847 autem
409 2817 442 2847 in
477 2819 575 2855 atrio,
605 2818 698 2856 isque
733 2817 877 2848 Larium'

139 2862 222 2891 erat.
246 2861 346 2892 Doni.
370 2864 423 2891 40.
440 2860 704 2900 uniuscujusque
721 2868 870 2891 vestrum

139 2904 246 2942 sedes,
262 2914 353 2942 aras,
371 2904 460 2934 socos
479 2905 539 2934 &c.
557 2904 636 2934 ibid.
653 2908 706 2935 41.
725 2910 809 2935 extr.
831 2905 871 2935 de

124 2947 254 2979 doato}
279 2947 334 2979 hic
352 2957 431 2987 arce,
450 2948 504 2979 hic
520 2948 599 2987 foci,
618 2947 671 2978 hic
695 2948 745 2979 dii
770 2958 872 2990 pena-

667 139 813 182 mmsx
842 151 1138 184 LATINITATIS.

915 248 976 275 tes.
1000 246 1113 276 Deiot.
1132 248 1162 276 3.
1185 249 1220 276 te
1238 245 1384 276 amicum
1414 250 1448 276 et
1475 244 1648 287 placatu'in'

915 289 1064 319 Deiotari
1102 299 1171 319 arce
1196 289 1326 328 focique
1359 289 1526 322 viderunt.
1559 291 1645 323 Phil.

916 333 982 362 viii.
1020 336 1050 362 3.
1089 332 1383 373 templa-penates,
1418 344 1507 371 aras,
1543 335 1645 365 focos.

915 376 994 406 Nat.
1011 377 1054 406 D.
1078 377 1123 407 iii.
1147 376 1207 406 ult.
1224 377 1491 415 distinguuntur,
1514 387 1582 408 arae
1597 378 1647 409 fo-

916 419 1024 457 cique,
1051 420 1179 459 templa
1199 425 1233 450 et
1261 420 1399 450 delubra
1422 421 1558 451 deorum
1584 421 1645 452 &c-

916 462 957 491 οἱ.
970 464 1059 493 Sext.
1076 466 1130 494 42.
1147 463 1220 495 init.
1244 464 1386 504 Philipp.
1405 464 1438 494 ii.
1455 467 1508 494 30.
1536 464 1645 495 Liberi

917 506 977 535 Cn.
1006 505 1151 546 Pompeii
1177 508 1373 547 repetebant
1396 508 1484 538 Deos
1506 507 1644 548 patrios,

914 558 1005 586 aras,
1025 549 1127 587 focos,
1144 549 1246 580 larem
1263 561 1361 581 suum
1378 551 1592 588 familiarem,
1609 551 1644 581 in

915 602 987 630 quae
1012 598 1051 622 tu
1075 593 1252 624 invaseras.
1284 605 1314 625 v.
1341 595 1492 625 Penates.
1532 595 1645 626 Lares.

915 635 1004 665 Hinc
1042 636 1167 666 Plinius
1205 638 1326 677 paneg.
1361 640 1413 670 68.
1451 638 1645 669 domesticae

913 681 981 709 αἶγα)
997 679 1139 718 focique.
1185 680 1277 710 Vidit
1298 682 1370 719 jani
1387 682 1499 720 aliqua
1515 692 1554 711 cx
1569 692 1645 722 par-

913 728 960 760 te,
977 723 1035 752 sed
1057 723 1242 760 obscurius,
1259 734 1366 764 neque
1391 726 1554 755 rationem
1573 725 1646 755 red-

914 766 1012 803 didit,
1037 776 1096 796 cur
1122 767 1168 796 sic
1193 766 1295 797 locuti
1323 768 1404 805 siut,
1437 768 1569 798 Curtius
1604 766 1650 799 ad

914 810 1048 840 Sallust.
1067 810 1166 840 Catil.
1184 813 1234 841 5‘2.
1253 814 1282 841 3.
1328 811 1491 848 Breviter,
1509 813 1544 842 at
1570 823 1645 852 pcr-

913 854 1025 893 spicue
1042 854 1126 884 dixit
1142 854 1266 884 Meurs.
1284 854 1422 892 Auctar.
1439 855 1555 885 Philol.
1567 866 1596 886 c.
1615 859 1646 886 8.

913 898 953 927 de
970 903 1190 928 monumento
1202 897 1406 938 sepulcr‘i'est
1416 897 1501 928 Phil.
1513 899 1577 928 xiv,
1594 901 1644 930 13.

912 951 942 971 v.
960 946 1030 970 not.
1055 941 1179 971 >*Sidus
1197 941 1374 980 quoddam.
1391 941 1470 975 Nat.
1486 942 1529 972 D.
1543 942 1576 971 ii.
1591 944 1646 973 44.

955 986 1065 1015 Arare
1095 984 1267 1022 dicuntur,
1299 986 1354 1024 qui
1382 995 1476 1023 agros
1503 985 1643 1024 habent,

911 1028 1033 1067 quibus
1049 1027 1194 1058 colendis
1211 1029 1316 1058 vitam
1339 1030 1509 1059 sustinent
1524 1032 1559 1059 et
1573 1039 1645 1060 rem

913 1077 1082 1111 quaerunt.
1100 1072 1193 1102 Verr.
1211 1073 1256 1102 iii.
1274 1075 1302 1103 5.
1320 1072 1380 1102 ἂρ’.
1615 1107 1619 1111 1

944 1116 1076 1146 Αναιον.
1095 1115 1150 1154 qui
1163 1115 1352 1146 araxen.
1368 1116 1390 1146 i.
1407 1119 1460 1150 37.
1477 1116 1510 1146 ii.
1531 1119 1579 1147 13.
1592 1111 1645 1147 64'.

912 1159 958 1189 iii.
970 1162 1022 1190 ⁶20.
1039 1160 1097 1189 ἅς.
1125 1157 1212 1189 Sunt
1227 1165 1339 1189 autem
1353 1165 1497 1189 aratores
1514 1169 1580 1189 non
1596 1170 1648 1190 so-

911 1203 980 1232 lum
999 1202 1231 1244 provinciales,
1253 1202 1311 1232 sed
1325 1204 1428 1233 etiam
1444 1203 1531 1233 cives
1547 1203 1651 1234 Ιὶοιῃ.ν

912 1247 968 1286 qui
979 1250 1073 1286 agros
1083 1245 1232 1287 publicos
1243 1245 1372 1283 colunt,
1381 1251 1416 1276 et
1424 1256 1484 1287 pro
1496 1247 1536 1277 iis
1546 1247 1646 1277 decu-

913 1300 982 1320 mas
1006 1290 1153 1327 solvunt,
1170 1294 1206 1319 ut
1223 1300 1240 1319 e
1265 1289 1411 1320 verrinis
1428 1290 1514 1320 clare
1540 1295 1646 1330 patet.

910 1334 1003 1364 Verr.
1022 1335 1068 1364 iii.
1087 1336 1138 1365 20.
1155 1337 1301 1364 aratores
1317 1333 1470 1374 diripere.
1496 1334 1575 1364 ibid.
1592 1336 1647 1368 27.

912 1378 1036 1408 summi
1053 1382 1215 1415 aratores,
1240 1377 1297 1416 qui
1322 1387 1458 1417 magnas
1483 1379 1646 1408 arationes

915 1421 1052 1452 habent.
1563 1455 1568 1458 ,

955 1465 1127 1496 Arationes
1142 1465 1302 1495 dicuntur
1319 1465 1401 1504 agri,
1412 1465 1492 1504 quos
1506 1465 1651 1504 quisque'

911 1514 999 1539 arat.
1024 1510 1116 1540 Verr.
1144 1509 1190 1538 iii.
1218 1511 1269 1539 53.
1306 1508 1445 1539 desertae
1471 1511 1645 1540 arationes.

912 1553 996 1582 Phil.
1014 1553 1047 1583 ii.
1075 1556 1125 1588 39.
1142 1553 1305 1583 arationes
1322 1553 1439 1591 grandi
1455 1553 1579 1583 foenore
1606 1556 1643 1583 et

910 1596 1104 1627 smetuosae.

954 1641 1088 1671 Arbiter
1100 1643 1164 1677 est,
1181 1640 1213 1669 in
1231 1649 1331 1669 sensu
1347 1638 1484 1676 forensi,
1511 1640 1567 1678 qui
1584 1640 1649 1670 aut'

912 1683 1046 1714 honoris
1063 1693 1163 1713 causa
1188 1683 1339 1722 diligitur
1363 1683 1403 1712 ab
1420 1683 1483 1719 his,
1495 1684 1554 1722 qui
1567 1692 1652 1714 con-⁴

911 1728 1109 1757 troversiam
1137 1727 1274 1763 habent,
1300 1731 1359 1756 aut
1383 1736 1402 1756 a
1417 1731 1560 1766 praetore
1586 1727 1648 1757 da.-v

911 1776 981 1809 tur,
999 1776 1038 1801 ut
1055 1781 1121 1800 non
1134 1770 1526 1810 quemadmodumjudex
1542 1780 1560 1800 e
1576 1780 1648 1800 cer-

911 1819 949 1845 ta
974 1814 1130 1851 formula,
1148 1824 1220 1853 quae
1244 1814 1395 1851 definiat,
1411 1813 1490 1853 quid
1515 1818 1550 1844 et
1566 1814 1647 1853 q'uo-
1679 1853 1683 1855 .

913 1859 1011 1889 modo
1027 1859 1070 1888 sit
1081 1857 1317 1897 judicandum,
1335 1868 1354 1887 a
1370 1867 1436 1896 qua
1452 1857 1481 1887 ei
1499 1857 1648 1888 discede-

912 1913 947 1932 re
965 1912 1031 1932 non
1050 1902 1141 1939 licet,
1158 1902 1215 1932 sed
1232 1911 1271 1931 ex
1289 1901 1353 1930 fide
1369 1901 1468 1938 b'ona,
1494 1911 1534 1930 ex
1551 1902 1654 1940 aequo²
1682 1934 1686 1937 ,

913 1951 947 1975 et
963 1947 1062 1982 bono,
1081 1945 1341 1975 controversiam
1359 1944 1505 1975 dirimat.
1523 1944 1588 1974 vid.
1605 1945 1646 1975 de

913 1990 1105 2020 discrimine
1136 1990 1257 2020 α”νὸὶίνὲ
1284 1994 1318 2018 et
1340 1987 1484 2027 judices,
1517 1989 1653 2019 arbitrii

913 2033 1091 2072 ctjudicii,
1109 2043 1157 2072 pr.
1177 2033 1272 2062 Rosc.
1302 2032 1396 2062 Com.
1412 2035 1444 2063 4.
1465 2034 1494 2062 5.
1518 2028 1581 2062 Off.
1599 2032 1647 2063 iii.

918 2078 966 2108 16.
989 2077 1073 2116 Top.
1087 2080 1135 2106 lo.
1152 2078 1316 2106 arbitrum
1335 2075 1469 2115 adigere
1486 2075 1645 2114 aliquem.

913 2121 934 2151 i.
951 2131 980 2151 e.
1005 2130 1116 2159 agere,
1135 2130 1252 2159 cogere
1270 2119 1313 2150 ad
1329 2121 1504 2149 arbitrum.
1521 2119 1646 2150 Caecin.

914 2168 945 2198 7.
983 2165 1105 2194 arbiter
1130 2163 1266 2193 familiae
1299 2163 1538 2199 herciscundae,
1566 2162 1588 2193 i.
1613 2173 1644 2194 e.

913 2208 973 2246 rei,
990 2207 1187 2238 hereditatis
1205 2207 1293 2237 inter
1308 2206 1484 2236 coheredes
1497 2206 1646 2236 dividen-

914 2252 974 2282 dae.
1010 2250 1099 2281 Hinc
1112 2251 1339 2290 metaphorice
1355 2249 1528 2289 eleganter
1543 2249 1647 2290 Chry-

913 2296 1026 2335 sippus
1038 2295 1108 2325 Fat.
1130 2298 1178 2328 17.
1195 2295 1319 2325 arbiter
1334 2293 1534 2323 honorarius
1555 2293 1655 2324 inter·

914 2339 995 2369 duas
1012 2343 1119 2369 sectas
1136 2338 1270 2368 dicitur.
1327 2337 1346 2356 ²*
1359 2337 1423 2367 Sed
1449 2342 1500 2366 est
1530 2342 1647 2367 tamen

914 2382 1085 2421 interdum
1099 2392 1159 2422 pro
1176 2381 1304 2422 judice,
1323 2385 1363 2411 ut
1379 2381 1561 2411 arbitrium
1585 2390 1646 2420 pro

907 2426 1048 2467 judicio.
1094 2425 1182 2455 N'am
1209 2425 1305 2456 Rosc.
1332 2426 1407 2454 Am.
1439 2427 1492 2458 39.
1521 2425 1655 2454 ανόἱίεν’

914 2470 1038 2508 dicitur
1055 2469 1160 2508 judex
1189 2468 1352 2505 mandati,
1377 2468 1456 2507 quia
1480 2467 1583 2497 etiam
1610 2468 1653 2498 in·

907 2513 1036 2553 judicio
1052 2512 1201 2543 mandati
1217 2512 1353 2542 additur
1368 2524 1377 2550 ;
1402 2521 1441 2541 ex
1466 2510 1530 2540 fide
1548 2511 1645 2542 bona.

913 2557 1048 2587 *testis
1078 2556 1185 2586 Flacc.
1213 2556 1266 2586 36.
1294 2556 1368 2594 quis
1394 2560 1444 2584 est
1468 2553 1655 2585 decisionis*

913 2602 1067 2632 arbiter?
1091 2600 1147 2639 qui
1171 2599 1338 2636 interfuit,
1364 2607 1504 2637 eamque
1519 2598 1645 2629 factam

913 2655 996 2681 esse,
1011 2649 1046 2674 et
1061 2643 1226 2682 quomodo
1241 2642 1332 2672 facta
1348 2643 1405 2679 sit,
1430 2642 1547 2671 testari
1571 2647 1656 2681 pot-‘

914 2689 993 2719 est?
1026 2688 1104 2718 hinc
1133 2687 1226 2717 Verr.
1243 2696 1272 2715 v.
1291 2689 1344 2716 31.
1370 2686 1410 2716 ab
1435 2686 1570 2716 arbitris
1595 2695 1648 2715 re-

914 2738 1026 2762 motus
1043 2731 1146 2761 locus.
1167 2731 1209 2761 cf.
1226 2729 1359 2760 Curtius
1376 2729 1418 2760 ad
1432 2727 1568 2760 Sallust.
1584 2728 1648 2759 Ca-

912 2775 964 2806 til.
983 2778 1034 2807 20.
1057 2778 1084 2805 l.
1116 2781 1124 2786 ⁵

956 2820 1161 2850 Arhitratus.
1186 2815 1250 2857 Qu.
1277 2817 1328 2847 Fr.
1353 2817 1387 2846 ii.
1411 2819 1443 2847 4.
1480 2817 1655 2847 arbitratur

913 2870 974 2893 suo
990 2863 1136 2901 aliquem
1153 2861 1326 2891 concidere
1343 2873 1349 2890 :
1374 2870 1435 2900 pro
1449 2859 1571 2890 lubitu.

957 2907 1144 2938 Arbitrium
1171 2909 1223 2935 est
1241 2905 1407 2944 judicium
1434 2914 1473 2933 ex
1498 2913 1592 2942 aequo
1613 2906 1655 2933 et*
1693 2905 1695 2907 '

913 2951 1013 2991 bono,
1038 2960 1078 2980 ex
1094 2949 1182 2980 bona
1198 2948 1274 2980 fide.
1302 2948 1366 2979 vid.
1383 2948 1526 2979 Arbiter.
1549 2947 1648 2979 Ruso.
