1804 3178
613 120 759 150 mmlx
790 121 1089 155 1,A·r·1>niumm->

91 205 189 240 Com.
199 208 405 248 4.judicium
415 213 465 241 eet
477 209 629 250 pecuniae
641 215 754 246 cerne,
764 221 821 240 ar-

89 253 223 283 bier-inm
249 253 397 284 inccrtae.
410 253 484 284 vid.
495 252 605 283 locum
615 254 735 293 ipsum.
749 253 819 283 haec

87 296 229 326 arbitr-10
243 296 403 328 dicuntur
412 296 601 333 honoraria,
623 296 719 327 Rosc.
733 297 770 326 C.
788 301 818 326 8.

87 340 168 378 quia
181 340 314 370 arbitrie
335 341 468 371 honoris
485 349 584 370 causa
599 339 748 370 defertur
763 351 818 369 ar-

89 382 235 414 bitrium.
279 383 343 414 Sed
368 391 418 414 est
446 388 559 413 tamen
583 384 685 413 etiarn
714 384 818 413 inter-

88 424 169 456 dum
187 436 246 467 pro
268 426 405 467 Judicio.
429 426 516 456 Nam
544 426 662 466 Quint.
679 430 709 457 3.
729 428 816 456 urbi-

87 470 192 500 !rium
204 480 264 510 pro
277 471 379 506 socio,
396 475 447 500 est
456 470 622 508 judicium
634 471 814 500 societatis.

89 511 237 543 Vocatur
267 519 380 544 autem
412 518 589 553 propterea
624 515 813 550 arbitrium,

88 556 167 594 quia
181 555 290 587 simile
316 562 368 587 est
393 558 533 587 arbitrii.
576 557 664 587 Nam
693 563 815 597 praetor

89 600 124 629 in
141 598 298 637 formula,
309 601 344 630 in
361 611 461 640 quam
478 601 645 640 judiciuin
660 600 730 638 dat,
758 601 814 631 ad-

87 642 159 672 dit:
183 652 224 673 ex
250 643 315 673 fide
344 643 441 673 bona.
496 644 666 674 judicium
698 651 812 675 autem

86 695 171 722 esse,
186 696 227 716 ex
242 697 282 717 eo
297 693 403 727 patet,
427 687 514 726 quod
532 688 657 718 Praetor
684 694 811 718 certam

85 729 266 760 formulam
280 730 351 768 dat,
367 731 456 770 quod
474 732 506 761 in
522 732 667 761 arbitriis
680 740 746 761 non
763 732 812 762 fit.

86 775 106 794 ‘⁶
128 773 303 804 arbitrium
337 775 383 804 rei
422 775 558 811 uxoriae,
587 774 651 804 Off.
681 774 727 804 iii.
762 777 810 804 15.

83 815 169 856 Top.
187 819 236 851 17.
258 824 307 848 est
325 817 364 847 de
382 817 471 854 dote,
485 824 559 858 post
574 817 766 855 divortium,
783 828 812 848 v.

85 859 155 890 dies
171 870 296 897 annua,
318 861 421 897 bima,
444 862 556 891 trima.
601 861 619 879 ⁴
636 861 735 891 Dom.
759 865 812 895 37.

84 903 195 934 Pison.
211 908 243 938 9.
259 905 401 935 arbitria
416 905 554 935 funeris.
600 905 652 934 Sic
666 904 737 944 lege
750 906 812 935 eti-

85 956 139 977 am
155 947 232 977 Seu.
248 955 323 988 post
335 947 417 978 Red.
433 951 463 981 7.
481 957 546 977 non
567 949 757 979 arbitraria.
781 959 811 979 v.

84 989 188 1021 Gron.
203 990 246 1020 ad
261 991 333 1023 Liv.
346 991 389 1021 xi.
405 996 436 1025 9.
450 993 506 1030 qui
522 992 618 1021 docet
635 993 811 1022 arbitrium

83 1043 155 1064 esse
169 1034 361 1074 pecuniam,
379 1044 478 1074 quam
505 1035 598 1071 socii,
615 1035 647 1066 h.
673 1046 702 1065 e.
730 1036 811 1076 pub-

86 1075 186 1107 licani
203 1077 338 1108 solvunt
353 1088 414 1118 pro
431 1078 624 1108 redimendo
639 1081 716 1117 jure
743 1089 811 1109 ino-

84 1119 223 1161 nopohi,
235 1121 323 1160 quod
338 1128 476 1152 vocant:
495 1122 535 1151 ad
543 1132 641 1161 quem
660 1122 690 1152 h.
703 1122 722 1152 l.
737 1132 812 1162 pro-

82 1169 180 1194 vocat
195 1163 357 1195 Graevius.
401 1165 466 1195 Sed
482 1166 647 1204 quomodo
663 1165 705 1195 ad
726 1166 812 1196 arbi-

80 1207 148 1238 tria
161 1207 288 1238 funeris
305 1208 376 1238 haec
394 1209 594 1247 significatio
606 1209 812 1239 transferen-

81 1249 126 1281 da
138 1251 197 1289 sit,
212 1261 278 1282 non
290 1251 449 1283 ostendit.
509 1252 745 1283 Hotomannus
761 1253 811 1282 in-

78 1300 292 1335 terpretatur
305 1296 482 1336 pecuniam
502 1296 737 1335 vespillonibus
754 1296 810 1326 da-

78 1341 165 1375 tam,
183 1337 322 1378 aliisque
337 1339 439 1369 funus
450 1339 659 1377 juvantibus.
714 1340 809 1370 Arbi-

79 1383 149 1412 tria
167 1387 249 1412 sunt
273 1392 389 1412 omnes
421 1383 579 1422 impensae
607 1392 680 1421 quae
705 1382 738 1412 in
759 1383 810 1413 su-

80 1434 144 1455 nus
161 1425 260 1455 fiunt.
284 1424 338 1456 lta
353 1426 442 1465 cepit
455 1426 556 1456 etiam
572 1425 753 1457 Gutherius
769 1427 808 1456 de

76 1467 152 1500 Jur.
176 1468 273 1499 Pont.
285 1469 319 1499 ii.
334 1474 365 1504 9.
390 1468 479 1499 Hinc
488 1469 647 1499 dicuntur
663 1470 712 1499 his
728 1469 809 1500 locis

77 1511 120 1541 de
134 1511 259 1552 praeda,
275 1522 376 1551 quam
392 1522 508 1552 cepere
531 1522 571 1542 ex
589 1513 757 1543 Ciceronis
774 1520 809 1544 et

80 1555 200 1596 patrioe
217 1555 369 1585 interitu.

120 1599 226 1629 Arbor
246 1598 374 1630 infelix.
398 1598 436 1629 C.
457 1599 566 1629 Rabir.
582 1602 613 1630 4.
641 1604 692 1630 est
716 1610 807 1632 crux.

76 1640 122 1672 cf.
144 1641 217 1673 Liv.
241 1643 263 1672 i.
289 1643 342 1674 26.
388 1643 547 1673 Ceterum
574 1653 647 1682 quae
676 1644 808 1675 arbores

76 1684 225 1716 infelices
239 1695 262 1716 a
275 1685 372 1716 Rom.
389 1685 488 1716 dictae
503 1687 585 1725 sint,
601 1687 698 1716 docet
715 1687 807 1719 locus

79 1734 182 1760 notus
197 1739 250 1770 ap.
266 1729 415 1760 Macrob.
432 1730 479 1759 iii.
497 1732 549 1760 20.

119 1773 219 1804 Arca.
241 1773 307 1814 Ωιι.
329 1773 381 1803 Fr.
398 1773 432 1803 ii.
456 1775 502 1804 152.
519 1783 605 1803 (ιω-σα*
621 1778 742 1804 nostrae
770 1775 806 1804 fi-

77 1815 188 1847 ducia.
205 1817 227 1847 i.
253 1826 283 1847 e.
308 1817 472 1856 pecunie.
505 1816 609 1847 ἰΜίΙ.
640 1819 692 1848 522.
716 1818 806 1848 Servi

78 1858 114 1889 in
131 1870 228 1891 areas
241 1860 482 1899 conjiciuntur,
509 1870 551 1890 ne
569 1861 641 1900 quis
653 1871 740 1900 *cum
767 1862 806 1892 iis

76 1902 220 1943 colloqui
236 1904 352 1944 possit.

116 1946 252 1985 Arcere,
263 1947 450 1985 continere,
467 1950 619 1978 co'e'rcere
637 1959 643 1977 :
669 1946 750 1978 Har.
767 1948 806 1979 R.

73 1992 106 2021 3.
129 1991 242 2021 arcen'
257 1991 318 2021 otii
336 1991 468 2021 finibus.
490 1990 592 2022 Tusc.
609 1990 643 2021 ii.
666 1992 719 2022 21.
735 1993 808 2021 vin-

72 2032 134 2064 elis
149 2043 252 2074 prope
277 2039 313 2064 et
334 2034 494 2064 custodiis
520 2043 701 2065 arceamus.
725 2034 805 2066 Nat.

75 2076 120 2108 D.
138 2077 172 2108 ii.
190 2080 242 2108 54.
259 2076 352 2109 alvus
367 2082 468 2115 arcet,
484 2077 573 2117 quod
588 2078 718 2117 recipit.

114 2120 502 2152 ArcessicrimineNerr.
513 2121 547 2151 ii.
565 2121 618 2152 46.
634 2121 696 2152 int.
709 2121 742 2151 in
749 2121 805 2161 ju-

71 2162 209 2195 dicium.

114 2207 307 2239 Arcessitus.
329 2208 410 2240 Nat.
427 2208 471 2239 D.
483 2208 505 2238 i.
521 2208 552 2238 6.
565 2207 668 2248 ipsius
684 2212 804 2248 rogatu

71 2253 304 2292 arcessituque.

114 2294 336 2327 Architecture
361 2294 562 2336 voluptatem
592 2294 664 2324 Fin.
692 2294 727 2324 ii.
754 2295 802 2326 16.

73 2339 277 2378 excogitare.
437 2365 439 2367 .

113 2381 331 2420 Architectus,
354 2385 484 2420 auctor,
502 2382 666 2411 inventor.
692 2380 763 2412 Fin.
781 2382 803 2412 i.

72 2427 124 2456 10.
138 2427 333 2457 architectus
357 2426 464 2457 beatae
490 2426 568 2456 vitae
584 2424 708 2455 dicitur
724 2424 803 2465 Epi-

73 2478 186 2500 curus.
202 2469 246 2500 cf.
261 2468 359 2500 Rosc.
375 2470 414 2500 Α.
429 2472 483 2501 45.

111 2513 222 2543 Arete.
245 2513 323 2544 Div.
337 2513 360 2543 i.
377 2515 429 2545 28.
441 2516 531 2543 arcte
547 2511 702 2542 dormire.

111 2556 252 2587 Arctim.
268 2555 370 2588 dubia
383 2566 458 2587 vox.
481 2556 553 2586 Att.
568 2555 623 2585 xii.
637 2558 692 2586 44.

112 2599 252 2630 Arcaea.
274 2598 346 2630 Att.
362 2600 397 2630 ii.
418 2603 445 2630 1.
462 2608 556 2630 meus
569 2598 652 2629 liber
665 2599 802 2629 arculas

70 2641 313 2683 discipulorum
329 2642 486 2674 Isocratis
504 2643 702 2673 consumsit.
718 2641 751 2672 h.
769 2652 798 2672 e.

68 2685 104 2716 iu
131 2695 172 2716 eo
193 2686 310 2717 omnia
330 2690 532 2718 ornamenta
551 2686 702 2716 adhibita
719 2690 800 2716 sunt

68 2737 111 2760 ex
123 2730 298 2770 praeceptis
314 2729 569 2761 Isocrateorum.
594 2731 727 2760 arculas
743 2738 798 2757 vo·

67 2776 124 2803 cat
143 2771 324 2815 μνςοθηκία,
349 2772 496 2807 ληκύθους
527 2773 586 2803 &c-
621 2772 684 2803 Off.
708 2772 741 2801 ii.
766 2774 796 2805 7.

67 2819 122 2846 est
137 2815 177 2846 de
192 2816 327 2854 scrinio,
343 2826 409 2856 quo
419 2821 526 2848 vestes
540 2815 719 2847 muliebres
733 2824 800 2844 ser-

69 2863 204 2890 vantur.
235 2856 239 2859 “

109 2902 250 2943 Ardent.
272 2903 364 2935 Sext.
381 2906 434 2936 54.
456 2902 576 2935 ardens
597 2902 802 2939 tribunatus,

1507 117 1584 156 193

864 211 884 240 i.
902 221 930 241 e.
960 212 1148 244 seditiosum
1174 214 1245 246 Ant.
1271 215 1333 245 xiv.
1363 218 1409 245 10.
1431 217 1580 247 arch-nm

861 255 893 283 in
912 264 988 284 cnm
1007 255 1118 286 literas
1143 258 1243 288 misit.
1271 259 1291 288 i.
1308 269 1337 287 c.
1353 257 1577 296 vehemente-i,

861 297 1045 328 iracundas.
1071 299 1139 329 sin.
1158 301 1202 330 iii.
1229 304 1277 331 11.
1298 301 1437 330 avaritia
1451 302 1577 331 orclem.

903 341 1012 370 Ardor
1027 342 1110 372 cti-li.
1128 338 1224 373 Catil.
1242 345 1287 374 iii.
1305 349 1335 373 8.
1352 344 1434 374 visa-³
1461 344 1500 372 ab
1524 355 1578 373 uc-

860 383 992 414 cidente
1009 385 1095 415 faces
1114 386 1326 425 ardoremque
1342 386 1425 415 coeli.
1442 385 1520 416 Nat.
1538 387 1578 416 1).

859 427 892 456 ii.
922 430 969 458 15.
995 434 1097 464 astra,
1122 438 1194 467 quae
1232 431 1382 458 oriantur
1407 430 1439 459 in
1464 430 1579 459 ardore

858 470 997 509 cwlesti,
1013 473 1068 511 qui
1085 472 1191 502 aether
1207 472 1256 502 vel
1285 472 1404 502 cu=lum
1431 473 1580 502 nomina-

856 518 922 543 tur.
949 515 1181 546 ‘incendium
1211 515 1389 545 Planta-10.
1413 515 1578 545 stimulus.

857 557 936 587 (αἸ.
954 561 1005 588 31.
1030 560 1129 588 ardnr
1142 559 1264 589 mentis
1282 558 1321 588 ad
1339 557 1488 597 gloriam.
1505 559 1521 575 ‘
1537 558 1576 588 de

854 601 1096 633 vehementiori
1112 612 1224 640 sensu,
1242 608 1280 632 ut
1296 601 1426 632 doloris.
1442 601 1512 647 Att.
1525 602 1579 631 xii.

860 646 907 674 13.

898 688 985 718 Area
1013 688 1189 727 scelerum,
1213 694 1263 719 est
1287 688 1322 718 in
1349 687 1424 718 edd.
1448 688 1582 727 quibus·

858 729 933 760 dam
950 732 1021 762 Att.
1039 733 1081 762 ix.
1105 736 1152 763 18.

898 775 1099 813 Argentaria
1123 782 1173 805 est
1202 785 1306 814 genus
1333 774 1472 814 negotii,
1493 773 1581 814 quod

857 818 890 847 in
918 818 1110 855 vendendis,
1139 818 1171 848 h.
1196 831 1223 849 e.
1247 817 1475 858 permutandis
1501 827 1580 848 cum

855 861 1052 901 compendio
1074 863 1184 892 numis
1214 868 1386 892 versatur:
1419 860 1506 900 quod
1523 860 1579 900 qui

855 910 1027 943 exercent,
1045 907 1274 944 argentariam
1290 905 1397 935 facere
1410 905 1580 935 (licuntur.

855 948 947 978 Verr.
965 958 994 976 v.
1018 952 1068 983 59.
1096 950 1261 980 caecin.4.
1290 953 1328 979 ut
1345 949 1508 988 sagariam
1532 947 1581 977 sa-

855 1001 929 1021 cere
945 998 995 1022 est
1018 992 1105 1031 sagis
1128 991 1308 1023 vendendis
1334 1001 1402 1021 rem
1421 1001 1582 1030 qua-rere.

853 1034 902 1065 Ab
915 1045 954 1065 ea
970 1035 1048 1065 dicti
1067 1037 1265 1074 argentarii,
1289 1044 1431 1074 quorum
1447 1044 1513 1064 non
1530 1044 1580 1064 se-

854 1078 919 1108 mel
929 1078 1016 1118 apud
1029 1079 1222 1109 Ciceronem
1236 1079 1376 1115 mentio,
1387 1078 1486 1109 iidem
1503 1087 1579 1108 cum

855 1123 1038 1158 niens-ariis,
1056 1123 1266 1158 numulariis,
1278 1122 1462 1162 trapezitis,
1479 1121 1580 1161 colly-

853 1164 959 1194 bistis.
983 1166 1047 1195 vid.
1066 1167 1228 1205 imprimis
1251 1165 1389 1195 Salmas.
1413 1165 1453 1194 de
1481 1165 1581 1195 Usur.

855 1218 883 1236 c.
903 1211 951 1242 17.
972 1208 1135 1239 Buda’um
1151 1209 1191 1239 ad
1204 1208 1304 1239 Pand.
1317 1218 1348 1248 p.
1362 1218 1406 1238 m.
1425 1211 1494 1242 19ῖ.
1514 1207 1578 1238 Cu-

846 1252 915 1290 jac.
933 1251 1012 1281 Oba.
1031 1263 1059 1281 x.
1080 1255 1128 1282 14.
1469 1289 1472 1291 ,

895 1295 1087 1333 Argenteus.
1101 1294 1234 1326 Muren.
1246 1297 1294 1328 15).
1305 1297 1461 1334 argentea
1470 1303 1581 1324 scena.

853 1338 873 1367 i.
890 1348 918 1367 e.
935 1342 1071 1377 ungento
1095 1344 1236 1376 ornata3
1261 1344 1299 1368 ut
1315 1348 1468 1377 gemmea
1490 1338 1578 1376 vagi-

853 1390 895 1411 na
911 1391 963 1421 ap.
980 1382 1075 1412 Ovid.
1092 1382 1176 1412 Mn.
1191 1387 1240 1412 est
1254 1382 1394 1420 gemmis
1410 1381 1578 1411 distincta.

895 1426 1089 1464 Argentum.
1126 1425 1216 1456 Verr.
1248 1426 1290 1455 iv.
1320 1428 1372 1456 2¹0.
1402 1429 1579 1464 argentum

850 1467 933 1502 bone
945 1470 1086 1506 factum,
1098 1469 1118 1499 i.
1130 1479 1158 1498 e.
1174 1468 1314 1509 pulchra
1324 1477 1400 1497 vasa
1411 1472 1578 1507 argentea.

850 1511 942 1542 Verr.
959 1513 1000 1541 iv.
1016 1513 1068 1543 92.
1092 1522 1227 1552 purum,
1252 1511 1432 1551 opponitur
1447 1511 1578 1548 caelato,

852 1555 885 1584 in
903 1566 967 1594 qno
984 1555 1077 1585 nulla
1091 1560 1172 1585 suut
1194 1555 1396 1584 emblemata
1410 1564 1434 1584 s.
1459 1554 1579 1593 sigilla.

851 1598 890 1627 de
908 1609 973 1637 quo
989 1608 1109 1637 genere
1135 1598 1200 1629 vid.
1217 1598 1355 1628 Salmas.
1371 1597 1411 1627 ad
1427 1597 1528 1627 Sulin.
1547 1608 1579 1637 p.

850 1643 924 1676 736.
951 1642 1132 1672 R‹>sc.A1n.
1150 1643 1203 1672 46.
1229 1651 1260 1670 v.
1275 1640 1442 1671 caelatum.
1459 1641 1529 1671 l’in.
1548 1641 1582 1671 ii.

851 1688 881 1715 8.
919 1685 1143 1716 Corinthium.
1168 1695 1198 1715 v.
1224 1684 1296 1715 Ind.
1319 1683 1438 1723 Geogr.
1465 1683 1581 1714 Corin-

849 1728 938 1759 thus.

892 1772 1155 1811 Argumentum,
1167 1770 1386 1812 syllogismum.
1399 1768 1470 1801 Inv.
1487 1770 1508 1801 i.
1524 1772 1578 1801 34.

849 1817 1142 1854 argmneutaeionis
1168 1824 1312 1852 summa,
1329 1815 1350 1844 i.
1377 1824 1406 1844 e.
1430 1815 1577 1854 proposi-

847 1859 896 1889 tio
912 1859 1026 1897 major.
1042 1859 1106 1889 Sed
1123 1859 1238 1889 Par-tit.
1252 1861 1300 1888 13.
1317 1862 1367 1888 est
1383 1857 1574 1896 arg-umenti

848 1901 1035 1942 explicatio.
1054 1907 1088 1932 et
1102 1903 1148 1933 sic
1165 1901 1315 1942 pluribus
1330 1900 1420 1930 locis.
1447 1899 1450 1902 ’

892 1945 1145 1984 Argumentum.
1170 1944 1291 1975 sabulae
1317 1953 1434 1983 genus,
1451 1941 1491 1972 de
1507 1952 1574 1981 quo

849 1988 978 2019 Invent.
995 1990 1016 2019 i.
1037 1992 1084 2023 19.
1131 1988 1220 2018 Hinc
1240 1987 1297 2018 illa
1312 1987 1437 2027 phrasis
1463 1985 1576 2016 fabula

848 2033 918 2062 sine
951 2036 1154 2071 argumento.
1187 2031 1267 2062 Coel.
1293 2032 1347 2064 27.
1372 2030 1477 2060 literae
1503 2029 1574 2059 sine

847 2081 1053 2115 argumento.
1078 2074 1120 2105 ad
1143 2074 1214 2105 Att.
1243 2075 1266 2105 i.
1294 2077 1342 2108 19.
1366 2073 1500 2112 ‘genus
1523 2081 1575 2101 or·

848 2120 1013 2157 namenti,
1030 2120 1063 2149 in
1079 2117 1180 2148 valvis
1205 2118 1264 2147 &m
1288 2116 1374 2156 quod
1397 2115 1574 2146 exhibebat

846 2161 1012 2199 historias,
1027 2167 1067 2192 ut
1079 2163 1113 2192 in
1125 2162 1244 2191 nostris
1255 2160 1423 2199 tapetibus
1440 2159 1511 2189 ficri
1522 2168 1574 2188 so-

846 2205 904 2237 let.
927 2205 1020 2237 Verr.
1049 2206 1089 2235 iv.
1118 2205 1169 2236 56.
1207 2204 1260 2234 Sic
1288 2202 1404 2242 Virgil.
1425 2202 1502 2233 AEn.
1521 2202 1575 2232 vii.

845 2253 920 2285 791-

888 2293 1038 2330 Argutioe
1063 2291 1254 2330 digitorum.
1278 2288 1336 2319 Or.
1367 2291 1416 2320 18.
1439 2288 1574 2318 affecta-

844 2337 893 2366 tio
911 2337 944 2366 in
963 2340 1055 2365 motu
1072 2335 1250 2373 digitorum
1268 2333 1357 2363 inter
1379 2331 1573 2369 dicendum,

846 2379 997 2410 molliori.
1020 2379 1073 2408 Sic
1086 2377 1170 2408 Plin.
1183 2377 1290 2406 xxxiv.
1301 2378 1331 2406 8.
1354 2375 1499 2415 Lysippo
1513 2375 1574 2405 tri-

844 2423 917 2453 buit
939 2422 1090 2461 argutias
1105 2430 1256 2460 operum,
1285 2419 1320 2449 in
1348 2419 1495 2449 minimis
1522 2428 1573 2448 re-

844 2466 904 2497 bus
927 2465 1122 2496 custoditas.
1140 2473 1169 2493 v.
1187 2473 1215 2493 c.
1232 2464 1266 2493 in
1292 2461 1430 2503 capillis,
1457 2460 1571 2492 Paullo

843 2514 918 2550 post
933 2514 1030 2539 vocat
1046 2507 1260 2546 elegantiam,
1277 2505 1351 2536 add.
1370 2506 1404 2535 in
1419 2509 1572 2544 argutus.

885 2553 1083 2591 Argututus.
1108 2550 1148 2581 ad
1171 2550 1242 2580 Att.
1258 2549 1326 2579 xiii.
1347 2551 1395 2579 18.
1420 2549 1572 2586 “agatuli

842 2595 916 2627 libri
932 2596 1091 2626 dicuntur
1115 2592 1304 2624 Academici
1322 2592 1504 2632 Ciceronis,
1519 2600 1572 2621 ar-

842 2645 922 2679 gute
934 2638 1062 2678 scripti.

884 2683 1043 2721 Argutus.
1074 2683 1198 2719 arguta
1223 2678 1383 2709 dicuntur
1408 2677 1534 2713 omnia,
1551 2687 1569 2708 e

841 2726 959 2764 quibus
976 2725 1090 2763 arg-ui,
1108 2721 1248 2761 intelligi
1259 2721 1396 2761 aliquid,
1408 2728 1443 2752 et
1458 2719 1570 2760 colligi

839 2773 960 2808 potest.
1004 2768 1058 2798 Sic
1073 2767 1114 2797 ad
1140 2766 1210 2797 Att.
1223 2766 1265 2796 vi.
1283 2768 1314 2796 5.
1350 2765 1571 2803 argutissimoe

846 2812 961 2842 literae.
992 2811 1068 2842 Div.
1100 2810 1132 2840 ii.
1162 2811 1211 2841 19.
1240 2812 1318 2839 exta
1345 2809 1569 2847 arguti-etima,

846 2864 919 2895 quae
936 2861 1152 2895 opponuntur
1166 2852 1230 2890 his,
1247 2861 1320 2891 quae
1344 2857 1440 2882 muta
1454 2851 1571 2881 dicun-

845 2904 913 2930 tur.
942 2908 972 2929 ν.
989 2897 1102 2929 Heius.
1125 2896 1167 2928 ad
1181 2895 1298 2927 Silium
1317 2895 1338 2926 i.
1359 2897 1428 2926 138.
1454 2893 1570 2934 Legi.

875 2950 896 2972 0
